{"gold_per_floor":[111,33,33,46,46,78,78,106,152,152,169,179,179,199,199,199],"floor_reached":16,"playtime":828,"items_purged":[],"score":154,"play_id":"f14c47f4-06bb-4310-a0c1-a5f28d1c713a","local_time":"20190216083716","is_ascension_mode":true,"campfire_choices":[{"floor":7,"key":"REST"},{"floor":15,"key":"REST"}],"neow_cost":"PERCENT_DAMAGE","seed_source_timestamp":245584493288900,"circlet_count":0,"master_deck":["Defend_G","Defend_G","Defend_G+1","Defend_G","Defend_G","Strike_G","Strike_G","Strike_G","Strike_G","Survivor","Neutralize","Acrobatics+1","Tactician","Poisoned Stab","Dagger Throw","Backflip","Eviscerate","Acrobatics"],"relics":["Ring of the Snake","Tingsha","Boot","PreservedInsect","Ninja Scroll","War Paint","Sundial","Shuriken"],"potions_floor_usage":[6,6],"damage_taken":[{"damage":0,"enemies":"2 Louse","floor":1,"turns":4},{"damage":0,"enemies":"Cultist","floor":4,"turns":5},{"damage":16,"enemies":"Lagavulin","floor":6,"turns":7},{"damage":10,"enemies":"3 Sentries","floor":8,"turns":7},{"damage":0,"enemies":"Small Slimes","floor":11,"turns":2},{"damage":0,"enemies":"2 Fungi Beasts","floor":12,"turns":2},{"damage":6,"enemies":"Lots of Slimes","floor":14,"turns":3},{"damage":35,"enemies":"Slime Boss","floor":16,"turns":7}],"seed_played":"-2703249513491150768","potions_obtained":[{"floor":1,"key":"Weak Potion"},{"floor":4,"key":"SteroidPotion"},{"floor":11,"key":"Energy Potion"},{"floor":14,"key":"LiquidBronze"}],"is_trial":false,"path_per_floor":["M","$","?","M","?","E","R","E","T","?","M","M","?","M","R","B"],"character_chosen":"THE_SILENT","items_purchased":["Tactician"],"campfire_rested":2,"item_purchase_floors":[2],"current_hp_per_floor":[45,45,45,45,20,4,25,15,15,15,15,15,15,9,30,0],"gold":199,"neow_bonus":"ONE_RARE_RELIC","is_prod":false,"is_daily":false,"chose_seed":false,"campfire_upgraded":0,"win_rate":0,"timestamp":1550302636,"path_taken":["M","$","?","?","?","E","R","E","T","?","M","?","?","M","R","BOSS"],"build_version":"2019-01-23","purchased_purges":0,"victory":false,"max_hp_per_floor":[70,70,70,70,70,70,70,70,70,70,70,70,70,70,70,70],"card_choices":[{"not_picked":["Concentrate","Deflect"],"picked":"Acrobatics","floor":1},{"not_picked":["Escape Plan","Prepared"],"picked":"Poisoned Stab","floor":4},{"not_picked":["Quick Slash","Blade Dance"],"picked":"Dagger Throw","floor":6},{"not_picked":["Acrobatics","Distraction"],"picked":"Backflip","floor":8},{"not_picked":["Outmaneuver","Dagger Spray","Distraction"],"picked":"SKIP","floor":11},{"not_picked":["Backflip","Slice"],"picked":"Eviscerate","floor":12},{"not_picked":["Backflip","Setup"],"picked":"Acrobatics","floor":14}],"player_experience":436458,"relics_obtained":[{"floor":6,"key":"PreservedInsect"},{"floor":8,"key":"Ninja Scroll"},{"floor":9,"key":"War Paint"},{"floor":10,"key":"Sundial"}],"event_choices":[{"cards_removed":["Strike_G"],"damage_healed":0,"gold_gain":0,"player_choice":"Offered Basic","damage_taken":0,"max_hp_gain":0,"max_hp_loss":0,"event_name":"Bonfire Elementals","floor":3,"gold_loss":0},{"damage_healed":0,"gold_gain":0,"player_choice":"Success","damage_taken":25,"relics_obtained":["Boot"],"max_hp_gain":0,"max_hp_loss":0,"event_name":"Scrap Ooze","floor":5,"gold_loss":0},{"damage_healed":0,"gold_gain":0,"player_choice":"Relic","damage_taken":0,"max_hp_gain":0,"max_hp_loss":0,"event_name":"Wheel of Change","floor":10,"gold_loss":0},{"damage_healed":0,"gold_gain":0,"player_choice":"Gave Potion","damage_taken":0,"relics_obtained":["Shuriken"],"max_hp_gain":0,"max_hp_loss":0,"event_name":"WeMeetAgain","floor":13,"gold_loss":0}],"is_beta":false,"boss_relics":[],"items_purged_floors":[],"is_endless":false,"potions_floor_spawned":[1,4,11,14],"killed_by":"Slime Boss","ascension_level":8}