{"gold_per_floor":[109,109,11,86,99,131,147,174,174,174,174],"floor_reached":11,"playtime":250,"items_purged":["Defend_R"],"score":186,"play_id":"cc203c06-dcb1-478e-9349-44e517a4a546","local_time":"20190130133746","is_ascension_mode":true,"campfire_choices":[{"data":"Armaments","floor":10,"key":"SMITH"}],"neow_cost":"NONE","seed_source_timestamp":158480175069700,"circlet_count":0,"master_deck":["AscendersBane","Strike_R","Strike_R","Strike_R","Strike_R","Strike_R","Defend_R","Defend_R","Defend_R","Bash","Whirlwind","Twin Strike","Armaments+1","Uppercut","Pommel Strike"],"relics":["Burning Blood","NeowsBlessing","Gremlin Horn","The Courier","Bronze Scales","Toxic Egg 2"],"potions_floor_usage":[],"damage_taken":[{"damage":0,"enemies":"Jaw Worm","floor":1,"turns":1},{"damage":0,"enemies":"Small Slimes","floor":5,"turns":1},{"damage":0,"enemies":"Gremlin Nob","floor":6,"turns":1},{"damage":1,"enemies":"2 Louse","floor":7,"turns":3},{"damage":45,"enemies":"3 Sentries","floor":8,"turns":5},{"damage":37,"enemies":"Lagavulin","floor":11,"turns":6}],"seed_played":"5742398192816478584","potions_obtained":[{"floor":1,"key":"FearPotion"},{"floor":8,"key":"LiquidBronze"}],"is_trial":false,"path_per_floor":["M","?","$","?","M","E","M","E","T","R","E"],"character_chosen":"IRONCLAD","items_purchased":["Twin Strike"],"campfire_rested":0,"item_purchase_floors":[3],"current_hp_per_floor":[74,63,63,52,58,64,69,30,30,30,0],"gold":174,"neow_bonus":"THREE_ENEMY_KILL","is_prod":false,"is_daily":false,"chose_seed":false,"campfire_upgraded":1,"win_rate":0,"timestamp":1548851866,"path_taken":["M","?","$","?","M","E","M","E","T","R","E"],"build_version":"2019-01-23","purchased_purges":1,"victory":false,"max_hp_per_floor":[75,75,75,75,75,75,75,75,75,75,75],"card_choices":[{"not_picked":["Second Wind","Headbutt"],"picked":"Whirlwind","floor":1},{"not_picked":["True Grit","Havoc","Wild Strike"],"picked":"SKIP","floor":5},{"not_picked":["Havoc","Body Slam"],"picked":"Armaments","floor":6},{"not_picked":["Ghostly Armor","Blood for Blood"],"picked":"Uppercut","floor":7},{"not_picked":["Pummel","Power Through"],"picked":"Pommel Strike","floor":8}],"player_experience":278130,"relics_obtained":[{"floor":6,"key":"The Courier"},{"floor":8,"key":"Bronze Scales"},{"floor":9,"key":"Toxic Egg 2"}],"event_choices":[{"damage_healed":0,"gold_gain":0,"player_choice":"Success","damage_taken":11,"relics_obtained":["Gremlin Horn"],"max_hp_gain":0,"max_hp_loss":0,"event_name":"Scrap Ooze","floor":2,"gold_loss":0},{"damage_healed":0,"gold_gain":75,"player_choice":"Gather Gold","damage_taken":11,"max_hp_gain":0,"max_hp_loss":0,"event_name":"World of Goop","floor":4,"gold_loss":0}],"is_beta":false,"boss_relics":[],"items_purged_floors":[3],"is_endless":false,"potions_floor_spawned":[1,8],"killed_by":"Lagavulin","ascension_level":15}