{"gold_per_floor":[119,119,119,119,134,134,160,9,9,20,20,20,20,44,44,118,118,129,129,26,36,47,47,65,65,90,90,90,90,110,126,126,203,203,214,136,155,170,25,53,53,67,67,67,67,86,86,101,101,101],"floor_reached":51,"playtime":3096,"items_purged":["Strike_B","Strike_B"],"score":1139,"play_id":"e02986d1-3482-434b-9bbf-17e4a674d584","local_time":"20181114233837","is_ascension_mode":true,"campfire_choices":[{"floor":6,"key":"REST"},{"data":"Defragment","floor":11,"key":"SMITH"},{"floor":13,"key":"REST"},{"data":"Go for the Eyes","floor":15,"key":"SMITH"},{"floor":23,"key":"REST"},{"data":"Fission","floor":25,"key":"SMITH"},{"data":"Streamline","floor":27,"key":"SMITH"},{"floor":32,"key":"REST"},{"data":"Hologram","floor":41,"key":"SMITH"},{"data":"Defragment","floor":45,"key":"SMITH"},{"floor":47,"key":"REST"},{"floor":49,"key":"REST"}],"neow_cost":"TEN_PERCENT_HP_LOSS","seed_source_timestamp":209494418340635,"circlet_count":0,"master_deck":["AscendersBane","Strike_B","Defend_B","Defend_B","Defend_B","Zap+1","Dualcast+1","BootSequence+1","Go for the Eyes+1","Reboot+1","Cold Snap","Coolheaded","Defragment+1","Fission+1","Compile Driver","White Noise","Streamline+1","Cold Snap+1","Capacitor","Steam","Cold Snap","All For One","Blizzard","Conserve Battery","Gash","Glacier","Defragment+1","Scrape+1","Gash","Double Energy","Conserve Battery+1","BootSequence"],"relics":["Cracked Core","FossilizedHelix","Matryoshka","War Paint","Cables","Bag of Marbles","Art of War","Blood Vial","Sozu","Anchor","Juzu Bracelet","Orrery","Oddly Smooth Stone","Omamori"],"potions_floor_usage":[7,16,50],"damage_taken":[{"damage":0,"enemies":"2 Louse","floor":1,"turns":3},{"damage":0,"enemies":"Jaw Worm","floor":5,"turns":3},{"damage":22,"enemies":"Lagavulin","floor":7,"turns":7},{"damage":0,"enemies":"Small Slimes","floor":10,"turns":3},{"damage":9,"enemies":"Slime Boss","floor":16,"turns":10},{"damage":0,"enemies":"Shell Parasite","floor":18,"turns":8},{"damage":25,"enemies":"3 Byrds","floor":21,"turns":4},{"damage":0,"enemies":"3 Cultists","floor":22,"turns":6},{"damage":2,"enemies":"Snecko","floor":24,"turns":4},{"damage":0,"enemies":"Chosen and Byrds","floor":30,"turns":5},{"damage":9,"enemies":"Cultist and Chosen","floor":31,"turns":6},{"damage":0,"enemies":"Champ","floor":33,"turns":17},{"damage":0,"enemies":"3 Shapes","floor":35,"turns":7},{"damage":10,"enemies":"3 Darklings","floor":37,"turns":5},{"damage":12,"enemies":"Transient","floor":38,"turns":5},{"damage":2,"enemies":"Nemesis","floor":40,"turns":11},{"damage":0,"enemies":"Maw","floor":42,"turns":8},{"damage":17,"enemies":"Spire Growth","floor":46,"turns":6},{"damage":0,"enemies":"4 Shapes","floor":48,"turns":6},{"damage":14,"enemies":"Awakened One","floor":50,"turns":18}],"seed_played":"-7565534433559328681","potions_obtained":[{"floor":1,"key":"EssenceOfSteel"},{"floor":5,"key":"AttackPotion"},{"floor":7,"key":"Explosive Potion"}],"is_trial":false,"path_per_floor":["M","?","?","?","M","R","E","$","T","M","R","?","R","T","R","B",null,"M","?","$","M","M","R","M","R","T","R","?","T","M","M","R","B",null,"M","$","M","M","$","E","R","M","T","?","R","M","R","M","R","B",null],"character_chosen":"DEFECT","items_purchased":["Cold Snap","Coolheaded","White Noise","Streamline","Defragment","Gash"],"campfire_rested":6,"item_purchase_floors":[8,8,20,20,36,39],"current_hp_per_floor":[68,54,42,42,42,62,40,40,40,40,40,33,53,53,53,46,63,65,49,49,26,28,48,48,48,48,48,48,48,50,43,63,65,67,68,68,58,48,48,48,48,50,50,50,50,35,55,57,68,54],"gold":101,"neow_bonus":"ONE_RARE_RELIC","is_prod":false,"is_daily":false,"chose_seed":false,"campfire_upgraded":6,"win_rate":0,"timestamp":1542206317,"path_taken":["M","?","?","?","M","R","E","$","T","?","R","?","R","?","R","BOSS","M","?","$","M","M","R","M","R","T","R","?","?","M","M","R","BOSS","M","$","M","M","$","E","R","M","T","?","R","M","R","M","R","BOSS"],"build_version":"2018-11-08","purchased_purges":2,"victory":true,"max_hp_per_floor":[68,68,68,68,68,68,68,68,68,68,68,68,68,68,68,68,68,68,68,68,68,68,68,68,68,68,68,68,68,68,68,68,68,68,68,68,68,68,68,68,68,68,68,68,68,68,68,68,68,68],"card_choices":[{"not_picked":["Fusion","Streamline"],"picked":"BootSequence","floor":1},{"not_picked":["Aggregate","Compile Driver"],"picked":"Go for the Eyes","floor":5},{"not_picked":["Stack","Recycle"],"picked":"Reboot","floor":7},{"not_picked":["Sweeping Beam","Conserve Battery"],"picked":"Defragment","floor":10},{"not_picked":["Rainbow","Thunder Strike"],"picked":"Fission","floor":16},{"not_picked":["Hologram","Beam Cell"],"picked":"Compile Driver","floor":18},{"not_picked":["Gash","Redo"],"picked":"Cold Snap+1","floor":21},{"not_picked":["Beam Cell","Sweeping Beam","Turbo+1"],"picked":"SKIP","floor":22},{"not_picked":["Streamline","Thunder Strike"],"picked":"Capacitor","floor":24},{"not_picked":["Coolheaded","Turbo"],"picked":"Steam","floor":30},{"not_picked":["Turbo","Double Energy"],"picked":"Cold Snap","floor":31},{"not_picked":["Meteor Strike","Rainbow"],"picked":"All For One","floor":33},{"not_picked":["Cold Snap+1","Redo"],"picked":"Blizzard","floor":34},{"not_picked":["Leap","Sunder+1"],"picked":"Conserve Battery","floor":34},{"not_picked":["Chaos","Steam"],"picked":"Gash","floor":34},{"not_picked":["Rebound","Skim"],"picked":"Hologram","floor":34},{"not_picked":["Rebound+1","Sweeping Beam"],"picked":"Glacier","floor":35},{"not_picked":["Fusion+1","Static Discharge","Biased Cognition"],"picked":"SKIP","floor":37},{"not_picked":["Turbo","Streamline+1"],"picked":"Scrape+1","floor":38},{"not_picked":["Rebound","Redo+1"],"picked":"Double Energy","floor":40},{"not_picked":["Beam Cell","Coolheaded"],"picked":"Conserve Battery+1","floor":42},{"not_picked":["Buffer","Gash+1"],"picked":"BootSequence","floor":46},{"not_picked":["Stack","Beam Cell","Ball Lightning+1"],"picked":"SKIP","floor":48}],"player_experience":494175,"relics_obtained":[{"floor":7,"key":"War Paint"},{"floor":9,"key":"Cables"},{"floor":9,"key":"Bag of Marbles"},{"floor":14,"key":"Art of War"},{"floor":14,"key":"Blood Vial"},{"floor":26,"key":"Anchor"},{"floor":29,"key":"Juzu Bracelet"},{"floor":40,"key":"Oddly Smooth Stone"},{"floor":43,"key":"Omamori"}],"event_choices":[{"damage_healed":0,"gold_gain":0,"player_choice":"Entered Light","damage_taken":14,"max_hp_gain":0,"max_hp_loss":0,"event_name":"Shining Light","floor":2,"gold_loss":0,"cards_upgraded":["BootSequence","Dualcast"]},{"damage_healed":0,"gold_gain":0,"player_choice":"Success","damage_taken":12,"relics_obtained":["Matryoshka"],"max_hp_gain":0,"max_hp_loss":0,"event_name":"Scrap Ooze","floor":3,"gold_loss":0},{"cards_removed":["Strike_B"],"damage_healed":0,"gold_gain":0,"player_choice":"Card Removal","damage_taken":0,"max_hp_gain":0,"max_hp_loss":0,"event_name":"Wheel of Change","floor":4,"gold_loss":0},{"cards_removed":["Defend_B"],"damage_healed":0,"gold_gain":0,"player_choice":"Card Removal","damage_taken":7,"max_hp_gain":0,"max_hp_loss":0,"event_name":"Golden Wing","floor":12,"gold_loss":0},{"damage_healed":0,"gold_gain":0,"player_choice":"Obtained Book","damage_taken":16,"max_hp_gain":0,"max_hp_loss":0,"event_name":"Cursed Tome","floor":19,"gold_loss":0},{"damage_healed":0,"gold_gain":0,"player_choice":"Ignored","damage_taken":0,"max_hp_gain":0,"max_hp_loss":0,"event_name":"Vampires","floor":28,"gold_loss":0},{"cards_removed":["Hologram"],"damage_healed":0,"gold_gain":0,"player_choice":"Removed Skill","damage_taken":0,"max_hp_gain":0,"max_hp_loss":0,"event_name":"Falling","floor":44,"gold_loss":0}],"is_beta":false,"boss_relics":[{"not_picked":["Black Star","Snecko Eye"],"picked":"Sozu"},{"not_picked":["Philosopher\u0027s Stone","Pandora\u0027s Box"],"picked":"Orrery"}],"items_purged_floors":[8,39],"is_endless":false,"potions_floor_spawned":[1,5,7,18,31,33,35,42],"ascension_level":13}