{"gold_per_floor":[112,112,125,136,61,61,90,90,115,65,65,81,81,99,99,194,194,205,221,221,231,79,79,110,110,137,157,167,167,185,202,202,299,299,319,149,167,178,178,178,28,128,128,138,138,149,149,168,168,168],"floor_reached":50,"playtime":2708,"items_purged":["Strike_B","Defend_B","Defend_B","Defend_B"],"score":491,"play_id":"b748a16f-78f7-4b2f-bc72-db8cf088e587","local_time":"20190219021217","is_ascension_mode":false,"campfire_choices":[{"data":"Streamline","floor":6,"key":"SMITH"},{"floor":11,"key":"REST"},{"data":"Beam Cell","floor":13,"key":"SMITH"},{"data":"Steam Power","floor":15,"key":"SMITH"},{"data":"Gash","floor":23,"key":"SMITH"},{"data":"Turbo","floor":25,"key":"SMITH"},{"floor":29,"key":"REST"},{"floor":32,"key":"REST"},{"floor":40,"key":"REST"},{"data":"Gash","floor":45,"key":"SMITH"},{"floor":49,"key":"REST"}],"neow_cost":"NONE","seed_source_timestamp":404452141440878,"circlet_count":0,"master_deck":["Zap","Dualcast","Streamline+1","Beam Cell+1","Hologram","Steam Power+1","Rebound","Turbo+1","Gash+1","Go for the Eyes","Rebound","All For One","Gash+1","Go for the Eyes","All For One","Hologram","Gash+1","Streamline+1","Leap","Gash+1","Steam+1"],"relics":["Cracked Core","PreservedInsect","Art of War","Nuclear Battery","Thread and Needle","Strawberry","Philosopher\u0027s Stone","Dead Branch","Mercury Hourglass"],"potions_floor_usage":[7,16,19,21,27,28,33,33,33,35,37,42,44,50,50],"damage_taken":[{"damage":1,"enemies":"Jaw Worm","floor":1,"turns":3},{"damage":0,"enemies":"Cultist","floor":3,"turns":3},{"damage":7,"enemies":"2 Louse","floor":4,"turns":2},{"damage":17,"enemies":"3 Sentries","floor":7,"turns":6},{"damage":12,"enemies":"Exordium Thugs","floor":12,"turns":3},{"damage":2,"enemies":"Looter","floor":14,"turns":2},{"damage":33,"enemies":"The Guardian","floor":16,"turns":7},{"damage":7,"enemies":"Shell Parasite","floor":18,"turns":4},{"damage":8,"enemies":"Spheric Guardian","floor":19,"turns":4},{"damage":0,"enemies":"Snake Plant","floor":21,"turns":2},{"damage":4,"enemies":"Slavers","floor":24,"turns":3},{"damage":8,"enemies":"Centurion and Healer","floor":27,"turns":3},{"damage":13,"enemies":"Snecko","floor":28,"turns":4},{"damage":13,"enemies":"3 Cultists","floor":30,"turns":4},{"damage":3,"enemies":"Centurion and Healer","floor":31,"turns":3},{"damage":47,"enemies":"Champ","floor":33,"turns":7},{"damage":29,"enemies":"3 Darklings","floor":35,"turns":4},{"damage":1,"enemies":"Orb Walker","floor":37,"turns":2},{"damage":0,"enemies":"Spire Growth","floor":38,"turns":2},{"damage":0,"enemies":"Mind Bloom Boss Battle","floor":42,"turns":2},{"damage":6,"enemies":"4 Shapes","floor":44,"turns":2},{"damage":26,"enemies":"Sphere and 2 Shapes","floor":46,"turns":4},{"damage":6,"enemies":"Jaw Worm Horde","floor":48,"turns":3},{"damage":63,"enemies":"Time Eater","floor":50,"turns":7}],"seed_played":"5055928467335361299","potions_obtained":[{"floor":1,"key":"Swift Potion"},{"floor":4,"key":"Explosive Potion"},{"floor":7,"key":"SkillPotion"},{"floor":16,"key":"Strength Potion"},{"floor":18,"key":"SteroidPotion"},{"floor":19,"key":"EntropicBrew"},{"floor":24,"key":"AttackPotion"},{"floor":27,"key":"SteroidPotion"},{"floor":33,"key":"FearPotion"},{"floor":35,"key":"Explosive Potion"},{"floor":38,"key":"SkillPotion"},{"floor":42,"key":"SkillPotion"}],"is_trial":false,"path_per_floor":["M","?","M","M","$","R","E","?","T","?","R","M","R","M","R","B",null,"M","M","?","M","$","R","E","R","T","M","M","R","M","M","R","B",null,"M","$","M","M","?","R","$","?","T","M","R","M","$","M","R","B"],"character_chosen":"DEFECT","items_purchased":["Go for the Eyes","Gash"],"campfire_rested":5,"item_purchase_floors":[22,36],"current_hp_per_floor":[74,74,74,67,67,67,50,50,50,50,72,60,60,58,58,25,75,68,60,60,60,60,60,56,56,63,55,42,66,53,50,74,27,82,53,53,52,52,52,76,76,76,76,70,70,44,44,38,62,0],"gold":168,"neow_bonus":"REMOVE_CARD","is_prod":false,"is_daily":false,"chose_seed":false,"campfire_upgraded":6,"win_rate":0.0,"timestamp":1550509937,"path_taken":["M","?","?","M","$","R","E","?","T","?","R","M","R","?","R","BOSS","M","M","?","M","$","R","E","R","T","M","M","R","M","M","R","BOSS","M","$","M","M","?","R","$","?","T","M","R","M","$","M","R","BOSS"],"build_version":"2019-01-23","purchased_purges":4,"victory":false,"max_hp_per_floor":[75,75,75,75,75,75,75,75,75,75,75,75,75,75,75,75,75,75,75,75,75,75,75,75,75,82,82,82,82,82,82,82,82,82,82,82,82,82,82,82,82,82,82,82,82,82,82,82,82,82],"card_choices":[{"not_picked":["Defragment","Heatsinks"],"picked":"Streamline","floor":1},{"not_picked":["Aggregate","Sweeping Beam"],"picked":"Beam Cell","floor":3},{"not_picked":["Force Field","Leap"],"picked":"Hologram","floor":4},{"not_picked":["Coolheaded","Loop","Static Discharge"],"picked":"SKIP","floor":7},{"not_picked":["Gash","Genetic Algorithm"],"picked":"Steam Power","floor":12},{"not_picked":["Stack","Compile Driver"],"picked":"Rebound","floor":14},{"not_picked":["Stack","Coolheaded+1","Storm"],"picked":"SKIP","floor":18},{"not_picked":["Coolheaded","Leap"],"picked":"Turbo","floor":19},{"not_picked":["Streamline+1","Rip and Tear"],"picked":"Gash","floor":21},{"not_picked":["Genetic Algorithm","Defragment"],"picked":"Rebound","floor":24},{"not_picked":["Streamline","Beam Cell"],"picked":"All For One","floor":27},{"not_picked":["Melter+1","Barrage"],"picked":"Gash+1","floor":28},{"not_picked":["Ball Lightning","Sweeping Beam","Leap"],"picked":"SKIP","floor":30},{"not_picked":["Barrage","Turbo"],"picked":"Go for the Eyes","floor":31},{"not_picked":["Hyperbeam","Electrodynamics"],"picked":"All For One","floor":33},{"not_picked":["Undo","Conserve Battery+1"],"picked":"Hologram","floor":35},{"not_picked":["Rip and Tear+1","Hologram+1"],"picked":"Streamline+1","floor":37},{"not_picked":["Rip and Tear","Self Repair"],"picked":"Leap","floor":38},{"not_picked":["Lockon","Conserve Battery","Defragment+1"],"picked":"SKIP","floor":44},{"not_picked":["Hologram","Barrage+1"],"picked":"Steam+1","floor":46},{"not_picked":["Turbo","Static Discharge+1","Aggregate+1"],"picked":"SKIP","floor":48}],"player_experience":125194,"relics_obtained":[{"floor":7,"key":"PreservedInsect"},{"floor":9,"key":"Art of War"},{"floor":24,"key":"Thread and Needle"},{"floor":26,"key":"Strawberry"},{"floor":42,"key":"Dead Branch"},{"floor":43,"key":"Mercury Hourglass"}],"event_choices":[{"cards_removed":["Strike_B"],"damage_healed":0,"gold_gain":0,"player_choice":"Offered Basic","damage_taken":0,"max_hp_gain":0,"max_hp_loss":0,"event_name":"Bonfire Elementals","floor":2,"gold_loss":0},{"damage_healed":0,"gold_gain":0,"player_choice":"Ignored","damage_taken":0,"max_hp_gain":0,"max_hp_loss":0,"event_name":"Shining Light","floor":8,"gold_loss":0},{"cards_removed":["Strike_B"],"damage_healed":0,"gold_gain":0,"player_choice":"Card Removal","damage_taken":0,"max_hp_gain":0,"max_hp_loss":0,"event_name":"The Cleric","floor":10,"gold_loss":50},{"cards_removed":["Defend_B"],"damage_healed":0,"gold_gain":0,"player_choice":"Elegance","damage_taken":0,"max_hp_gain":0,"max_hp_loss":0,"event_name":"Back to Basics","floor":20,"gold_loss":0},{"damage_healed":0,"gold_gain":0,"player_choice":"Copied","damage_taken":0,"max_hp_gain":0,"max_hp_loss":0,"event_name":"Duplicator","floor":39,"gold_loss":0,"cards_obtained":["Gash"]},{"damage_healed":0,"gold_gain":0,"player_choice":"Fight","damage_taken":0,"max_hp_gain":0,"max_hp_loss":0,"event_name":"MindBloom","floor":42,"gold_loss":0}],"is_beta":false,"boss_relics":[{"not_picked":["Snecko Eye","Runic Pyramid"],"picked":"Nuclear Battery"},{"not_picked":["Tiny House","Coffee Dripper"],"picked":"Philosopher\u0027s Stone"}],"items_purged_floors":[5,22,36,41],"is_endless":false,"potions_floor_spawned":[1,4,7,16,18,19,24,27,33,35,38,42],"killed_by":"Time Eater","ascension_level":0}