{"gold_per_floor":[114,114,114,127,141,141,169,169,222,238,256,256,284,284,284,386,386,401,417,26,26,26,26,41,41,66,94,107,123,123,152,152,252,252,272,272],"floor_reached":36,"playtime":2083,"items_purged":[],"score":437,"play_id":"f5a91841-5c31-49c7-ad7b-57122caaa63e","local_time":"20190203153257","is_ascension_mode":false,"campfire_choices":[{"floor":6,"key":"REST"},{"data":"Flame Barrier","floor":12,"key":"SMITH"},{"floor":15,"key":"REST"},{"floor":23,"key":"REST"},{"floor":25,"key":"REST"},{"floor":32,"key":"REST"}],"neow_cost":"NONE","seed_source_timestamp":1256272312692786,"circlet_count":0,"master_deck":["Strike_R","Strike_R+1","Strike_R","Strike_R","Defend_R","Defend_R+1","Defend_R","Defend_R","Bash","Fire Breathing","Flex","Intimidate","Flame Barrier+1","Clothesline","Sever Soul","Blood for Blood","Offering","Rage","Thunderclap+1","Armaments","Ghostly","Ghostly","Ghostly","Ghostly","Ghostly","Pommel Strike","Clash","Perfected Strike","Juggernaut","Rage","Flame Barrier+1","Dark Embrace","Infernal Blade"],"relics":["Runic Cube","Happy Flower","Red Skull","Darkstone Periapt","Lizard Tail","Vajra","ClockworkSouvenir","Dream Catcher","Ornamental Fan","Shuriken","Velvet Choker"],"potions_floor_usage":[7,16,19,19,27,29,36,36],"damage_taken":[{"damage":5,"enemies":"Cultist","floor":1,"turns":4},{"damage":4,"enemies":"2 Louse","floor":4,"turns":3},{"damage":13,"enemies":"Jaw Worm","floor":5,"turns":3},{"damage":32,"enemies":"3 Sentries","floor":7,"turns":7},{"damage":2,"enemies":"Blue Slaver","floor":10,"turns":4},{"damage":10,"enemies":"3 Louse","floor":11,"turns":4},{"damage":15,"enemies":"Lagavulin","floor":13,"turns":9},{"damage":36,"enemies":"Slime Boss","floor":16,"turns":10},{"damage":30,"enemies":"Shell Parasite","floor":18,"turns":6},{"damage":16,"enemies":"Spheric Guardian","floor":19,"turns":4},{"damage":14,"enemies":"Snake Plant","floor":24,"turns":6},{"damage":12,"enemies":"Gremlin Leader","floor":27,"turns":5},{"damage":8,"enemies":"Centurion and Healer","floor":28,"turns":6},{"damage":2,"enemies":"3 Cultists","floor":29,"turns":6},{"damage":6,"enemies":"Slavers","floor":31,"turns":6},{"damage":27,"enemies":"Collector","floor":33,"turns":9},{"damage":2,"enemies":"Orb Walker","floor":35,"turns":3},{"damage":41,"enemies":"2 Orb Walkers","floor":36,"turns":4}],"seed_played":"-3141913282069545434","potions_obtained":[{"floor":5,"key":"BloodPotion"},{"floor":7,"key":"AttackPotion"},{"floor":13,"key":"SteroidPotion"},{"floor":16,"key":"Swift Potion"},{"floor":18,"key":"Strength Potion"},{"floor":24,"key":"LiquidBronze"},{"floor":28,"key":"SkillPotion"},{"floor":35,"key":"Poison Potion"}],"is_trial":false,"path_per_floor":["M","?","?","M","M","R","E","?","T","M","M","R","E","?","R","B",null,"M","M","$","?","?","R","M","R","T","E","M","M","?","E","R","B",null,"M","?"],"character_chosen":"IRONCLAD","items_purchased":["Vajra","ClockworkSouvenir","Armaments"],"campfire_rested":5,"item_purchase_floors":[20,20,20],"current_hp_per_floor":[75,75,59,55,42,66,42,62,62,60,50,50,35,35,58,22,77,47,31,31,31,26,38,24,36,36,24,16,14,14,8,20,21,43,41,0],"gold":272,"neow_bonus":"BOSS_RELIC","is_prod":false,"is_daily":false,"chose_seed":false,"campfire_upgraded":1,"win_rate":0.0,"timestamp":1549179177,"path_taken":["M","?","?","M","M","R","E","?","T","M","M","R","E","?","R","BOSS","M","M","$","?","?","R","M","R","T","E","M","M","?","E","R","BOSS","M","?"],"build_version":"2019-01-23","purchased_purges":0,"victory":false,"max_hp_per_floor":[80,80,80,80,80,80,80,80,80,80,80,80,80,77,77,77,77,77,77,77,38,43,43,43,43,43,43,43,43,43,43,43,43,43,43,43],"card_choices":[{"not_picked":["Cleave","Perfected Strike"],"picked":"Fire Breathing","floor":1},{"not_picked":["Heavy Blade","Second Wind"],"picked":"Flex","floor":4},{"not_picked":["Sword Boomerang","Fire Breathing"],"picked":"Intimidate","floor":5},{"not_picked":["Searing Blow","Blood for Blood"],"picked":"Flame Barrier","floor":7},{"not_picked":["Warcry","Disarm"],"picked":"Clothesline","floor":10},{"not_picked":["Wild Strike","Battle Trance"],"picked":"Sever Soul","floor":11},{"not_picked":["Searing Blow","Fiend Fire"],"picked":"Blood for Blood","floor":13},{"not_picked":["Immolate","Juggernaut"],"picked":"Offering","floor":16},{"not_picked":["Clothesline","Armaments+1"],"picked":"Rage","floor":18},{"not_picked":["Armaments","Entrench+1"],"picked":"Thunderclap+1","floor":19},{"not_picked":["Armaments","Searing Blow+1"],"picked":"Pommel Strike","floor":24},{"not_picked":["Hemokinesis","Wild Strike+1"],"picked":"Clash","floor":27},{"not_picked":["Corruption","Bloodletting"],"picked":"Perfected Strike","floor":28},{"not_picked":["Anger","Uppercut"],"picked":"Juggernaut","floor":29},{"not_picked":["Shrug It Off","Rupture"],"picked":"Rage","floor":31},{"not_picked":["Inflame","Cleave"],"picked":"Flame Barrier+1","floor":32},{"not_picked":["Juggernaut","Feed"],"picked":"Dark Embrace","floor":33},{"not_picked":["Iron Wave","Anger"],"picked":"Infernal Blade","floor":35}],"player_experience":89475,"relics_obtained":[{"floor":7,"key":"Happy Flower"},{"floor":9,"key":"Red Skull"},{"floor":13,"key":"Darkstone Periapt"},{"floor":26,"key":"Dream Catcher"},{"floor":27,"key":"Ornamental Fan"},{"floor":31,"key":"Shuriken"}],"event_choices":[{"damage_healed":0,"gold_gain":0,"player_choice":"Ignored","damage_taken":0,"max_hp_gain":0,"max_hp_loss":0,"event_name":"Golden Wing","floor":2,"gold_loss":0},{"damage_healed":0,"gold_gain":0,"player_choice":"Entered Light","damage_taken":16,"max_hp_gain":0,"max_hp_loss":0,"event_name":"Shining Light","floor":3,"gold_loss":0,"cards_upgraded":["Strike_R","Defend_R"]},{"damage_healed":20,"gold_gain":0,"player_choice":"Healed and dodged fight","damage_taken":0,"max_hp_gain":0,"max_hp_loss":0,"event_name":"Mushrooms","floor":8,"gold_loss":0,"cards_obtained":["Parasite"]},{"cards_removed":["Parasite"],"damage_healed":0,"gold_gain":0,"player_choice":"Forget","damage_taken":0,"max_hp_gain":0,"max_hp_loss":0,"event_name":"Living Wall","floor":14,"gold_loss":0},{"damage_healed":0,"gold_gain":0,"player_choice":"Became a Ghost","damage_taken":0,"max_hp_gain":0,"max_hp_loss":39,"event_name":"Ghosts","floor":21,"gold_loss":0,"cards_obtained":["Ghostly","Ghostly","Ghostly","Ghostly","Ghostly"]},{"damage_healed":0,"gold_gain":0,"player_choice":"Shed Blood","damage_taken":10,"max_hp_gain":5,"max_hp_loss":0,"event_name":"Forgotten Altar","floor":22,"gold_loss":0},{"cards_removed":["Strike_R"],"damage_healed":0,"gold_gain":0,"player_choice":"Purged","damage_taken":0,"max_hp_gain":0,"max_hp_loss":0,"event_name":"Purifier","floor":30,"gold_loss":0},{"damage_healed":0,"gold_gain":0,"player_choice":"Fight","damage_taken":0,"max_hp_gain":0,"max_hp_loss":0,"event_name":"Mysterious Sphere","floor":36,"gold_loss":0}],"is_beta":false,"boss_relics":[{"not_picked":["Busted Crown","Coffee Dripper"],"picked":"Lizard Tail"},{"not_picked":["Empty Cage","Tiny House"],"picked":"Velvet Choker"}],"items_purged_floors":[],"is_endless":false,"potions_floor_spawned":[5,7,13,16,18,24,28,35],"killed_by":"2 Orb Walkers","ascension_level":0}