{"gold_per_floor":[109,125,125,135,151,151,151,161,188,188,188,203,237,257,257,328,328,346,346,366,379,379,379,406,406,477,477,477,490,490,509,509,588,588,601,601,616,671,671,671,685,685,767,767,786,426,426,439,439,439],"floor_reached":51,"playtime":1642,"items_purged":["Clash"],"score":1241,"play_id":"425e771f-0dbc-4826-bb93-da383e42d735","local_time":"20190202212603","is_ascension_mode":true,"campfire_choices":[{"data":"Searing Blow","floor":6.0,"key":"SMITH"},{"data":"Searing Blow+2","floor":11.0,"key":"SMITH"},{"data":"Searing Blow+3","floor":15.0,"key":"SMITH"},{"data":"Searing Blow+4","floor":23,"key":"SMITH"},{"data":"Searing Blow+5","floor":28,"key":"SMITH"},{"data":"Searing Blow+6","floor":30,"key":"SMITH"},{"data":"Searing Blow+7","floor":32,"key":"SMITH"},{"data":"Searing Blow+8","floor":40,"key":"SMITH"},{"data":"Searing Blow+9","floor":42,"key":"SMITH"},{"data":"Searing Blow+10","floor":44,"key":"SMITH"},{"data":"Searing Blow+11","floor":49,"key":"SMITH"}],"neow_cost":"NONE","seed_source_timestamp":0,"circlet_count":0,"master_deck":["AscendersBane","Bash","Battle Trance","Headbutt","Searing Blow+12","Exhume+1","Intimidate+1","Dual Wield","Exhume","Warcry+1","Warcry+1"],"special_seed":0,"relics":["Pandora\u0027s Box","Bag of Marbles","War Paint","Sozu","Boot","Question Card","Coffee Dripper","Shovel","Darkstone Periapt","Pantograph"],"potions_floor_usage":[],"damage_taken":[{"damage":0.0,"enemies":"Cultist","floor":1.0,"turns":3.0},{"damage":0.0,"enemies":"2 Louse","floor":2.0,"turns":2.0},{"damage":0.0,"enemies":"Jaw Worm","floor":4.0,"turns":3.0},{"damage":4.0,"enemies":"3 Louse","floor":5.0,"turns":4.0},{"damage":11.0,"enemies":"Blue Slaver","floor":8.0,"turns":4.0},{"damage":0.0,"enemies":"Exordium Wildlife","floor":12.0,"turns":2.0},{"damage":12.0,"enemies":"Gremlin Nob","floor":13.0,"turns":3.0},{"damage":0.0,"enemies":"2 Fungi Beasts","floor":14.0,"turns":2.0},{"damage":29.0,"enemies":"The Guardian","floor":16.0,"turns":5.0},{"damage":0.0,"enemies":"Spheric Guardian","floor":18.0,"turns":3.0},{"damage":0.0,"enemies":"2 Thieves","floor":20.0,"turns":2.0},{"damage":24.0,"enemies":"Snake Plant","floor":21.0,"turns":2.0},{"damage":24,"enemies":"Book of Stabbing","floor":24,"turns":4},{"damage":0,"enemies":"Cultist and Chosen","floor":29,"turns":3},{"damage":0,"enemies":"Snecko","floor":31,"turns":2},{"damage":12,"enemies":"Automaton","floor":33,"turns":3},{"damage":9,"enemies":"3 Shapes","floor":35,"turns":3},{"damage":0,"enemies":"Orb Walker","floor":37,"turns":1},{"damage":11,"enemies":"2 Orb Walkers","floor":38,"turns":2},{"damage":29,"enemies":"Writhing Mass","floor":41,"turns":3},{"damage":0,"enemies":"Sphere and 2 Shapes","floor":45,"turns":2},{"damage":9,"enemies":"3 Darklings","floor":48,"turns":3},{"damage":24,"enemies":"Donu and Deca","floor":50,"turns":3}],"seed_played":"2487949626979602482","potions_obtained":[{"floor":5.0,"key":"Dexterity Potion"},{"floor":8.0,"key":"SkillPotion"},{"floor":12.0,"key":"Weak Potion"}],"is_trial":false,"path_per_floor":["M","M","?","M","M","R","?","M","T","?","R","M","E","M","R","B",null,"M","?","M","M","?","R","E","?","T","$","R","M","R","M","R","B",null,"M","?","M","?","?","R","M","R","T","R","M","$","?","M","R","B",null],"character_chosen":"IRONCLAD","items_purchased":["Pantograph"],"campfire_rested":0,"item_purchase_floors":[46],"current_hp_per_floor":[68,68,64,64,60,60,60,49,49,49,49,49,37,37,37,8,58,58,58,58,34,49,49,25,25,25,25,25,25,25,25,25,13,60,51,51,51,40,40,40,11,11,11,11,11,11,11,2,2,3],"gold":439,"neow_bonus":"BOSS_RELIC","is_prod":false,"is_daily":false,"chose_seed":false,"campfire_upgraded":11,"win_rate":0,"timestamp":1549139163,"path_taken":["M","?","?","M","?","R","?","M","T","?","R","M","E","M","R","BOSS","M","?","M","M","?","R","E","?","T","$","R","M","R","?","R","BOSS","M","?","M","?","?","R","M","R","T","R","M","$","?","M","R","BOSS"],"build_version":"2019-01-23","purchased_purges":1,"victory":true,"max_hp_per_floor":[75,75,75,75,75,75,75,75,75,75,75,75,75,75,75,75,75,75,75,75,75,75,75,75,75,75,75,75,75,75,75,75,75,75,75,75,75,75,75,75,75,75,75,75,75,75,75,75,75,75],"card_choices":[{"not_picked":["Heavy Blade","Sword Boomerang","Infernal Blade"],"picked":"SKIP","floor":1.0},{"not_picked":["Bloodletting","Burning Pact","Rupture"],"picked":"SKIP","floor":2.0},{"not_picked":["Rupture","Flex","Uppercut"],"picked":"SKIP","floor":4.0},{"not_picked":["Cleave","Wild Strike","Havoc"],"picked":"SKIP","floor":5.0},{"not_picked":["Seeing Red","Intimidate","Flame Barrier"],"picked":"SKIP","floor":8.0},{"not_picked":["Burning Pact","Shrug It Off","Juggernaut"],"picked":"SKIP","floor":12.0},{"not_picked":["Hemokinesis","Sword Boomerang","Wild Strike"],"picked":"SKIP","floor":13.0},{"not_picked":["Battle Trance","Power Through","Seeing Red"],"picked":"SKIP","floor":14.0},{"not_picked":["Battle Trance","Wild Strike","Havoc"],"picked":"SKIP","floor":18.0},{"not_picked":["Armaments","Hemokinesis","Clothesline"],"picked":"SKIP","floor":20.0},{"not_picked":["Thunderclap+1","Havoc"],"picked":"Warcry+1","floor":21.0},{"not_picked":["Perfected Strike","Searing Blow","Dual Wield"],"picked":"SKIP","floor":24},{"not_picked":["Armaments","Sever Soul","Iron Wave","Burning Pact+1"],"picked":"SKIP","floor":29},{"not_picked":["Impervious","Bloodletting","Thunderclap","Ghostly Armor"],"picked":"SKIP","floor":31},{"not_picked":["Perfected Strike+1","Infernal Blade","Inflame+1","Iron Wave"],"picked":"SKIP","floor":35},{"not_picked":["Hemokinesis","Cleave","Perfected Strike","Armaments+1"],"picked":"SKIP","floor":37},{"not_picked":["Infernal Blade","Dropkick","Rage+1","Thunderclap"],"picked":"SKIP","floor":41},{"not_picked":["Sentinel","Anger+1","Clothesline+1","Feel No Pain+1"],"picked":"SKIP","floor":45},{"not_picked":["Clothesline+1","Ghostly Armor","Clash"],"picked":"Warcry+1","floor":48}],"player_experience":312616,"relics_obtained":[{"floor":9.0,"key":"Bag of Marbles"},{"floor":13.0,"key":"War Paint"},{"floor":24,"key":"Boot"},{"floor":26,"key":"Question Card"},{"floor":38,"key":"Shovel"},{"floor":43,"key":"Darkstone Periapt"}],"event_choices":[{"damage_healed":0.0,"max_hp_gain":0.0,"max_hp_loss":0.0,"gold_gain":0.0,"event_name":"The Woman in Blue","player_choice":"Bought 0 Potions","floor":3.0,"gold_loss":0.0,"damage_taken":0.0},{"damage_healed":0.0,"max_hp_gain":0.0,"max_hp_loss":0.0,"gold_gain":0.0,"event_name":"Liars Game","player_choice":"Ignored","floor":7.0,"gold_loss":0.0,"damage_taken":0.0},{"damage_healed":0.0,"max_hp_gain":0.0,"max_hp_loss":0.0,"gold_gain":0.0,"event_name":"Living Wall","player_choice":"Grow","floor":10.0,"gold_loss":0.0,"damage_taken":0.0,"cards_upgraded":["Searing Blow"]},{"damage_healed":0.0,"max_hp_gain":0.0,"max_hp_loss":0.0,"gold_gain":0.0,"cards_transformed":["Brutality","Uppercut"],"event_name":"Drug Dealer","player_choice":"Became Test Subject","floor":19.0,"gold_loss":0.0,"damage_taken":0.0,"cards_obtained":["Dual Wield","Exhume"]},{"damage_healed":15,"gold_gain":0,"player_choice":"Heal","damage_taken":0,"max_hp_gain":0,"max_hp_loss":0,"event_name":"The Library","floor":22,"gold_loss":0},{"damage_healed":0,"gold_gain":0,"player_choice":"Ignored","damage_taken":0,"max_hp_gain":0,"max_hp_loss":0,"event_name":"The Mausoleum","floor":25,"gold_loss":0},{"damage_healed":0,"gold_gain":0,"player_choice":"Ignored","damage_taken":0,"max_hp_gain":0,"max_hp_loss":0,"event_name":"Tomb of Lord Red Mask","floor":36,"gold_loss":0},{"damage_healed":0,"gold_gain":0,"player_choice":"Fight","damage_taken":0,"max_hp_gain":0,"max_hp_loss":0,"event_name":"Mysterious Sphere","floor":38,"gold_loss":0},{"damage_healed":0,"gold_gain":0,"player_choice":"Memory 1","damage_taken":0,"max_hp_gain":0,"max_hp_loss":0,"event_name":"SensoryStone","floor":39,"gold_loss":0},{"cards_removed":["Power Through"],"damage_healed":0,"gold_gain":0,"player_choice":"Removed Skill","damage_taken":0,"max_hp_gain":0,"max_hp_loss":0,"event_name":"Falling","floor":47,"gold_loss":0}],"is_beta":false,"boss_relics":[{"not_picked":["Runic Pyramid","Runic Dome"],"picked":"Sozu"},{"not_picked":["Calling Bell","Tiny House"],"picked":"Coffee Dripper"}],"items_purged_floors":[46],"is_endless":false,"potions_floor_spawned":[5,8,12,13,18,20,33,37],"ascension_level":17}