{"path_per_floor":["M","M","?","?","M","E","M","M","T","R","?","E","R","M","R","B",null,"M","?","$","?","M"],"character_chosen":"IRONCLAD","items_purchased":["Matryoshka"],"gold_per_floor":[113,131,131,131,145,170,181,193,193,193,193,226,226,241,241,344,344,355,355,21,21,0,0],"floor_reached":23,"campfire_rested":0,"playtime":1213,"current_hp_per_floor":[80,80,73,73,77,20,30,44,44,44,28,38,38,49,49,20,80,55,55,55,55,56,0],"items_purged":["Doubt"],"gold":0,"score":224,"play_id":"24165d9a-33ce-4d22-893c-152479337f87","local_time":"20180517155639","is_prod":false,"is_daily":false,"chose_seed":false,"is_ascension_mode":false,"campfire_upgraded":3,"timestamp":1526565399,"path_taken":["M","M","?","?","?","E","M","M","T","R","?","E","R","M","R","BOSS","M","?","$","?","M","E"],"build_version":"2018-05-10","seed_source_timestamp":310850570123023,"purchased_purges":1,"victory":false,"master_deck":["Strike_R","Strike_R","Strike_R+1","Strike_R","Strike_R","Defend_R","Defend_R","Defend_R","Defend_R+1","Rampage+1","Shrug It Off+1","Shrug It Off","Entrench+1","Ghostly Armor","Impervious","Writhe","Injury"],"max_hp_per_floor":[80,80,80,80,80,80,80,80,80,80,80,80,80,80,80,80,80,80,80,80,80,80,80],"relics":["Burning Blood","Molten Egg 2","Meat on the Bone","Dodecahedron","Juzu Bracelet","Calling Bell","Ancient Tea Set","Question Card","Gambling Chip","Matryoshka"],"card_choices":[{"not_picked":["Clothesline","Headbutt"],"picked":"Rampage","floor":0},{"not_picked":["Carnage","Metallicize"],"picked":"Shrug It Off","floor":1},{"not_picked":["Evolve","Cleave"],"picked":"Shrug It Off","floor":2},{"not_picked":["Dropkick","Sword Boomerang"],"picked":"Entrench","floor":5},{"not_picked":["Fire Breathing","Spot Weakness"],"picked":"Ghostly Armor","floor":12},{"not_picked":["Berserk","Dark Embrace"],"picked":"Impervious","floor":16}],"player_experience":74167,"potions_floor_usage":[12,12,16,16],"damage_taken":[{"damage":0,"enemies":"Small Slimes","floor":1,"turns":3},{"damage":1,"enemies":"Jaw Worm","floor":2,"turns":5},{"damage":2,"enemies":"2 Louse","floor":5,"turns":3},{"damage":63,"enemies":"Lagavulin","floor":6,"turns":9},{"damage":8,"enemies":"2 Fungi Beasts","floor":7,"turns":4},{"damage":4,"enemies":"Red Slaver","floor":8,"turns":5},{"damage":8,"enemies":"3 Sentries","floor":12,"turns":7},{"damage":7,"enemies":"Exordium Thugs","floor":14,"turns":6},{"damage":47,"enemies":"The Guardian","floor":16,"turns":12},{"damage":43,"enemies":"Shell Parasite","floor":18,"turns":13},{"damage":17,"enemies":"2 Thieves","floor":22,"turns":5},{"damage":56,"enemies":"Slavers","floor":23,"turns":5}],"event_choices":[{"event_name":"Golden Wing","player_choice":"Card Removal","floor":3,"damage_taken":0},{"event_name":"Big Fish","player_choice":"Box","floor":4,"damage_taken":0},{"event_name":"Shining Light","player_choice":"Entered Light","floor":11,"damage_taken":0},{"event_name":"Back to Basics","player_choice":"Elegance","floor":19,"damage_taken":0},{"event_name":"Beggar","player_choice":"Ignored","floor":21,"damage_taken":0}],"boss_relics":[{"not_picked":["Philosopher\u0027s Stone","Cursed Key"],"picked":"Calling Bell"}],"potions_floor_spawned":[5,7,8,12,16],"seed_played":"-7205740598872169934","killed_by":"Slavers","ascension_level":0,"is_trial":false}