{"gold_per_floor":[113,128,128,147,222,222,249,263,263,274,274],"floor_reached":11,"playtime":498,"items_purged":[],"score":79,"play_id":"8664bd0b-a0d6-4b8b-916c-0322b75f7ca9","local_time":"20190212171937","is_ascension_mode":true,"campfire_choices":[{"data":"Setup","floor":6,"key":"SMITH"}],"neow_cost":"TEN_PERCENT_HP_LOSS","seed_source_timestamp":511761249543300,"circlet_count":0,"master_deck":["Defend_G","Defend_G","Defend_G","Defend_G","Defend_G","Strike_G","Strike_G","Strike_G","Strike_G","Survivor","Neutralize","Panache","Finesse","Deadly Poison","Skewer","Setup+1","PiercingWail","Bouncing Flask","Cloak And Dagger","Glass Knife"],"relics":["Ring of the Snake","Anchor","Potion Belt"],"potions_floor_usage":[11],"damage_taken":[{"damage":6,"enemies":"Cultist","floor":1,"turns":5},{"damage":0,"enemies":"Jaw Worm","floor":2,"turns":5},{"damage":0,"enemies":"2 Louse","floor":4,"turns":2},{"damage":28,"enemies":"Lagavulin","floor":7,"turns":8},{"damage":0,"enemies":"Exordium Thugs","floor":8,"turns":4},{"damage":15,"enemies":"Exordium Wildlife","floor":10,"turns":7},{"damage":8,"enemies":"Gremlin Nob","floor":11,"turns":2}],"seed_played":"8989252659671207452","potions_obtained":[{"floor":2,"key":"SpeedPotion"},{"floor":7,"key":"Energy Potion"}],"is_trial":false,"path_per_floor":["M","M","?","M","?","R","E","M","T","M","E"],"character_chosen":"THE_SILENT","items_purchased":[],"campfire_rested":0,"item_purchase_floors":[],"current_hp_per_floor":[57,57,57,57,51,51,23,23,23,8,0],"gold":274,"neow_bonus":"RANDOM_COLORLESS_2","is_prod":false,"is_daily":false,"chose_seed":false,"campfire_upgraded":1,"win_rate":0,"timestamp":1549988377,"path_taken":["M","?","?","M","?","R","E","?","T","M","E"],"build_version":"2019-01-23","purchased_purges":0,"victory":false,"max_hp_per_floor":[63,63,63,63,63,63,63,63,63,63,63],"card_choices":[{"not_picked":["Bane","Backflip"],"picked":"Deadly Poison","floor":1},{"not_picked":["Sucker Punch","Outmaneuver"],"picked":"Skewer","floor":2},{"not_picked":["Deflect","Skewer"],"picked":"PiercingWail","floor":4},{"not_picked":["Blade Dance","Caltrops"],"picked":"Bouncing Flask","floor":7},{"not_picked":["Acrobatics","Outmaneuver"],"picked":"Cloak And Dagger","floor":8},{"not_picked":["Dodge and Roll","Heel Hook"],"picked":"Glass Knife","floor":10}],"player_experience":377918,"relics_obtained":[{"floor":7,"key":"Anchor"},{"floor":9,"key":"Potion Belt"}],"event_choices":[{"damage_healed":0,"gold_gain":0,"cards_transformed":["Strike_G"],"player_choice":"Change","damage_taken":0,"max_hp_gain":0,"max_hp_loss":0,"event_name":"Living Wall","floor":3,"gold_loss":0,"cards_obtained":["Setup"]},{"damage_healed":0,"gold_gain":75,"player_choice":"Touch","damage_taken":6,"max_hp_gain":0,"max_hp_loss":0,"event_name":"FaceTrader","floor":5,"gold_loss":0}],"is_beta":false,"boss_relics":[],"items_purged_floors":[],"is_endless":false,"potions_floor_spawned":[2,7],"killed_by":"Gremlin Nob","ascension_level":1}