{"gold_per_floor":[114,131,142,142,34,34,59,82,82,142,168,180,180],"floor_reached":13,"playtime":377,"items_purged":["Defend_R"],"score":163,"play_id":"722082fe-2f19-477e-86dc-166d21921f9c","local_time":"20190130131957","is_ascension_mode":true,"campfire_choices":[{"data":"Whirlwind","floor":6,"key":"SMITH"}],"neow_cost":"NONE","seed_source_timestamp":157284926626200,"circlet_count":0,"master_deck":["AscendersBane","Strike_R","Strike_R","Strike_R","Strike_R","Strike_R","Defend_R","Defend_R","Defend_R","Bash","Iron Wave","Spot Weakness","Cleave","Inflame","Twin Strike","Whirlwind+1","Feed","Headbutt","Ghostly Armor"],"relics":["Burning Blood","NeowsBlessing","Bag of Marbles","Regal Pillow","Kunai","Art of War","Ornamental Fan"],"potions_floor_usage":[13,13],"damage_taken":[{"damage":0,"enemies":"Cultist","floor":1,"turns":1},{"damage":0,"enemies":"2 Louse","floor":2,"turns":1},{"damage":0,"enemies":"Jaw Worm","floor":3,"turns":1},{"damage":15,"enemies":"3 Sentries","floor":7,"turns":3},{"damage":25,"enemies":"3 Sentries","floor":10,"turns":5},{"damage":31,"enemies":"Gremlin Nob","floor":11,"turns":4},{"damage":20,"enemies":"Large Slime","floor":12,"turns":4},{"damage":22,"enemies":"Lagavulin","floor":13,"turns":5}],"seed_played":"7414058962109963463","potions_obtained":[{"floor":1,"key":"Weak Potion"},{"floor":3,"key":"Dexterity Potion"},{"floor":10,"key":"Swift Potion"}],"is_trial":false,"path_per_floor":["M","M","M","?","$","R","E","T","T","?","E","M","E"],"character_chosen":"IRONCLAD","items_purchased":["Whirlwind"],"campfire_rested":0,"item_purchase_floors":[5],"current_hp_per_floor":[74,75,75,75,75,75,66,66,66,47,22,8,0],"gold":180,"neow_bonus":"THREE_ENEMY_KILL","is_prod":false,"is_daily":false,"chose_seed":false,"campfire_upgraded":1,"win_rate":0,"timestamp":1548850797,"path_taken":["M","M","?","?","?","R","E","?","T","?","E","M","E"],"build_version":"2019-01-23","purchased_purges":1,"victory":false,"max_hp_per_floor":[75,75,75,75,75,75,75,75,75,75,75,75,75],"card_choices":[{"not_picked":["Combust","Sever Soul"],"picked":"Iron Wave","floor":1},{"not_picked":["Wild Strike","Bloodletting"],"picked":"Spot Weakness","floor":2},{"not_picked":["Dual Wield","Rupture"],"picked":"Cleave","floor":3},{"not_picked":["Iron Wave","Wild Strike"],"picked":"Feed","floor":7},{"not_picked":["Perfected Strike","Havoc"],"picked":"Headbutt","floor":10},{"not_picked":["Thunderclap","Bludgeon","Sword Boomerang"],"picked":"SKIP","floor":11},{"not_picked":["Ghostly Armor","Sever Soul","Warcry"],"picked":"SKIP","floor":12},{"not_picked":["Sever Soul","Warcry"],"picked":"Ghostly Armor","floor":12}],"player_experience":276972,"relics_obtained":[{"floor":7,"key":"Bag of Marbles"},{"floor":8,"key":"Regal Pillow"},{"floor":9,"key":"Kunai"},{"floor":10,"key":"Art of War"},{"floor":11,"key":"Ornamental Fan"}],"event_choices":[{"damage_healed":0,"gold_gain":0,"player_choice":"2 cards matched","damage_taken":0,"max_hp_gain":0,"max_hp_loss":0,"event_name":"Match and Keep!","floor":4,"gold_loss":0,"cards_obtained":["Inflame","Twin Strike"]},{"damage_healed":0,"gold_gain":30,"player_choice":"Searched \u00272\u0027 times","damage_taken":0,"max_hp_gain":0,"max_hp_loss":0,"event_name":"Dead Adventurer","floor":10,"gold_loss":0}],"is_beta":false,"boss_relics":[],"items_purged_floors":[5],"is_endless":false,"potions_floor_spawned":[1,3,10],"killed_by":"Lagavulin","ascension_level":15}