{"gold_per_floor":[115,134,134,148,113,140,140,140,140,140,166,177,195,24,24,124,124,143,160,160,226,29,29,29],"floor_reached":24,"playtime":1860,"items_purged":["Pain"],"score":227,"play_id":"843f2719-5446-40ea-9447-bf6296494a38","local_time":"20190122222630","is_ascension_mode":true,"campfire_choices":[{"floor":8,"key":"REST"},{"data":"Crippling Poison","floor":10,"key":"SMITH"},{"floor":15,"key":"REST"},{"data":"Envenom","floor":23,"key":"SMITH"}],"neow_cost":"NONE","seed_source_timestamp":694336440717932,"circlet_count":0,"master_deck":["Defend_G","Defend_G","Defend_G","Defend_G","Defend_G","Strike_G","Strike_G","Strike_G","Strike_G+1","Strike_G","Survivor","Neutralize+1","Bane","Choke","Predator","Crippling Poison+1","Terror","Sucker Punch","Flying Knee","Deadly Poison","Infinite Blades","Envenom+1","Quick Slash","Poisoned Stab","Distraction+1","Footwork"],"relics":["Runic Dome","Ice Cream","WarpedTongs","Meat on the Bone","Pen Nib","Eternal Feather","SsserpentHead","Happy Flower"],"potions_floor_usage":[6,16],"damage_taken":[{"damage":14,"enemies":"Jaw Worm","floor":1,"turns":4},{"damage":0,"enemies":"Small Slimes","floor":2,"turns":4},{"damage":0,"enemies":"2 Louse","floor":4,"turns":3},{"damage":19,"enemies":"3 Sentries","floor":6,"turns":5},{"damage":8,"enemies":"Gremlin Nob","floor":11,"turns":3},{"damage":8,"enemies":"Lots of Slimes","floor":12,"turns":3},{"damage":12,"enemies":"Blue Slaver","floor":13,"turns":2},{"damage":46,"enemies":"The Guardian","floor":16,"turns":6},{"damage":19,"enemies":"Shell Parasite","floor":18,"turns":5},{"damage":11,"enemies":"3 Byrds","floor":19,"turns":4},{"damage":16,"enemies":"Snake Plant","floor":21,"turns":3},{"damage":52,"enemies":"Gremlin Leader","floor":24,"turns":3}],"seed_played":"-602116137873509576","potions_obtained":[{"floor":2,"key":"PowerPotion"},{"floor":4,"key":"GamblersBrew"},{"floor":13,"key":"Dexterity Potion"}],"is_trial":false,"path_per_floor":["M","M","?","M","?","E","?","R","T","R","E","M","M","$","R","B",null,"M","M","?","M","$","R","E"],"character_chosen":"THE_SILENT","items_purchased":["Deadly Poison","Infinite Blades","Footwork","Happy Flower"],"campfire_rested":2,"item_purchase_floors":[14,14,22,22],"current_hp_per_floor":[56,56,42,42,59,40,40,61,61,61,53,45,45,45,66,32,70,51,40,40,36,36,51,0],"gold":29,"neow_bonus":"BOSS_RELIC","is_prod":false,"is_daily":false,"chose_seed":false,"campfire_upgraded":2,"win_rate":0,"timestamp":1548167190,"path_taken":["M","M","?","M","?","E","?","R","T","R","E","?","M","$","R","BOSS","M","M","?","?","$","R","E"],"build_version":"2019-01-17v2","purchased_purges":1,"victory":false,"max_hp_per_floor":[70,70,70,70,70,70,70,70,70,70,70,70,70,70,70,70,70,70,70,70,70,70,70,70],"card_choices":[{"not_picked":["Deflect","All Out Attack"],"picked":"Bane","floor":1},{"not_picked":["Dodge and Roll","Backflip"],"picked":"Choke","floor":2},{"not_picked":["Bane","Prepared"],"picked":"Predator","floor":4},{"not_picked":["Masterful Stab","Noxious Fumes"],"picked":"Crippling Poison","floor":6},{"not_picked":["Catalyst","Blade Dance"],"picked":"Terror","floor":11},{"not_picked":["Flying Knee","Endless Agony"],"picked":"Sucker Punch","floor":12},{"not_picked":["Finisher","Deflect"],"picked":"Flying Knee","floor":13},{"not_picked":["Die Die Die","Storm of Steel"],"picked":"Envenom","floor":16},{"not_picked":["Dagger Spray+1","Skewer"],"picked":"Quick Slash","floor":18},{"not_picked":["Outmaneuver","Choke+1"],"picked":"Poisoned Stab","floor":19},{"not_picked":["Accuracy","Riddle With Holes"],"picked":"Distraction+1","floor":21}],"player_experience":67376,"relics_obtained":[{"floor":6,"key":"Ice Cream"},{"floor":9,"key":"Meat on the Bone"},{"floor":11,"key":"Pen Nib"}],"event_choices":[{"damage_healed":0,"gold_gain":0,"player_choice":"Entered Light","damage_taken":14,"max_hp_gain":0,"max_hp_loss":0,"event_name":"Shining Light","floor":3,"gold_loss":0,"cards_upgraded":["Strike_G","Neutralize"]},{"damage_healed":17,"gold_gain":0,"player_choice":"Healed","damage_taken":0,"max_hp_gain":0,"max_hp_loss":0,"event_name":"The Cleric","floor":5,"gold_loss":35},{"damage_healed":0,"gold_gain":0,"player_choice":"Rummage","damage_taken":0,"relics_obtained":["WarpedTongs"],"max_hp_gain":0,"max_hp_loss":0,"event_name":"Accursed Blacksmith","floor":7,"gold_loss":0,"cards_obtained":["Pain"]},{"damage_healed":0,"gold_gain":0,"player_choice":"Trade","damage_taken":0,"relics_obtained":["SsserpentHead"],"max_hp_gain":0,"max_hp_loss":0,"event_name":"FaceTrader","floor":20,"gold_loss":0}],"is_beta":false,"boss_relics":[{"not_picked":["Astrolabe","Velvet Choker"],"picked":"Eternal Feather"}],"items_purged_floors":[14],"is_endless":false,"potions_floor_spawned":[2,4,13],"killed_by":"Gremlin Leader","ascension_level":2}