{"gold_per_floor":[115,115,135,150,150,185,185,185,185,185],"floor_reached":10,"playtime":380,"items_purged":[],"score":89,"play_id":"02f68679-e475-43ca-a10f-04e0ca52906d","local_time":"20190216014945","is_ascension_mode":true,"campfire_choices":[{"data":"Storm of Steel","floor":7,"key":"SMITH"}],"neow_cost":"NONE","seed_source_timestamp":221579371799900,"circlet_count":0,"master_deck":["Defend_G","Defend_G","Defend_G","Defend_G","Defend_G","Strike_G","Strike_G","Strike_G","Strike_G","Survivor","Neutralize+1","Deadly Poison","Heel Hook","Storm of Steel+1","Neutralize"],"relics":["Ring of the Snake","Vajra","Meat on the Bone"],"potions_floor_usage":[],"damage_taken":[{"damage":6,"enemies":"Cultist","floor":1,"turns":4},{"damage":1,"enemies":"2 Louse","floor":3,"turns":5},{"damage":0,"enemies":"Small Slimes","floor":4,"turns":4},{"damage":48,"enemies":"Gremlin Nob","floor":6,"turns":6},{"damage":17,"enemies":"Gremlin Gang","floor":10,"turns":4}],"seed_played":"-6012192071292320441","potions_obtained":[{"floor":6,"key":"Strength Potion"}],"is_trial":false,"path_per_floor":["M","?","M","M","?","E","R","?","T","M"],"character_chosen":"THE_SILENT","items_purchased":[],"campfire_rested":0,"item_purchase_floors":[],"current_hp_per_floor":[64,64,63,63,63,15,15,15,15,0],"gold":185,"neow_bonus":"TEN_PERCENT_HP_BONUS","is_prod":false,"is_daily":false,"chose_seed":false,"campfire_upgraded":1,"win_rate":0,"timestamp":1550278185,"path_taken":["M","?","?","?","?","E","R","?","T","M"],"build_version":"2019-01-23","purchased_purges":0,"victory":false,"max_hp_per_floor":[77,77,77,77,77,77,77,77,77,77],"card_choices":[{"not_picked":["Deflect","Quick Slash"],"picked":"Deadly Poison","floor":1},{"not_picked":["Underhanded Strike","Sucker Punch","Slice"],"picked":"SKIP","floor":3},{"not_picked":["Endless Agony","Cloak And Dagger"],"picked":"Heel Hook","floor":4},{"not_picked":["Sucker Punch","Dodge and Roll"],"picked":"Storm of Steel","floor":6}],"player_experience":426115,"relics_obtained":[{"floor":6,"key":"Vajra"},{"floor":9,"key":"Meat on the Bone"}],"event_choices":[{"cards_removed":["Strike_G"],"damage_healed":0,"gold_gain":0,"player_choice":"Purged","damage_taken":0,"max_hp_gain":0,"max_hp_loss":0,"event_name":"Purifier","floor":2,"gold_loss":0},{"damage_healed":0,"gold_gain":0,"player_choice":"Grow","damage_taken":0,"max_hp_gain":0,"max_hp_loss":0,"event_name":"Living Wall","floor":5,"gold_loss":0,"cards_upgraded":["Neutralize"]},{"damage_healed":0,"gold_gain":0,"player_choice":"1 cards matched","damage_taken":0,"max_hp_gain":0,"max_hp_loss":0,"event_name":"Match and Keep!","floor":8,"gold_loss":0,"cards_obtained":["Neutralize"]}],"is_beta":false,"boss_relics":[],"items_purged_floors":[],"is_endless":false,"potions_floor_spawned":[6],"killed_by":"Gremlin Gang","ascension_level":7}