{"gold_per_floor":[116,126,201,201,151,184,184,212,239,250,250,266,366,384,384,485,485,485,485,485,485,410,410,410,410,410,410,410,410,410,410,410,410,410,410,410,410,410,410,410,410,410,410,410,410,23,23,23,23,23],"floor_reached":51,"playtime":8183,"items_purged":["Strike_G"],"score":681,"play_id":"9de9529b-5687-4499-9ccf-1f75de6304d7","local_time":"20190218034936","is_ascension_mode":false,"campfire_choices":[{"data":"Neutralize","floor":7,"key":"SMITH"},{"data":"Deadly Poison","floor":15,"key":"SMITH"},{"data":"Noxious Fumes","floor":23,"key":"SMITH"},{"floor":25,"key":"REST"},{"data":"Malaise","floor":30,"key":"SMITH"},{"floor":32,"key":"REST"},{"data":"Catalyst","floor":40,"key":"SMITH"},{"data":"Blur","floor":45,"key":"SMITH"},{"data":"Burst","floor":49,"key":"SMITH"}],"neow_cost":"NONE","seed_source_timestamp":123082501246401,"circlet_count":0,"master_deck":["Defend_G","Defend_G","Defend_G","Defend_G","Defend_G","Strike_G","Strike_G","Survivor+1","Neutralize+1","Noxious Fumes+1","Catalyst+1","Catalyst","Deadly Poison+1","Malaise+1","Backflip+1","Blur+1","Footwork+1","Deadly Poison+1","Corpse Explosion","Bullet Time","Catalyst+1","Distraction+1","Burst+1","Night Terror"],"relics":["Ring of the Snake","NeowsBlessing","Lantern","Torii","PreservedInsect","Ectoplasm","Bronze Scales","Mummified Hand","Eternal Feather","Tough Bandages","Gambling Chip","Orichalcum"],"potions_floor_usage":[8,8,16,21,21,24,36,36,39,50,50],"damage_taken":[{"damage":0,"enemies":"2 Louse","floor":1,"turns":1},{"damage":0,"enemies":"Small Slimes","floor":2,"turns":1},{"damage":0,"enemies":"Lagavulin","floor":6,"turns":1},{"damage":24,"enemies":"Gremlin Nob","floor":8,"turns":6},{"damage":2,"enemies":"Cultist","floor":10,"turns":5},{"damage":0,"enemies":"3 Louse","floor":12,"turns":6},{"damage":0,"enemies":"2 Fungi Beasts","floor":14,"turns":5},{"damage":2,"enemies":"Hexaghost","floor":16,"turns":7},{"damage":1,"enemies":"Shell Parasite","floor":18,"turns":5},{"damage":11,"enemies":"Spheric Guardian","floor":19,"turns":4},{"damage":6,"enemies":"Snake Plant","floor":20,"turns":5},{"damage":13,"enemies":"Cultist and Chosen","floor":21,"turns":7},{"damage":10,"enemies":"Slavers","floor":24,"turns":6},{"damage":0,"enemies":"Chosen and Byrds","floor":27,"turns":8},{"damage":15,"enemies":"Snake Plant","floor":28,"turns":3},{"damage":0,"enemies":"3 Cultists","floor":29,"turns":5},{"damage":0,"enemies":"Snecko","floor":31,"turns":3},{"damage":24,"enemies":"Champ","floor":33,"turns":10},{"damage":20,"enemies":"Orb Walker","floor":35,"turns":5},{"damage":0,"enemies":"Mind Bloom Boss Battle","floor":36,"turns":5},{"damage":0,"enemies":"3 Darklings","floor":38,"turns":3},{"damage":0,"enemies":"Spire Growth","floor":39,"turns":5},{"damage":0,"enemies":"Maw","floor":41,"turns":6},{"damage":6,"enemies":"Writhing Mass","floor":48,"turns":3},{"damage":1,"enemies":"Donu and Deca","floor":50,"turns":3}],"seed_played":"8217167127121622994","potions_obtained":[{"floor":1,"key":"SpeedPotion"},{"floor":2,"key":"Block Potion"},{"floor":8,"key":"LiquidBronze"},{"floor":10,"key":"SteroidPotion"},{"floor":19,"key":"AttackPotion"},{"floor":20,"key":"Fruit Juice"},{"floor":24,"key":"Poison Potion"},{"floor":27,"key":"Explosive Potion"},{"floor":33,"key":"Ancient Potion"},{"floor":35,"key":"EssenceOfSteel"},{"floor":38,"key":"Dexterity Potion"}],"is_trial":false,"path_per_floor":["M","M","?","?","?","E","R","E","T","M","?","M","?","M","R","B",null,"M","M","M","M","?","R","E","R","T","M","M","M","R","M","R","B",null,"M","?","?","M","M","R","M","?","T","?","R","$","T","M","R","B",null],"character_chosen":"THE_SILENT","items_purchased":["Burst","FairyPotion","Poison Potion"],"campfire_rested":2,"item_purchase_floors":[46,46,46],"current_hp_per_floor":[70,70,59,59,59,59,59,35,35,33,33,33,33,33,33,31,70,69,58,52,44,44,44,34,56,56,56,41,41,41,41,63,39,75,55,55,55,55,55,67,67,67,67,67,71,71,71,65,71,70],"gold":23,"neow_bonus":"THREE_ENEMY_KILL","is_prod":false,"is_daily":false,"chose_seed":false,"campfire_upgraded":7,"win_rate":0,"timestamp":1550429376,"path_taken":["M","M","?","?","?","E","R","E","T","M","?","M","?","M","R","BOSS","M","M","M","?","?","R","E","R","T","M","M","M","R","M","R","BOSS","M","?","?","M","M","R","M","?","T","?","R","$","?","M","R","BOSS"],"build_version":"2019-01-23","purchased_purges":1,"victory":true,"max_hp_per_floor":[70,70,70,70,70,70,70,70,70,70,70,70,70,70,70,70,70,70,70,70,75,75,75,75,75,75,75,75,75,75,75,75,75,75,75,75,71,71,71,71,71,71,71,71,71,71,71,71,71,71],"card_choices":[{"not_picked":["Skewer","Dagger Spray"],"picked":"Noxious Fumes","floor":1},{"not_picked":["Flying Knee","Riddle With Holes","Infinite Blades"],"picked":"SKIP","floor":2},{"not_picked":["Deflect","Unload"],"picked":"Catalyst","floor":6},{"not_picked":["Reflex","Slice"],"picked":"Catalyst","floor":8},{"not_picked":["Flying Knee","Prepared","Catalyst"],"picked":"SKIP","floor":10},{"not_picked":["Blade Dance","Terror","Slice"],"picked":"SKIP","floor":12},{"not_picked":["Acrobatics","Poisoned Stab"],"picked":"Deadly Poison","floor":14},{"not_picked":["Tools of the Trade","Envenom"],"picked":"Malaise","floor":16},{"not_picked":["Blade Dance","PiercingWail"],"picked":"Backflip+1","floor":18},{"not_picked":["Prepared","Underhanded Strike"],"picked":"Blur","floor":19},{"not_picked":["Tactician","Dagger Throw","Dagger Spray"],"picked":"SKIP","floor":20},{"not_picked":["Escape Plan","Backflip"],"picked":"Footwork+1","floor":21},{"not_picked":["Dash","Setup+1","Underhanded Strike+1"],"picked":"SKIP","floor":24},{"not_picked":["Crippling Poison","Dash"],"picked":"Deadly Poison+1","floor":27},{"not_picked":["Flying Knee","Dodge and Roll","Prepared"],"picked":"SKIP","floor":28},{"not_picked":["Slice","Prepared","Heel Hook"],"picked":"SKIP","floor":29},{"not_picked":["Well Laid Plans","Blade Dance"],"picked":"Corpse Explosion","floor":31},{"not_picked":["Envenom","Doppelganger"],"picked":"Bullet Time","floor":33},{"not_picked":["Dagger Spray","Slice"],"picked":"Catalyst+1","floor":35},{"not_picked":["Quick Slash","Dagger Spray"],"picked":"Distraction+1","floor":38},{"not_picked":["All Out Attack","Skewer","Infinite Blades"],"picked":"SKIP","floor":39},{"not_picked":["Noxious Fumes+1","Dagger Throw","Cloak And Dagger"],"picked":"SKIP","floor":41},{"not_picked":["Setup+1","Eviscerate+1"],"picked":"Night Terror","floor":48}],"player_experience":203603,"relics_obtained":[{"floor":6,"key":"Lantern"},{"floor":8,"key":"Torii"},{"floor":9,"key":"PreservedInsect"},{"floor":24,"key":"Bronze Scales"},{"floor":26,"key":"Mummified Hand"},{"floor":36,"key":"Tough Bandages"},{"floor":43,"key":"Gambling Chip"},{"floor":47,"key":"Orichalcum"}],"event_choices":[{"damage_healed":0,"gold_gain":75,"player_choice":"Gather Gold","damage_taken":11,"max_hp_gain":0,"max_hp_loss":0,"event_name":"World of Goop","floor":3,"gold_loss":0},{"damage_healed":0,"gold_gain":0,"player_choice":"Ignored","damage_taken":0,"max_hp_gain":0,"max_hp_loss":0,"event_name":"Liars Game","floor":4,"gold_loss":0},{"cards_removed":["Strike_G"],"damage_healed":0,"gold_gain":0,"player_choice":"Card Removal","damage_taken":0,"max_hp_gain":0,"max_hp_loss":0,"event_name":"The Cleric","floor":5,"gold_loss":50},{"damage_healed":0,"gold_gain":0,"player_choice":"Grow","damage_taken":0,"max_hp_gain":0,"max_hp_loss":0,"event_name":"Living Wall","floor":11,"gold_loss":0,"cards_upgraded":["Survivor"]},{"damage_healed":0,"gold_gain":100,"player_choice":"Pray","damage_taken":0,"max_hp_gain":0,"max_hp_loss":0,"event_name":"Golden Shrine","floor":13,"gold_loss":0},{"cards_removed":["Strike_G"],"damage_healed":0,"gold_gain":0,"player_choice":"Gave Gold","damage_taken":0,"max_hp_gain":0,"max_hp_loss":0,"event_name":"Beggar","floor":22,"gold_loss":75},{"damage_healed":0,"gold_gain":0,"player_choice":"Fight","damage_taken":0,"max_hp_gain":0,"max_hp_loss":0,"event_name":"MindBloom","floor":36,"gold_loss":0},{"damage_healed":0,"gold_gain":0,"player_choice":"Max HP","damage_taken":0,"max_hp_gain":0,"max_hp_loss":4,"event_name":"Winding Halls","floor":37,"gold_loss":0},{"damage_healed":0,"gold_gain":0,"player_choice":"Ignored","damage_taken":0,"max_hp_gain":0,"max_hp_loss":0,"event_name":"Tomb of Lord Red Mask","floor":42,"gold_loss":0},{"damage_healed":0,"gold_gain":0,"player_choice":"Ignored","damage_taken":0,"max_hp_gain":0,"max_hp_loss":0,"event_name":"Mysterious Sphere","floor":44,"gold_loss":0}],"is_beta":false,"boss_relics":[{"not_picked":["Black Star","Snecko Eye"],"picked":"Ectoplasm"},{"not_picked":["WristBlade","Pandora\u0027s Box"],"picked":"Eternal Feather"}],"items_purged_floors":[46],"is_endless":false,"potions_floor_spawned":[1,2,8,10,19,20,24,27,33,35,38],"ascension_level":0}