{"path_per_floor":["M","?","?","M","$","R","M","E","T","R","$","R","M","M","R"],"character_chosen":"IRONCLAD","items_purchased":[],"gold_per_floor":[117,67,67,83,8,8,27,55,78,78,78,78,89,103,103,103],"floor_reached":16,"campfire_rested":0,"playtime":459,"current_hp_per_floor":[71,71,71,65,65,72,72,44,44,44,44,44,30,36,36,0],"items_purged":["Defend_R"],"gold":103,"score":150,"play_id":"73c9fc41-0475-41f7-a7df-8f10da41ae15","local_time":"20180520224103","is_prod":false,"is_daily":false,"chose_seed":false,"is_ascension_mode":true,"campfire_upgraded":0,"timestamp":1526848863,"campfire_choices":[{"floor":6,"key":"DIG"},{"floor":10,"key":"DIG"},{"floor":12,"key":"DIG"},{"floor":15,"key":"DIG"}],"path_taken":["M","?","?","?","$","R","M","E","T","R","$","R","M","M","R","BOSS"],"build_version":"2018-05-17","seed_source_timestamp":91433520233381,"purchased_purges":1,"victory":false,"master_deck":["Strike_R","Strike_R","Strike_R","Strike_R","Defend_R","Defend_R","Bash","AscendersBane","Thunderclap","Carnage","Iron Wave"],"max_hp_per_floor":[72,72,72,72,72,79,79,89,89,89,89,89,89,89,89,89],"relics":["Burning Blood","Shovel","Strawberry","Pear","Anchor","Bottled Flame","Gambling Chip","Ancient Tea Set"],"card_choices":[{"not_picked":["Fire Breathing","True Grit","Shockwave"],"picked":"SKIP","floor":1},{"not_picked":["Power Through","Heavy Blade"],"picked":"Thunderclap","floor":4},{"not_picked":["Flame Barrier","Havoc","Armaments"],"picked":"SKIP","floor":7},{"not_picked":["Thunderclap","Evolve"],"picked":"Carnage","floor":8},{"not_picked":["Sword Boomerang","Headbutt","Havoc"],"picked":"SKIP","floor":13},{"not_picked":["Twin Strike","Pommel Strike"],"picked":"Iron Wave","floor":14}],"player_experience":139834,"potions_floor_usage":[8,16,16],"damage_taken":[{"damage":7,"enemies":"Jaw Worm","floor":1,"turns":3},{"damage":12,"enemies":"Small Slimes","floor":4,"turns":3},{"damage":6,"enemies":"Cultist","floor":7,"turns":3},{"damage":44,"enemies":"3 Sentries","floor":8,"turns":7},{"damage":20,"enemies":"Exordium Thugs","floor":13,"turns":3},{"damage":0,"enemies":"2 Fungi Beasts","floor":14,"turns":2},{"damage":53,"enemies":"The Guardian","floor":16,"turns":8}],"relics_obtained":[{"floor":6,"key":"Strawberry"},{"floor":8,"key":"Pear"},{"floor":9,"key":"Anchor"},{"floor":10,"key":"Bottled Flame"},{"floor":12,"key":"Gambling Chip"},{"floor":15,"key":"Ancient Tea Set"}],"event_choices":[{"event_name":"The Cleric","player_choice":"Card Removal","floor":2,"damage_taken":0},{"event_name":"Living Wall","player_choice":"Forget","floor":3,"damage_taken":0}],"boss_relics":[],"potions_floor_spawned":[1,4,8,13],"seed_played":"632567241568382330","killed_by":"The Guardian","ascension_level":10,"potions_obtained":[{"floor":1,"key":"FairyPotion"},{"floor":4,"key":"LiquidBronze"},{"floor":8,"key":"Weak Potion"},{"floor":13,"key":"PowerPotion"}],"is_trial":false}