{"gold_per_floor":[115,131,80,80,93,93,109,109,109,109,128,146,146,165,165,256,256,274,274,298,322,322,353,374,374],"floor_reached":25,"playtime":479,"items_purged":[],"score":460,"play_id":"29761927-b43e-4324-8b72-5cbcda1290b5","local_time":"20190203155152","is_ascension_mode":true,"campfire_choices":[{"data":"Perfected Strike","floor":6,"key":"SMITH"},{"data":"Perfected Strike","floor":8,"key":"SMITH"},{"data":"Infernal Blade","floor":15,"key":"SMITH"}],"neow_cost":"NONE","seed_source_timestamp":511900251653500,"circlet_count":0,"master_deck":["AscendersBane","Strike_R","Strike_R","Strike_R","Strike_R","Strike_R","Defend_R","Defend_R","Defend_R","Perfected Strike+1","Immolate","Perfected Strike+1","Pommel Strike","Perfected Strike+1","Twin Strike","Infernal Blade+1","Wild Strike","Immolate","Wild Strike"],"relics":["Coffee Dripper","Paper Frog","Golden Idol","Black Star","Ice Cream","Lantern"],"potions_floor_usage":[23,23,25,25],"damage_taken":[{"damage":0,"enemies":"Cultist","floor":1,"turns":2},{"damage":0,"enemies":"2 Louse","floor":2,"turns":3},{"damage":2,"enemies":"Small Slimes","floor":5,"turns":2},{"damage":0,"enemies":"Blue Slaver","floor":7,"turns":1},{"damage":0,"enemies":"Red Slaver","floor":11,"turns":1},{"damage":0,"enemies":"Large Slime","floor":12,"turns":3},{"damage":0,"enemies":"Looter","floor":14,"turns":1},{"damage":36,"enemies":"The Guardian","floor":16,"turns":4},{"damage":0,"enemies":"Chosen","floor":18,"turns":2},{"damage":0,"enemies":"Spheric Guardian","floor":20,"turns":1},{"damage":32,"enemies":"Centurion and Healer","floor":21,"turns":4},{"damage":0,"enemies":"Gremlin Leader","floor":23,"turns":2},{"damage":21,"enemies":"Shelled Parasite and Fungi","floor":24,"turns":2},{"damage":4,"enemies":"Book of Stabbing","floor":25,"turns":2}],"seed_played":"1066796225122333895","potions_obtained":[{"floor":5,"key":"GamblersBrew"},{"floor":11,"key":"Energy Potion"},{"floor":23,"key":"Block Potion"},{"floor":24,"key":"SkillPotion"}],"is_trial":false,"path_per_floor":["M","M","$","?","M","R","M","R","T","?","M","M","?","M","R","B",null,"M","?","M","M","?","E","M","E"],"character_chosen":"IRONCLAD","items_purchased":["Perfected Strike"],"campfire_rested":0,"item_purchase_floors":[3],"current_hp_per_floor":[68,68,68,68,66,66,66,66,66,40,40,40,40,40,40,4,57,57,57,57,25,25,25,4,0],"gold":374,"neow_bonus":"BOSS_RELIC","is_prod":false,"is_daily":false,"chose_seed":false,"campfire_upgraded":3,"win_rate":0,"timestamp":1549205512,"path_taken":["M","M","$","?","?","R","M","R","T","?","M","M","?","?","R","BOSS","M","?","M","M","?","E","M","E"],"build_version":"2019-01-23","purchased_purges":0,"victory":false,"max_hp_per_floor":[75,75,75,75,75,75,75,75,75,75,75,75,75,75,75,75,75,75,75,75,75,75,75,75,75],"card_choices":[{"not_picked":["Clash","Pommel Strike"],"picked":"Perfected Strike","floor":1},{"not_picked":["Body Slam","Rage"],"picked":"Immolate","floor":2},{"not_picked":["Heavy Blade","Inflame"],"picked":"Pommel Strike","floor":5},{"not_picked":["Warcry","Pommel Strike"],"picked":"Perfected Strike","floor":7},{"not_picked":["True Grit","Clothesline"],"picked":"Twin Strike","floor":11},{"not_picked":["Clothesline","Sentinel"],"picked":"Infernal Blade","floor":12},{"not_picked":["Spot Weakness","True Grit"],"picked":"Wild Strike","floor":14},{"not_picked":["Reaper","Offering"],"picked":"Immolate","floor":16},{"not_picked":["Body Slam","Heavy Blade","Spot Weakness+1"],"picked":"SKIP","floor":18},{"not_picked":["Anger+1","Dropkick","Body Slam"],"picked":"SKIP","floor":20},{"not_picked":["Reckless Charge","Metallicize","Second Wind"],"picked":"SKIP","floor":21},{"not_picked":["Flex","Cleave"],"picked":"Wild Strike","floor":23},{"not_picked":["Sever Soul","Clothesline","Shrug It Off"],"picked":"SKIP","floor":24}],"player_experience":326267,"relics_obtained":[{"floor":9,"key":"Paper Frog"},{"floor":23,"key":"Ice Cream"},{"floor":23,"key":"Lantern"}],"event_choices":[{"cards_removed":["Defend_R"],"damage_healed":0,"gold_gain":0,"player_choice":"Purged","damage_taken":0,"max_hp_gain":0,"max_hp_loss":0,"event_name":"Purifier","floor":4,"gold_loss":0},{"damage_healed":0,"gold_gain":0,"player_choice":"Take Damage","damage_taken":26,"relics_obtained":["Golden Idol"],"max_hp_gain":0,"max_hp_loss":0,"event_name":"Golden Idol","floor":10,"gold_loss":0},{"damage_healed":0,"gold_gain":0,"player_choice":"Upgraded","damage_taken":0,"max_hp_gain":0,"max_hp_loss":0,"event_name":"Upgrade Shrine","floor":13,"gold_loss":0,"cards_upgraded":["Perfected Strike"]},{"damage_healed":0,"gold_gain":0,"player_choice":"Ignored","damage_taken":0,"max_hp_gain":0,"max_hp_loss":0,"event_name":"Vampires","floor":19,"gold_loss":0},{"cards_removed":["Bash"],"damage_healed":0,"gold_gain":0,"player_choice":"Elegance","damage_taken":0,"max_hp_gain":0,"max_hp_loss":0,"event_name":"Back to Basics","floor":22,"gold_loss":0}],"is_beta":false,"boss_relics":[{"not_picked":["White Beast Statue","Velvet Choker"],"picked":"Black Star"}],"items_purged_floors":[],"is_endless":false,"potions_floor_spawned":[5,11,16,21,23,24],"killed_by":"Book of Stabbing","ascension_level":18}