{"gold_per_floor":[134,134,169,184,184,184,214,214],"floor_reached":8,"playtime":555,"items_purged":[],"score":81,"play_id":"33085c81-ce26-407b-869a-ff5acda752ba","local_time":"20190202231052","daily_mods":["Shiny","Colorless Cards","Lethality"],"is_ascension_mode":false,"campfire_choices":[{"data":"Apotheosis","floor":6,"key":"SMITH"}],"neow_cost":"","seed_source_timestamp":0,"circlet_count":0,"master_deck":["Venomology","Corpse Explosion","Malaise","Phantasmal Killer","Die Die Die","Adrenaline","Envenom","Doppelganger","Burst","Tools of the Trade","Night Terror","Unload","After Image","Bullet Time","Storm of Steel","Glass Knife","A Thousand Cuts","Grand Finale","Thinking Ahead","Metamorphosis","Master of Strategy","Magnetism","Chrysalis","Transmutation","HandOfGreed","Mayhem","Apotheosis+1","Secret Weapon","Panache","Violence","Secret Technique","The Bomb","Sadistic Nature","Madness","Well Laid Plans","Deflect","Dodge and Roll"],"special_seed":17929,"relics":["Ring of the Snake","Turnip","Vajra"],"potions_floor_usage":[7,8],"damage_taken":[{"damage":5,"enemies":"2 Louse","floor":1,"turns":3},{"damage":0,"enemies":"Cultist","floor":3,"turns":2},{"damage":11,"enemies":"Small Slimes","floor":4,"turns":2},{"damage":38,"enemies":"3 Sentries","floor":7,"turns":4},{"damage":10,"enemies":"Blue Slaver","floor":8,"turns":1}],"seed_played":"1821043760548627163","potions_obtained":[{"floor":1,"key":"Dexterity Potion"},{"floor":3,"key":"SpeedPotion"}],"is_trial":false,"path_per_floor":["M","?","M","M","?","R","E","M"],"character_chosen":"THE_SILENT","items_purchased":[],"campfire_rested":0,"item_purchase_floors":[],"current_hp_per_floor":[65,58,58,47,47,47,9,0],"gold":214,"neow_bonus":"","is_prod":false,"is_daily":true,"chose_seed":false,"campfire_upgraded":1,"win_rate":0,"timestamp":1549145452,"path_taken":["M","?","M","M","?","R","E","M"],"build_version":"2019-01-23","purchased_purges":0,"victory":false,"max_hp_per_floor":[70,70,70,70,70,70,70,70],"card_choices":[{"not_picked":["Outmaneuver","Flash of Steel"],"picked":"Madness","floor":1},{"not_picked":["Blade Dance","Deep Breath"],"picked":"Well Laid Plans","floor":3},{"not_picked":["Dodge and Roll","Bane"],"picked":"Deflect","floor":4},{"not_picked":["Cloak And Dagger","Well Laid Plans"],"picked":"Dodge and Roll","floor":7}],"player_experience":85296,"relics_obtained":[{"floor":7,"key":"Vajra"}],"event_choices":[{"cards_removed":["Wraith Form v2"],"damage_healed":0,"gold_gain":0,"player_choice":"Card Removal","damage_taken":7,"max_hp_gain":0,"max_hp_loss":0,"event_name":"Golden Wing","floor":2,"gold_loss":0},{"damage_healed":0,"gold_gain":0,"player_choice":"Gave Potion","damage_taken":0,"relics_obtained":["Turnip"],"max_hp_gain":0,"max_hp_loss":0,"event_name":"WeMeetAgain","floor":5,"gold_loss":0}],"is_beta":false,"boss_relics":[],"items_purged_floors":[],"is_endless":false,"potions_floor_spawned":[1,3],"killed_by":"Blue Slaver","ascension_level":0}