{"path_per_floor":["M","M","M","$","M","E","R","?","T","R","?","M","R","M","R","B",null,"M","M","$","?","?","R","E","M","T","M","R","E","M","M","R","B",null,"M","M","?","?","?","E","M","E","T","$","R","E","M","$","R"],"character_chosen":"IRONCLAD","items_purchased":["Clash","Ornamental Fan","Clash","Orichalcum","Headbutt","Lantern","Thunderclap"],"gold_per_floor":[113,128,143,18,31,56,56,131,131,131,131,152,152,168,168,296,296,310,324,39,39,39,39,83,104,104,117,117,153,171,190,190,315,315,333,347,347,347,347,391,412,473,527,328,328,368,383,186,186,186],"floor_reached":50,"campfire_rested":0,"playtime":2364,"current_hp_per_floor":[80,76,80,80,80,72,72,61,61,61,41,43,43,43,43,42,80,78,63,63,63,63,63,66,61,61,63,63,61,63,65,65,57,90,93,93,83,71,71,72,82,56,56,56,56,70,76,76,76,0],"items_purged":["Writhe"],"gold":186,"score":672,"play_id":"f10b7290-1bdf-4ca4-a761-ae734fbdf800","local_time":"20180513035824","is_prod":false,"is_daily":false,"chose_seed":false,"is_ascension_mode":false,"campfire_upgraded":0,"timestamp":1526176704,"path_taken":["M","M","M","$","M","E","R","?","T","R","?","M","R","M","R","BOSS","M","M","$","?","?","R","E","M","T","M","R","E","M","M","R","BOSS","M","M","?","?","?","E","M","E","T","$","R","E","M","$","R","BOSS"],"build_version":"2018-05-10","seed_source_timestamp":219899992464344,"purchased_purges":1,"victory":false,"master_deck":["Strike_R","Strike_R","Strike_R","Strike_R","Strike_R","Defend_R","Defend_R","Defend_R","Defend_R","Bash","Offering","Clash","Inflame","Clash","Clash","Pommel Strike","Clash","Offering","Clash","Thunderclap","Clash","Spot Weakness+1","Feed","Dropkick+1","Apotheosis","Thinking Ahead","Flash of Steel","Madness","Madness","Pommel Strike","Headbutt+1","Headbutt","Clash","Dropkick","Thunderclap"],"max_hp_per_floor":[80,80,80,80,80,80,80,80,80,80,80,80,80,80,80,80,80,80,80,80,80,80,80,90,90,90,90,90,90,90,90,90,90,90,93,93,93,93,93,93,97,101,101,101,101,101,101,101,101,101],"relics":["Black Blood","Shovel","Kunai","Bottled Tornado","Juzu Bracelet","Golden Idol","Gambling Chip","Meat on the Bone","Philosopher\u0027s Stone","Ornamental Fan","Vajra","Pear","Mummified Hand","Bag of Preparation","Gremlin Horn","Question Card","Bronze Scales","Tiny Chest","Omamori","Orichalcum","Regal Pillow","Blood Vial","Lantern","Pantograph"],"card_choices":[{"not_picked":["Juggernaut","Reaper"],"picked":"Offering","floor":0},{"not_picked":["Flex","Uppercut"],"picked":"Clash","floor":1},{"not_picked":["Anger","Twin Strike"],"picked":"Inflame","floor":2},{"not_picked":["Shrug It Off","Impervious"],"picked":"Clash","floor":6},{"not_picked":["Flex","Thunderclap"],"picked":"Pommel Strike","floor":12},{"not_picked":["Sword Boomerang","Anger"],"picked":"Clash","floor":14},{"not_picked":["Reaper","Juggernaut"],"picked":"Offering","floor":16},{"not_picked":["Inflame","Iron Wave"],"picked":"Clash","floor":18},{"not_picked":["Uppercut","Intimidate"],"picked":"Thunderclap","floor":19},{"not_picked":["Armaments","Body Slam"],"picked":"Spot Weakness","floor":24},{"not_picked":["Demon Form","Fiend Fire","Reaper"],"picked":"Feed","floor":33},{"not_picked":["Twin Strike","Shrug It Off","True Grit"],"picked":"Dropkick","floor":35},{"not_picked":["Sadistic Nature","Transmutation","Dark Shackles"],"picked":"Apotheosis","floor":37},{"not_picked":["Jack Of All Trades","Bandage Up","Enlightenment"],"picked":"Thinking Ahead","floor":37},{"not_picked":["Purity","Blind","Bandage Up"],"picked":"Flash of Steel","floor":37},{"not_picked":["Warcry","Body Slam","Shrug It Off"],"picked":"Pommel Strike","floor":40},{"not_picked":["True Grit","Sword Boomerang","Cleave"],"picked":"Headbutt","floor":42},{"not_picked":["Spot Weakness","Perfected Strike","Anger"],"picked":"Clash","floor":46},{"not_picked":["Clothesline","Uppercut","Inflame"],"picked":"Dropkick","floor":47}],"player_experience":28424,"potions_floor_usage":[6,24,42,42,50,50,50],"damage_taken":[{"damage":4,"enemies":"2 Louse","floor":1,"turns":3},{"damage":10,"enemies":"Jaw Worm","floor":2,"turns":2},{"damage":1,"enemies":"Cultist","floor":3,"turns":3},{"damage":4,"enemies":"3 Louse","floor":5,"turns":3},{"damage":14,"enemies":"3 Sentries","floor":6,"turns":7},{"damage":4,"enemies":"Looter","floor":12,"turns":2},{"damage":6,"enemies":"2 Fungi Beasts","floor":14,"turns":2},{"damage":19,"enemies":"The Guardian","floor":16,"turns":5},{"damage":8,"enemies":"Chosen","floor":18,"turns":2},{"damage":21,"enemies":"Shell Parasite","floor":19,"turns":3},{"damage":13,"enemies":"Book of Stabbing","floor":24,"turns":3},{"damage":11,"enemies":"Snecko","floor":25,"turns":3},{"damage":4,"enemies":"3 Cultists","floor":27,"turns":2},{"damage":20,"enemies":"Slavers","floor":29,"turns":2},{"damage":4,"enemies":"Centurion and Healer","floor":30,"turns":1},{"damage":4,"enemies":"Cultist and Chosen","floor":31,"turns":2},{"damage":26,"enemies":"Automaton","floor":33,"turns":4},{"damage":8,"enemies":"Orb Walker","floor":35,"turns":1},{"damage":8,"enemies":"3 Shapes","floor":36,"turns":1},{"damage":9,"enemies":"Giant Head","floor":40,"turns":4},{"damage":4,"enemies":"Sphere and 2 Shapes","floor":41,"turns":2},{"damage":62,"enemies":"2 Orb Walkers","floor":42,"turns":4},{"damage":8,"enemies":"Giant Head","floor":46,"turns":4},{"damage":6,"enemies":"4 Shapes","floor":47,"turns":1},{"damage":113,"enemies":"Time Eater","floor":50,"turns":7}],"event_choices":[{"event_name":"World of Goop","player_choice":"Gather Gold","floor":8,"damage_taken":0},{"event_name":"Golden Idol","player_choice":"Take Damage","floor":11,"damage_taken":0},{"event_name":"Drug Dealer","player_choice":"Ignored","floor":21,"damage_taken":0},{"event_name":"Addict","player_choice":"Ignored","floor":22,"damage_taken":0},{"event_name":"SensoryStone","player_choice":"Memory 3","floor":37,"damage_taken":0},{"event_name":"Winding Halls","player_choice":"Embrace Madness","floor":38,"damage_taken":0},{"event_name":"SecretPortal","player_choice":"Rejected Portal.","floor":39,"damage_taken":0}],"boss_relics":[{"not_picked":["Ectoplasm","Snecko Eye"],"picked":"Philosopher\u0027s Stone"},{"not_picked":["Runic Cube","Mark of Pain"],"picked":"Black Blood"}],"potions_floor_spawned":[1,5,12,14,19,24,27,36,46,47],"seed_played":"1838073021922727883","killed_by":"Time Eater","ascension_level":0,"is_trial":false}