{"path_per_floor":["M","M","M","M","M","R","$","R","T","M","$","R","?","$","R","B",null,"M","?","$","?","?","R","E","R","T"],"character_chosen":"IRONCLAD","items_purchased":["Jack Of All Trades","Fiend Fire","Sentinel"],"gold_per_floor":[114,132,144,155,173,173,68,68,68,87,13,13,13,13,13,118,118,138,138,58,58,92,92,118,118,118,118],"floor_reached":27,"campfire_rested":2,"playtime":995,"current_hp_per_floor":[66,68,72,49,36,60,60,60,60,54,54,54,54,54,54,8,62,68,68,68,74,52,52,23,48,54,0],"items_purged":[],"gold":118,"score":329,"play_id":"e0d56954-072d-46d3-869a-33a3f8c20b1e","local_time":"20180520140810","is_prod":false,"is_daily":false,"chose_seed":false,"is_ascension_mode":true,"campfire_upgraded":4,"timestamp":1526818090,"campfire_choices":[{"floor":6,"key":"REST"},{"data":"Jack Of All Trades","floor":8,"key":"SMITH"},{"data":"Havoc","floor":12,"key":"SMITH"},{"data":"Fiend Fire","floor":15,"key":"SMITH"},{"data":"Warcry","floor":23,"key":"SMITH"},{"floor":25,"key":"REST"}],"path_taken":["M","M","M","M","M","R","$","R","T","M","$","R","?","$","R","BOSS","M","?","$","?","?","R","E","R","T","E"],"build_version":"2018-05-17","seed_source_timestamp":60123948557908,"purchased_purges":0,"victory":false,"master_deck":["Strike_R","Strike_R","Strike_R","Strike_R","Strike_R","Defend_R","Defend_R","Defend_R","Defend_R","Bash","AscendersBane","Jack Of All Trades+1","Havoc+1","Fiend Fire+1","Sentinel","Havoc","Sentinel","Writhe","Warcry+1","Injury"],"max_hp_per_floor":[80,80,80,80,80,80,80,80,80,80,80,80,80,80,80,80,80,80,80,80,86,86,86,86,86,92,92],"relics":["Burning Blood","Darkstone Periapt","Charon\u0027s Ashes","Cursed Key","Pantograph","Red Mask","Self Forming Clay","Bottled Flame"],"card_choices":[{"not_picked":["Hemokinesis","Armaments","True Grit"],"picked":"SKIP","floor":1},{"not_picked":["Headbutt","Armaments","Havoc"],"picked":"SKIP","floor":2},{"not_picked":["Sword Boomerang","Body Slam","Clash"],"picked":"SKIP","floor":3},{"not_picked":["Power Through","Havoc","Reckless Charge"],"picked":"SKIP","floor":4},{"not_picked":["Flame Barrier","Clash","Dual Wield"],"picked":"SKIP","floor":5},{"not_picked":["Second Wind","Shrug It Off"],"picked":"Havoc","floor":10},{"not_picked":["Thunderclap","Cleave"],"picked":"Sentinel","floor":18},{"not_picked":["Cleave","Rage"],"picked":"Warcry","floor":22},{"not_picked":["Heavy Blade","Searing Blow","Cleave"],"picked":"SKIP","floor":24}],"player_experience":128641,"potions_floor_usage":[16,16],"damage_taken":[{"damage":12,"enemies":"Small Slimes","floor":1,"turns":4},{"damage":4,"enemies":"Jaw Worm","floor":2,"turns":6},{"damage":2,"enemies":"2 Louse","floor":3,"turns":4},{"damage":29,"enemies":"Exordium Wildlife","floor":4,"turns":6},{"damage":19,"enemies":"Blue Slaver","floor":5,"turns":5},{"damage":16,"enemies":"2 Fungi Beasts","floor":10,"turns":5},{"damage":52,"enemies":"Hexaghost","floor":16,"turns":12},{"damage":0,"enemies":"Spheric Guardian","floor":18,"turns":2},{"damage":28,"enemies":"Masked Bandits","floor":22,"turns":4},{"damage":35,"enemies":"Slavers","floor":24,"turns":4},{"damage":58,"enemies":"Book of Stabbing","floor":27,"turns":5}],"relics_obtained":[{"floor":9,"key":"Darkstone Periapt"},{"floor":22,"key":"Red Mask"},{"floor":24,"key":"Self Forming Clay"},{"floor":26,"key":"Bottled Flame"}],"event_choices":[{"event_name":"Dead Adventurer","player_choice":"Searched \u00271\u0027 times","floor":13,"damage_taken":0},{"event_name":"The Library","player_choice":"Read","floor":19,"damage_taken":0},{"event_name":"The Mausoleum","player_choice":"Yes","floor":21,"damage_taken":0},{"event_name":"Masked Bandits","player_choice":"Fought over 58 gold","floor":22,"damage_taken":0}],"boss_relics":[{"not_picked":["Runic Dome","Black Star"],"picked":"Cursed Key"}],"potions_floor_spawned":[1,10],"seed_played":"6226017294995997630","killed_by":"Book of Stabbing","ascension_level":10,"potions_obtained":[{"floor":1,"key":"PowerPotion"},{"floor":10,"key":"SkillPotion"}],"is_trial":false}