{"path_per_floor":["M","M","$","M","$","?","E","?","T","R","$","R","E","M","R","B",null,"M","M","?","$","M","R","M"],"character_chosen":"THE_SILENT","items_purchased":["Endless Agony","Outmaneuver","Calculated Gamble","Enlightenment"],"gold_per_floor":[218,231,196,209,183,183,211,211,238,238,202,202,229,247,247,352,382,395,414,414,222,233,233,250],"floor_reached":25,"campfire_rested":2,"playtime":2097,"current_hp_per_floor":[54,49,49,49,49,37,33,33,33,56,56,56,51,50,50,21,92,81,60,51,51,11,40,7],"items_purged":[],"gold":250,"play_id":"acfb6ad7-98b1-4793-b69d-6c224e322e5a","is_prod":false,"is_daily":false,"is_ascension_mode":false,"campfire_upgraded":2,"path_taken":["M","M","$","M","$","?","E","?","T","R","?","R","E","?","R","BOSS","M","M","?","$","M","R","M","M"],"build_version":"2018-02-01-PROD3","purchased_purges":0,"victory":false,"master_deck":["Defend_G","Defend_G","Defend_G","Defend_G","Defend_G","Strike_G","Strike_G","Strike_G","Strike_G","Strike_G","Survivor","Neutralize","Dagger Spray","Predator","Endless Agony+1","Terror+1","Outmaneuver+1","Blur","Calculated Gamble","Flying Knee","Backstab","Tools of the Trade","Backstab","Crippling Poison+1","Caltrops","Enlightenment","Footwork","Outmaneuver+1"],"max_hp_per_floor":[70,70,70,70,70,70,77,77,77,77,77,77,87,87,87,87,92,92,92,97,97,97,97,97],"relics":["Ring of the Snake","Ornamental Fan","Strawberry","Bag of Preparation","Pear","Tiny House"],"card_choices":[{"not_picked":["Masterful Stab","Quick Slash"],"picked":"Dagger Spray"},{"not_picked":["Catalyst","Malaise"],"picked":"Predator"},{"not_picked":["Eviscerate","Concentrate"],"picked":"Terror"},{"not_picked":["Setup","Dodge and Roll"],"picked":"Blur"},{"not_picked":["Calculated Gamble","Dagger Spray"],"picked":"Flying Knee"},{"not_picked":["PiercingWail","Slice"],"picked":"Backstab"},{"not_picked":["Wraith Form","Glass Knife"],"picked":"Tools of the Trade"},{"not_picked":["Catalyst","Well Laid Plans"],"picked":"Backstab"},{"not_picked":["Flying Knee","Dagger Spray"],"picked":"Crippling Poison"},{"not_picked":["Slice","PiercingWail"],"picked":"Caltrops"},{"not_picked":["Dagger Throw","Prepared"],"picked":"Footwork"},{"not_picked":["Dodge and Roll","Blade Dance"],"picked":"Outmaneuver"}],"player_experience":147482,"potions_floor_usage":[7,16,16],"damage_taken":[{"damage":16,"enemies":"Blue Slaver","floor":1,"turns":4},{"damage":5,"enemies":"Small Slimes","floor":2,"turns":4},{"damage":0,"enemies":"Cultist","floor":4,"turns":2},{"damage":11,"enemies":"Gremlin Nob","floor":7,"turns":4},{"damage":15,"enemies":"3 Sentries","floor":13,"turns":6},{"damage":1,"enemies":"Red Slaver","floor":14,"turns":2},{"damage":44,"enemies":"The Guardian","floor":16,"turns":8},{"damage":11,"enemies":"Chosen","floor":18,"turns":4},{"damage":21,"enemies":"Spheric Guardian","floor":19,"turns":6},{"damage":40,"enemies":"3 Cultists","floor":22,"turns":7},{"damage":33,"enemies":"Snake Plant","floor":24,"turns":4},{"damage":19,"enemies":"Snecko","floor":25,"turns":4}],"event_choices":[{"event_name":"Scrap Ooze","player_choice":"success","floor":6,"damage_taken":12},{"event_name":"Living Wall","player_choice":"Grow","floor":8,"damage_taken":0},{"event_name":"Forgotten Altar","player_choice":"Shed Blood","floor":20,"damage_taken":0}],"boss_relics":[{"not_picked":["Runic Dome","Lizard Tail"],"picked":"Tiny House"}],"potions_floor_spawned":[1,4,14,18,19,24],"seed_played":"-8558688172929438106","killed_by":"Snecko","ascension_level":0,"is_trial":false}