{"gold_per_floor":[14,31,31,31,31,31,43,70,70,89,99,99,99,115,115,218,218,231,231,146,157,175,175,188,188,213,213,138,150,150,170,170,170],"floor_reached":33,"playtime":3864,"items_purged":["Writhe"],"score":311,"play_id":"dd43a847-4442-4241-a022-2339671ca0cc","local_time":"20181027212943","is_ascension_mode":true,"campfire_choices":[{"data":"Leap","floor":6,"key":"SMITH"},{"floor":12,"key":"REST"},{"floor":15,"key":"REST"},{"floor":23,"key":"REST"},{"floor":25,"key":"REST"},{"floor":27,"key":"DIG"},{"floor":32,"key":"REST"}],"neow_cost":"NO_GOLD","seed_source_timestamp":1894932212672785,"circlet_count":0,"master_deck":["Strike_B","Strike_B","Strike_B+1","Defend_B","Defend_B+1","Defend_B","Defend_B","Zap","Dualcast","Ball Lightning","Leap+1","Turbo","Ball Lightning","Redo","Self Repair","Stack","Redo","Coolheaded","Capacitor","Machine Learning"],"relics":["Cracked Core","Unceasing Top","Ice Cream","Matryoshka","Velvet Choker","Shovel","Boot","Shuriken","Omamori","Letter Opener"],"potions_floor_usage":[11,16,16,33],"damage_taken":[{"damage":0,"enemies":"Small Slimes","floor":1,"turns":3},{"damage":0,"enemies":"2 Louse","floor":2,"turns":3},{"damage":7,"enemies":"Jaw Worm","floor":7,"turns":2},{"damage":40,"enemies":"Lagavulin","floor":8,"turns":6},{"damage":0,"enemies":"Blue Slaver","floor":10,"turns":3},{"damage":12,"enemies":"Exordium Wildlife","floor":11,"turns":3},{"damage":14,"enemies":"Lots of Slimes","floor":14,"turns":4},{"damage":20,"enemies":"Hexaghost","floor":16,"turns":11},{"damage":2,"enemies":"Chosen","floor":18,"turns":4},{"damage":27,"enemies":"2 Thieves","floor":21,"turns":4},{"damage":29,"enemies":"Cultist and Chosen","floor":22,"turns":7},{"damage":24,"enemies":"Snake Plant","floor":24,"turns":4},{"damage":18,"enemies":"Snecko","floor":29,"turns":4},{"damage":16,"enemies":"Sentry and Sphere","floor":31,"turns":4},{"damage":57,"enemies":"Collector","floor":33,"turns":6}],"seed_played":"979927812391210097","potions_obtained":[{"floor":1,"key":"GamblersBrew"},{"floor":8,"key":"AttackPotion"},{"floor":14,"key":"EssenceOfSteel"},{"floor":16,"key":"Swift Potion"},{"floor":18,"key":"Energy Potion"},{"floor":29,"key":"Energy Potion"}],"is_trial":false,"path_per_floor":["M","M","?","?","$","R","M","E","T","M","M","R","?","M","R","B",null,"M","?","?","M","M","R","M","R","T","R","$","M","?","M","R"],"character_chosen":"DEFECT","items_purchased":[],"campfire_rested":5,"item_purchase_floors":[],"current_hp_per_floor":[75,75,75,60,60,60,53,13,13,13,1,23,23,9,31,11,59,57,57,57,37,15,37,20,42,42,42,42,31,31,22,44,0],"gold":170,"neow_bonus":"ONE_RARE_RELIC","is_prod":false,"is_daily":false,"chose_seed":false,"campfire_upgraded":1,"win_rate":0,"timestamp":1540643383,"path_taken":["M","M","?","?","?","R","?","E","T","M","M","R","?","M","R","BOSS","M","?","?","M","M","R","M","R","T","R","?","M","?","M","R","BOSS"],"build_version":"2018-10-25v2","purchased_purges":1,"victory":false,"max_hp_per_floor":[75,75,75,75,75,75,75,75,75,75,75,75,75,75,75,75,75,75,75,75,75,75,75,75,75,75,75,75,75,75,75,75,75],"card_choices":[{"not_picked":["Reinforced Body","Reprogram"],"picked":"Ball Lightning","floor":1},{"not_picked":["Compile Driver","Hologram"],"picked":"Leap","floor":2},{"not_picked":["Heatsinks","Sweeping Beam","Rebound"],"picked":"SKIP","floor":7},{"not_picked":["Steam","Static Discharge","Beam Cell"],"picked":"SKIP","floor":8},{"not_picked":["Stack","Rebound","Beam Cell"],"picked":"SKIP","floor":10},{"not_picked":["Hologram","Streamline"],"picked":"Turbo","floor":11},{"not_picked":["Static Discharge","Beam Cell"],"picked":"Redo","floor":14},{"not_picked":["Hologram","Go for the Eyes+1"],"picked":"Self Repair","floor":18},{"not_picked":["Force Field","Steam Power+1"],"picked":"Stack","floor":21},{"not_picked":["Steam","Sweeping Beam+1"],"picked":"Redo","floor":22},{"not_picked":["Streamline","Stack"],"picked":"Coolheaded","floor":24},{"not_picked":["Beam Cell","Coolheaded+1"],"picked":"Capacitor","floor":29},{"not_picked":["Barrage","Reprogram"],"picked":"Machine Learning","floor":31}],"player_experience":252611,"relics_obtained":[{"floor":8,"key":"Ice Cream"},{"floor":9,"key":"Matryoshka"},{"floor":26,"key":"Shuriken"},{"floor":26,"key":"Omamori"},{"floor":27,"key":"Letter Opener"}],"event_choices":[{"damage_healed":0,"gold_gain":0,"player_choice":"Leave","damage_taken":0,"max_hp_gain":0,"max_hp_loss":0,"event_name":"The Cleric","floor":3,"gold_loss":0},{"damage_healed":0,"gold_gain":0,"player_choice":"Entered Light","damage_taken":15,"max_hp_gain":0,"max_hp_loss":0,"event_name":"Shining Light","floor":4,"gold_loss":0,"cards_upgraded":["Strike_B","Defend_B"]},{"damage_healed":0,"gold_gain":0,"cards_transformed":["Strike_B"],"player_choice":"Change","damage_taken":0,"max_hp_gain":0,"max_hp_loss":0,"event_name":"Living Wall","floor":13,"gold_loss":0,"cards_obtained":["Ball Lightning"]},{"damage_healed":0,"gold_gain":0,"player_choice":"Opened","damage_taken":0,"relics_obtained":["Shovel"],"max_hp_gain":0,"max_hp_loss":0,"event_name":"The Mausoleum","floor":19,"gold_loss":0,"cards_obtained":["Writhe"]},{"damage_healed":0,"gold_gain":0,"player_choice":"Obtained Relic","damage_taken":0,"relics_obtained":["Boot"],"max_hp_gain":0,"max_hp_loss":0,"event_name":"Addict","floor":20,"gold_loss":85},{"damage_healed":0,"gold_gain":0,"player_choice":"Ignored","damage_taken":0,"max_hp_gain":0,"max_hp_loss":0,"event_name":"Vampires","floor":30,"gold_loss":0}],"is_beta":false,"boss_relics":[{"not_picked":["Ectoplasm","Black Star"],"picked":"Velvet Choker"}],"items_purged_floors":[28],"is_endless":false,"potions_floor_spawned":[1,8,14,16,18,29],"killed_by":"Collector","ascension_level":5}