{"path_per_floor":["M","M","M","?","$","R","?","E","T","R","M","?","M","E","R","B",null,"M"],"character_chosen":"IRONCLAD","items_purchased":["Jack Of All Trades","Armaments"],"gold_per_floor":[111,131,148,148,23,23,23,63,63,63,84,49,69,110,110,241,241,254,254],"floor_reached":19,"campfire_rested":0,"playtime":1066,"current_hp_per_floor":[69,54,54,38,38,44,44,18,18,24,17,35,30,30,36,14,59,43,0],"items_purged":[],"gold":254,"score":230,"play_id":"d569154c-87d3-46e3-ae3e-985c64fdae3b","local_time":"20180519083834","is_prod":false,"is_daily":false,"chose_seed":false,"is_ascension_mode":true,"campfire_upgraded":3,"timestamp":1526711914,"campfire_choices":[{"data":"Corruption","floor":6,"key":"SMITH"},{"data":"Armaments","floor":10,"key":"SMITH"},{"data":"Feed","floor":15,"key":"SMITH"}],"path_taken":["M","M","M","?","$","R","?","E","T","R","M","?","M","E","R","BOSS","M","?"],"build_version":"2018-05-17","seed_source_timestamp":457519910612909,"purchased_purges":0,"victory":false,"master_deck":["Strike_R","Strike_R","Strike_R","Strike_R","Strike_R","Defend_R","Defend_R","Defend_R+1","Defend_R+1","Bash","Corruption+1","Feel No Pain","Sword Boomerang","Jack Of All Trades","Armaments+1","Havoc","Rage","Thunderclap","Feed+1","Dark Embrace","Rage","Armaments","Pommel Strike","Flex","Headbutt","Iron Wave"],"max_hp_per_floor":[80,80,80,80,80,80,74,74,74,74,74,74,74,74,74,74,74,74,74],"relics":["Eternal Feather","Golden Idol","Mummified Hand","Self Forming Clay","Bottled Flame","Orrery"],"card_choices":[{"not_picked":["Flame Barrier","Armaments"],"picked":"Corruption","floor":1},{"not_picked":["Entrench","Thunderclap"],"picked":"Feel No Pain","floor":2},{"not_picked":["Uppercut","Anger"],"picked":"Sword Boomerang","floor":3},{"not_picked":["Cleave","Fire Breathing"],"picked":"Havoc","floor":8},{"not_picked":["Twin Strike","Warcry"],"picked":"Rage","floor":11},{"not_picked":["Anger","Shrug It Off"],"picked":"Thunderclap","floor":13},{"not_picked":["Thunderclap","Pummel"],"picked":"Feed","floor":14},{"not_picked":["Immolate","Double Tap"],"picked":"Dark Embrace","floor":16},{"not_picked":["Carnage","Second Wind"],"picked":"Rage","floor":17},{"not_picked":["Clash","Cleave"],"picked":"Armaments","floor":17},{"not_picked":["Disarm","Flex"],"picked":"Pommel Strike","floor":17},{"not_picked":["Cleave","Twin Strike"],"picked":"Flex","floor":17},{"not_picked":["Sentinel","Thunderclap"],"picked":"Headbutt","floor":17},{"not_picked":["Sword Boomerang","Second Wind"],"picked":"Iron Wave","floor":18}],"player_experience":96452,"potions_floor_usage":[16,16,19],"damage_taken":[{"damage":3,"enemies":"2 Louse","floor":1,"turns":3},{"damage":15,"enemies":"Small Slimes","floor":2,"turns":4},{"damage":0,"enemies":"Cultist","floor":3,"turns":4},{"damage":26,"enemies":"Lagavulin","floor":8,"turns":8},{"damage":7,"enemies":"2 Fungi Beasts","floor":11,"turns":4},{"damage":5,"enemies":"Looter","floor":13,"turns":3},{"damage":4,"enemies":"3 Sentries","floor":14,"turns":7},{"damage":22,"enemies":"Hexaghost","floor":16,"turns":9},{"damage":16,"enemies":"Shell Parasite","floor":18,"turns":6},{"damage":56,"enemies":"Masked Bandits","floor":19,"turns":3}],"relics_obtained":[{"floor":8,"key":"Mummified Hand"},{"floor":9,"key":"Self Forming Clay"},{"floor":14,"key":"Bottled Flame"}],"event_choices":[{"event_name":"Shining Light","player_choice":"Entered Light","floor":4,"damage_taken":0},{"event_name":"Golden Idol","player_choice":"Lose Max HP","floor":7,"damage_taken":0},{"event_name":"The Cleric","player_choice":"Healed","floor":12,"damage_taken":0},{"event_name":"Masked Bandits","player_choice":"Fought over 254 gold","floor":19,"damage_taken":0}],"boss_relics":[{"not_picked":["Ectoplasm","Philosopher\u0027s Stone"],"picked":"Orrery"}],"potions_floor_spawned":[1,8,13,14,18],"seed_played":"1844998228205845918","killed_by":"Masked Bandits","ascension_level":6,"potions_obtained":[{"floor":1,"key":"FearPotion"},{"floor":8,"key":"Poison Potion"},{"floor":13,"key":"AttackPotion"},{"floor":18,"key":"Regen Potion"}],"is_trial":false}