{"gold_per_floor":[113,113,127,227,302,4,19,19,19,53,72,102,102,117,117,117],"floor_reached":16,"playtime":1093,"items_purged":[],"score":116,"play_id":"1da8ebbd-b89e-4b4c-b2d9-07f764ce59c5","local_time":"20180809165647","is_ascension_mode":true,"campfire_choices":[{"data":"Venomology","floor":8,"key":"SMITH"},{"floor":15,"key":"REST"}],"neow_cost":"NONE","seed_source_timestamp":19178920577098,"circlet_count":0,"master_deck":["Defend_G","Defend_G","Defend_G","Defend_G","Defend_G","Strike_G","Strike_G","Strike_G","Strike_G","Strike_G","Survivor","Neutralize+1","Grand Finale","Sucker Punch","Slice","Venomology+1","Quick Slash","Malaise+1","Finisher","Bouncing Flask","Flying Knee","Prepared"],"relics":["Ring of the Snake","Omamori","Meat on the Bone","Oddly Smooth Stone","Dream Catcher"],"potions_floor_usage":[10,10,14,16,16,16],"damage_taken":[{"damage":3,"enemies":"Jaw Worm","floor":1,"turns":5},{"damage":0,"enemies":"Small Slimes","floor":3,"turns":3},{"damage":5,"enemies":"2 Louse","floor":7,"turns":2},{"damage":10,"enemies":"Gremlin Nob","floor":10,"turns":3},{"damage":1,"enemies":"2 Fungi Beasts","floor":11,"turns":4},{"damage":27,"enemies":"Lagavulin","floor":12,"turns":11},{"damage":11,"enemies":"Lots of Slimes","floor":14,"turns":3},{"damage":49,"enemies":"Slime Boss","floor":16,"turns":8}],"seed_played":"8236906589762854529","potions_obtained":[{"floor":7,"key":"FearPotion"},{"floor":12,"key":"AttackPotion"},{"floor":14,"key":"Poison Potion"}],"is_trial":false,"path_per_floor":["M","?","M","?","?","$","M","R","T","E","M","E","?","M","R"],"character_chosen":"THE_SILENT","items_purchased":["Venomology","Omamori"],"campfire_rested":1,"item_purchase_floors":[6,6],"current_hp_per_floor":[67,67,67,67,56,56,51,51,51,41,40,25,25,26,47,0],"gold":117,"neow_bonus":"ONE_RANDOM_RARE_CARD","is_prod":false,"is_daily":false,"chose_seed":false,"campfire_upgraded":1,"win_rate":0,"timestamp":1533859007,"path_taken":["M","?","M","?","?","$","?","R","T","E","M","E","?","?","R","BOSS"],"build_version":"2018-08-02","purchased_purges":0,"victory":false,"max_hp_per_floor":[70,70,70,70,70,70,70,70,70,70,70,70,70,70,70,70],"card_choices":[{"not_picked":["Bane","Cloak And Dagger"],"picked":"Sucker Punch","floor":1},{"not_picked":["Concentrate","Sucker Punch"],"picked":"Slice","floor":3},{"not_picked":["Tactician","Footwork"],"picked":"Quick Slash","floor":7},{"not_picked":["Crippling Poison","Caltrops"],"picked":"Malaise","floor":10},{"not_picked":["Footwork","Reflex"],"picked":"Finisher","floor":11},{"not_picked":["Crippling Poison","Bane"],"picked":"Bouncing Flask","floor":12},{"not_picked":["Blade Dance","Cloak And Dagger"],"picked":"Flying Knee","floor":14},{"not_picked":["Dodge and Roll","Phantasmal Killer"],"picked":"Prepared","floor":15}],"player_experience":315178,"relics_obtained":[{"floor":9,"key":"Meat on the Bone"},{"floor":10,"key":"Oddly Smooth Stone"},{"floor":12,"key":"Dream Catcher"}],"event_choices":[{"event_name":"Living Wall","player_choice":"Grow","floor":2,"damage_taken":0},{"event_name":"Golden Shrine","player_choice":"Pray","floor":4,"damage_taken":0},{"event_name":"World of Goop","player_choice":"Gather Gold","floor":5,"damage_taken":0},{"event_name":"Upgrade Shrine","player_choice":"Upgraded","floor":13,"damage_taken":0}],"is_beta":false,"boss_relics":[],"items_purged_floors":[],"is_endless":false,"potions_floor_spawned":[7,12,14],"killed_by":"Slime Boss","ascension_level":1}