{"gold_per_floor":[111,124,124,74,86,117,117,149,149,184,203,203,215,233,233,328,328,328,328,328,253,107,107,107,107,107,107,16,16,16,16,16,16,16,16,16,16,16,16,16,16,16,16,16,16,16,16,16,16,16,16,16,16,16,16],"floor_reached":56,"playtime":2922,"items_purged":["Strike_R"],"score":1475,"play_id":"d282e875-1aa0-4725-ad7e-a4e160c5846c","local_time":"20190114004601","is_ascension_mode":true,"campfire_choices":[{"data":"Clothesline","floor":7,"key":"SMITH"},{"data":"Barricade","floor":15,"key":"SMITH"},{"data":"Flame Barrier","floor":23,"key":"SMITH"},{"data":"Armaments","floor":27,"key":"SMITH"},{"floor":32,"key":"DIG"},{"floor":40,"key":"DIG"},{"floor":42,"key":"RECALL"},{"floor":44,"key":"DIG"},{"floor":46,"key":"DIG"},{"floor":49,"key":"DIG"},{"floor":52,"key":"DIG"}],"neow_cost":"NONE","seed_source_timestamp":433861828944757,"circlet_count":0,"master_deck":["Strike_R","Strike_R","Defend_R","Defend_R","Defend_R","Defend_R","Bash","Shrug It Off+1","Clothesline+1","Thunderclap","True Grit","Barricade+1","Demon Form","Shrug It Off+1","Pommel Strike+1","Body Slam+1","Impervious","Whirlwind+1","Warcry","Flame Barrier+1","Armaments+1","Flash of Steel+1","Spot Weakness","Feed+1","Pommel Strike+1","Impervious","Body Slam+1","Metallicize+1"],"relics":["Burning Blood","Bronze Scales","Ice Cream","Self Forming Clay","Shovel","Molten Egg 2","Ectoplasm","Tiny Chest","Ancient Tea Set","Frozen Egg 2","Shuriken","Fusion Hammer","War Paint","Magic Flower","Happy Flower","Old Coin","Blood Vial","Bottled Tornado","Red Skull"],"potions_floor_usage":[5,8,10,16,16,16,16,20,24,55,55,55],"damage_taken":[{"damage":1,"enemies":"Cultist","floor":1,"turns":4},{"damage":1,"enemies":"Small Slimes","floor":2,"turns":5},{"damage":7,"enemies":"Jaw Worm","floor":5,"turns":3},{"damage":46,"enemies":"Lagavulin","floor":6,"turns":8},{"damage":52,"enemies":"Gremlin Nob","floor":8,"turns":6},{"damage":18,"enemies":"Lagavulin","floor":10,"turns":8},{"damage":4,"enemies":"Exordium Wildlife","floor":11,"turns":5},{"damage":3,"enemies":"2 Fungi Beasts","floor":13,"turns":4},{"damage":0,"enemies":"Looter","floor":14,"turns":3},{"damage":2,"enemies":"The Guardian","floor":16,"turns":11},{"damage":0,"enemies":"Shell Parasite","floor":18,"turns":5},{"damage":0,"enemies":"2 Thieves","floor":20,"turns":1},{"damage":44,"enemies":"Slavers","floor":24,"turns":8},{"damage":5,"enemies":"Snake Plant","floor":25,"turns":4},{"damage":17,"enemies":"Gremlin Leader","floor":29,"turns":9},{"damage":2,"enemies":"Champ","floor":33,"turns":11},{"damage":7,"enemies":"Orb Walker","floor":35,"turns":3},{"damage":3,"enemies":"3 Shapes","floor":37,"turns":7},{"damage":0,"enemies":"Reptomancer","floor":41,"turns":7},{"damage":0,"enemies":"Jaw Worm Horde","floor":45,"turns":1},{"damage":6,"enemies":"Transient","floor":47,"turns":5},{"damage":0,"enemies":"Spire Growth","floor":48,"turns":4},{"damage":42,"enemies":"Awakened One","floor":50,"turns":9},{"damage":34,"enemies":"Shield and Spear","floor":54,"turns":6},{"damage":79,"enemies":"The Heart","floor":55,"turns":8}],"seed_played":"-6693895112083778677","potions_obtained":[{"floor":2,"key":"Energy Potion"},{"floor":5,"key":"Fruit Juice"},{"floor":6,"key":"Regen Potion"},{"floor":11,"key":"FearPotion"},{"floor":14,"key":"EntropicBrew"},{"floor":16,"key":"SteroidPotion"},{"floor":20,"key":"PowerPotion"},{"floor":24,"key":"Strength Potion"},{"floor":29,"key":"Block Potion"}],"is_trial":false,"path_per_floor":["M","M","?","?","M","E","R","E","T","E","M","T","M","M","R","B",null,"M","?","M","?","$","R","E","M","T","R","$","E","?","$","R","B",null,"M","$","M","?","?","R","E","R","T","R","M","R","M","M","R","B",null,"R","$","E","B",null],"character_chosen":"IRONCLAD","items_purchased":["Flame Barrier","Flash of Steel+1"],"campfire_rested":0,"item_purchase_floors":[22,28],"current_hp_per_floor":[88,88,88,88,92,52,52,21,21,9,11,11,14,20,20,24,93,93,75,81,81,81,81,43,44,44,44,44,33,33,33,33,37,98,97,97,102,102,102,102,102,102,102,102,102,102,102,106,106,73,106,106,106,87,20],"gold":16,"neow_bonus":"TEN_PERCENT_HP_BONUS","is_prod":false,"is_daily":false,"chose_seed":false,"campfire_upgraded":4,"win_rate":0,"timestamp":1547419561,"path_taken":["M","?","?","?","?","E","R","E","T","E","M","?","M","M","R","BOSS","M","?","M","?","$","R","E","M","T","R","$","E","?","?","R","BOSS","M","$","M","?","?","R","E","R","T","R","?","R","M","M","R","BOSS","R","$","E","BOSS"],"build_version":"2019-01-10","purchased_purges":1,"victory":true,"max_hp_per_floor":[88,88,88,88,93,93,93,93,93,93,93,93,93,93,93,93,93,93,98,98,98,98,98,98,98,98,98,98,98,98,98,98,98,98,98,98,102,102,102,102,102,102,102,102,102,102,102,106,106,106,106,106,106,110,110],"card_choices":[{"not_picked":["Fire Breathing","Heavy Blade"],"picked":"Shrug It Off","floor":1},{"not_picked":["Combust","Sentinel"],"picked":"Clothesline","floor":2},{"not_picked":["Headbutt","Iron Wave"],"picked":"Thunderclap","floor":5},{"not_picked":["Twin Strike","Wild Strike"],"picked":"True Grit","floor":6},{"not_picked":["Perfected Strike","Twin Strike"],"picked":"Barricade","floor":8},{"not_picked":["Iron Wave","Havoc"],"picked":"Demon Form","floor":10},{"not_picked":["Twin Strike","Pommel Strike"],"picked":"Shrug It Off","floor":11},{"not_picked":["Infernal Blade","Shrug It Off"],"picked":"Pommel Strike+1","floor":13},{"not_picked":["Intimidate","Sever Soul+1"],"picked":"Body Slam+1","floor":14},{"not_picked":["Double Tap","Reaper+1"],"picked":"Impervious","floor":16},{"not_picked":["Corruption+1","Dual Wield+1"],"picked":"Whirlwind+1","floor":18},{"not_picked":["Dropkick+1","Cleave+1"],"picked":"Warcry","floor":20},{"not_picked":["Shrug It Off","Headbutt+1"],"picked":"Armaments","floor":24},{"not_picked":["Flex+1","Headbutt+1","Second Wind"],"picked":"SKIP","floor":25},{"not_picked":["Pummel+1","Shockwave"],"picked":"Spot Weakness","floor":29},{"not_picked":["Brutality+1","Barricade+1"],"picked":"Feed+1","floor":33},{"not_picked":["Power Through","Reckless Charge+1"],"picked":"Pommel Strike+1","floor":35},{"not_picked":["Spot Weakness+1","Clash+1"],"picked":"True Grit","floor":37},{"not_picked":["Carnage+1","Clash+1","Anger+1"],"picked":"SKIP","floor":41},{"not_picked":["Havoc","Armaments","Reckless Charge+1"],"picked":"SKIP","floor":45},{"not_picked":["Inflame+1","Reckless Charge+1"],"picked":"Body Slam+1","floor":47},{"not_picked":["Headbutt+1","Havoc+1","Sword Boomerang+1"],"picked":"SKIP","floor":48},{"not_picked":["Shrug It Off","Flex+1"],"picked":"Metallicize+1","floor":54}],"player_experience":103499,"relics_obtained":[{"floor":6,"key":"Bronze Scales"},{"floor":8,"key":"Ice Cream"},{"floor":9,"key":"Self Forming Clay"},{"floor":10,"key":"Shovel"},{"floor":12,"key":"Molten Egg 2"},{"floor":24,"key":"Tiny Chest"},{"floor":26,"key":"Ancient Tea Set"},{"floor":29,"key":"Frozen Egg 2"},{"floor":32,"key":"Shuriken"},{"floor":40,"key":"War Paint"},{"floor":41,"key":"Magic Flower"},{"floor":44,"key":"Happy Flower"},{"floor":46,"key":"Old Coin"},{"floor":49,"key":"Blood Vial"},{"floor":52,"key":"Bottled Tornado"},{"floor":54,"key":"Red Skull"}],"event_choices":[{"damage_healed":0,"gold_gain":0,"player_choice":"Ignored","damage_taken":0,"max_hp_gain":0,"max_hp_loss":0,"event_name":"Liars Game","floor":3,"gold_loss":0},{"cards_removed":["Strike_R"],"damage_healed":0,"gold_gain":0,"player_choice":"Card Removal","damage_taken":0,"max_hp_gain":0,"max_hp_loss":0,"event_name":"The Cleric","floor":4,"gold_loss":50},{"damage_healed":0,"gold_gain":0,"player_choice":"Shed Blood","damage_taken":23,"max_hp_gain":5,"max_hp_loss":0,"event_name":"Forgotten Altar","floor":19,"gold_loss":0},{"cards_removed":["Strike_R"],"damage_healed":0,"gold_gain":0,"player_choice":"Gave Gold","damage_taken":0,"max_hp_gain":0,"max_hp_loss":0,"event_name":"Beggar","floor":21,"gold_loss":75},{"damage_healed":0,"gold_gain":0,"player_choice":"Ignored","damage_taken":0,"max_hp_gain":0,"max_hp_loss":0,"event_name":"The Mausoleum","floor":30,"gold_loss":0},{"cards_removed":["True Grit"],"damage_healed":0,"gold_gain":0,"player_choice":"Removed Skill","damage_taken":0,"max_hp_gain":0,"max_hp_loss":0,"event_name":"Falling","floor":38,"gold_loss":0},{"damage_healed":0,"gold_gain":0,"player_choice":"Copied","damage_taken":0,"max_hp_gain":0,"max_hp_loss":0,"event_name":"Duplicator","floor":39,"gold_loss":0,"cards_obtained":["Impervious"]}],"is_beta":false,"boss_relics":[{"not_picked":["Snecko Eye","Lizard Tail"],"picked":"Ectoplasm"},{"not_picked":["Calling Bell","Black Star"],"picked":"Fusion Hammer"}],"items_purged_floors":[22],"is_endless":false,"potions_floor_spawned":[2,5,6,11,14,16,20,24,29,35,45],"ascension_level":4}