{"path_per_floor":["M","?","M","M","M","E","M","E","T","R","M","?","M","M","R","B",null,"M","?","$","M","?","E","R","M","T","R","E","T","$","M","R"],"character_chosen":"IRONCLAD","items_purchased":["Toolbox","Shuriken"],"gold_per_floor":[111,111,121,135,145,170,186,212,285,285,305,363,379,399,399,502,502,520,520,194,207,207,237,237,249,249,249,275,275,16,27,27,27],"floor_reached":33,"campfire_rested":0,"playtime":1951,"current_hp_per_floor":[54,51,51,57,63,60,59,21,21,21,23,16,20,29,29,25,96,92,73,73,58,58,40,40,42,42,42,23,23,23,21,21,0],"items_purged":["Defend_R"],"gold":27,"score":324,"play_id":"00903b3c-8636-473c-ab8a-9378620cd8cb","local_time":"20180512041621","is_prod":false,"is_daily":false,"chose_seed":false,"is_ascension_mode":false,"campfire_upgraded":5,"timestamp":1526091381,"path_taken":["M","?","M","?","M","E","M","E","T","R","M","?","M","M","R","BOSS","M","?","$","M","?","E","R","M","T","R","E","?","$","M","R","BOSS"],"build_version":"2018-05-10","seed_source_timestamp":134989417865222,"purchased_purges":1,"victory":false,"master_deck":["Strike_R","Strike_R","Strike_R","Strike_R","Strike_R","Defend_R","Defend_R","Defend_R","Bash","Clash","Headbutt","Iron Wave","Pommel Strike+1","Rampage+1","Pommel Strike+1","Iron Wave","Clash","Seeing Red+1","Feed+1","Clash","Headbutt","Thunderclap"],"max_hp_per_floor":[96,96,96,96,96,96,96,96,96,96,96,96,96,96,96,96,96,96,101,101,104,104,104,104,104,104,104,104,104,104,108,108,108],"relics":["Burning Blood","Question Card","Letter Opener","Magic Flower","Darkstone Periapt","Lantern","Philosopher\u0027s Stone","Toolbox","Bronze Scales","Frozen Egg 2","Anchor","Regal Pillow","Shuriken"],"card_choices":[{"not_picked":["Shockwave","Armaments","Hemokinesis"],"picked":"Clash","floor":3},{"not_picked":["Warcry","Berserk","Shockwave"],"picked":"Headbutt","floor":4},{"not_picked":["Heavy Blade","Pummel","Anger"],"picked":"Iron Wave","floor":5},{"not_picked":["Armaments","Whirlwind","Reckless Charge"],"picked":"Pommel Strike","floor":6},{"not_picked":["Flame Barrier","Carnage","Entrench"],"picked":"Rampage","floor":7},{"not_picked":["Shockwave","Sword Boomerang","Pummel"],"picked":"Pommel Strike","floor":8},{"not_picked":["Heavy Blade","Shrug It Off","Whirlwind"],"picked":"Iron Wave","floor":12},{"not_picked":["Cleave","Ghostly Armor","Uppercut"],"picked":"Clash","floor":13},{"not_picked":["Spot Weakness","Reaper","Metallicize"],"picked":"Seeing Red","floor":14},{"not_picked":["Juggernaut","Demon Form","Berserk"],"picked":"Feed","floor":16},{"not_picked":["Anger","Inflame","Entrench"],"picked":"Clash","floor":21},{"not_picked":["Perfected Strike","Heavy Blade","True Grit"],"picked":"Headbutt","floor":25},{"not_picked":["Iron Wave","Cleave","Warcry"],"picked":"Thunderclap","floor":31}],"player_experience":7220,"potions_floor_usage":[6,6,8,21,23,23,25,33],"damage_taken":[{"damage":0,"enemies":"Small Slimes","floor":1,"turns":3},{"damage":6,"enemies":"Jaw Worm","floor":3,"turns":5},{"damage":0,"enemies":"Cultist","floor":4,"turns":3},{"damage":0,"enemies":"3 Louse","floor":5,"turns":3},{"damage":9,"enemies":"3 Sentries","floor":6,"turns":9},{"damage":7,"enemies":"2 Fungi Beasts","floor":7,"turns":3},{"damage":44,"enemies":"Lagavulin","floor":8,"turns":9},{"damage":7,"enemies":"Blue Slaver","floor":11,"turns":2},{"damage":16,"enemies":"Gremlin Nob","floor":12,"turns":4},{"damage":5,"enemies":"Exordium Thugs","floor":13,"turns":4},{"damage":0,"enemies":"3 Louse","floor":14,"turns":1},{"damage":13,"enemies":"Slime Boss","floor":16,"turns":9},{"damage":13,"enemies":"Chosen","floor":18,"turns":4},{"damage":29,"enemies":"3 Byrds","floor":21,"turns":4},{"damage":42,"enemies":"Book of Stabbing","floor":23,"turns":4},{"damage":12,"enemies":"Snake Plant","floor":25,"turns":2},{"damage":28,"enemies":"Gremlin Leader","floor":28,"turns":5},{"damage":17,"enemies":"Centurion and Healer","floor":31,"turns":4},{"damage":37,"enemies":"Automaton","floor":33,"turns":4}],"event_choices":[{"event_name":"Scrap Ooze","player_choice":"success","floor":2,"damage_taken":3},{"event_name":"Dead Adventurer","player_choice":"Searched \u00271\u0027 times","floor":12,"damage_taken":0},{"event_name":"Forgotten Altar","player_choice":"Shed Blood","floor":19,"damage_taken":0},{"event_name":"Ghosts","player_choice":"Ignored","floor":22,"damage_taken":0}],"boss_relics":[{"not_picked":["Runic Cube","Ectoplasm"],"picked":"Philosopher\u0027s Stone"}],"potions_floor_spawned":[1,3,5,7,11,18,21,31],"seed_played":"-4892518286223246288","killed_by":"Automaton","ascension_level":0,"is_trial":false}