{"path_per_floor":["M","?","?","?","$","M","R","M","T","M","E","$","R","M","R","B",null,"M","?","?","M","M","R","?","R","T","R","$","R","?","$","R","B",null,"M","?","?","M","M","R","M","M","T"],"character_chosen":"IRONCLAD","items_purchased":["Whirlwind","Spot Weakness","Flex"],"gold_per_floor":[111,286,286,236,8,24,24,42,42,59,87,33,33,49,49,148,148,162,162,162,176,196,196,223,223,223,223,123,123,46,46,46,145,145,162,162,162,174,186,186,203,214,214,214],"floor_reached":44,"campfire_rested":0,"playtime":1339,"current_hp_per_floor":[73,73,70,70,70,67,67,65,65,71,37,37,37,38,38,29,72,65,65,65,63,61,67,69,75,75,81,81,86,86,86,86,31,74,74,74,74,62,55,61,17,15,15,0],"items_purged":["Defend_R","Strike_R"],"gold":214,"score":634,"play_id":"cd4552af-670f-47e6-8af5-448c82528d12","local_time":"20180523033453","is_prod":false,"is_daily":false,"chose_seed":false,"is_ascension_mode":true,"campfire_upgraded":1,"timestamp":1527039293,"campfire_choices":[{"data":"Whirlwind","floor":7,"key":"SMITH"},{"floor":13,"key":"DIG"},{"floor":15,"key":"DIG"},{"floor":23,"key":"DIG"},{"floor":25,"key":"DIG"},{"floor":27,"key":"DIG"},{"floor":29,"key":"DIG"},{"floor":32,"key":"DIG"},{"floor":40,"key":"DIG"}],"path_taken":["M","?","?","?","?","M","R","M","T","?","E","?","R","M","R","BOSS","M","?","?","M","M","R","?","R","T","R","?","R","?","$","R","BOSS","M","?","?","M","M","R","M","?","T","M"],"build_version":"2018-05-17","seed_source_timestamp":280985057683673,"purchased_purges":2,"victory":false,"master_deck":["Strike_R","Strike_R","Strike_R","Defend_R","Defend_R","Defend_R","Bash","AscendersBane","Spot Weakness","Heavy Blade","Flex","Offering","Offering","Pommel Strike+1","J.A.X.","Dropkick+1","Regret"],"max_hp_per_floor":[86,86,86,86,86,86,86,86,86,86,86,86,86,86,86,86,86,86,86,86,86,86,86,86,86,86,86,86,86,86,86,86,88,88,90,90,90,92,94,94,96,96,96,96],"relics":["Burning Blood","Mango","Blue Candle","Bronze Scales","Shovel","Orichalcum","Bag of Preparation","Eternal Feather","Happy Flower","Red Mask","Singing Bowl","Molten Egg 2","Anchor","Magic Flower","Dream Catcher","Cursed Key","Oddly Smooth Stone","Matryoshka"],"card_choices":[{"not_picked":["Wild Strike","Cleave","Warcry"],"picked":"SKIP","floor":1},{"not_picked":["Sword Boomerang","Shrug It Off","Disarm"],"picked":"SKIP","floor":6},{"not_picked":["Flame Barrier","Anger","Armaments"],"picked":"SKIP","floor":8},{"not_picked":["Headbutt","Sword Boomerang"],"picked":"Heavy Blade","floor":10},{"not_picked":["Uppercut","Bludgeon","True Grit"],"picked":"SKIP","floor":11},{"not_picked":["Blood for Blood","Shrug It Off","Dual Wield"],"picked":"SKIP","floor":14},{"not_picked":["Double Tap","Bludgeon"],"picked":"Offering","floor":16},{"not_picked":["Twin Strike","Bloodletting","Sword Boomerang"],"picked":"SKIP","floor":18},{"not_picked":["Inflame","Fire Breathing"],"picked":"Pommel Strike+1","floor":21},{"not_picked":["Dual Wield+1","Havoc","Feel No Pain"],"picked":"SKIP","floor":22},{"not_picked":["Juggernaut","Immolate+1","Limit Break"],"picked":"Singing Bowl","floor":33},{"not_picked":["Fire Breathing+1","Twin Strike+1","Burning Pact+1"],"picked":"Singing Bowl","floor":35},{"not_picked":["Metallicize","Hemokinesis+1","Clash+1"],"picked":"Singing Bowl","floor":38},{"not_picked":["Perfected Strike+1","Twin Strike+1","Wild Strike+1"],"picked":"Singing Bowl","floor":39},{"not_picked":["Warcry+1","Rampage+1","Fire Breathing"],"picked":"Singing Bowl","floor":41},{"not_picked":["Rage","Metallicize+1"],"picked":"Dropkick+1","floor":42}],"player_experience":181391,"potions_floor_usage":[16,16,41],"damage_taken":[{"damage":19,"enemies":"Jaw Worm","floor":1,"turns":5},{"damage":9,"enemies":"2 Louse","floor":6,"turns":2},{"damage":8,"enemies":"Small Slimes","floor":8,"turns":3},{"damage":0,"enemies":"3 Louse","floor":10,"turns":1},{"damage":40,"enemies":"Lagavulin","floor":11,"turns":6},{"damage":5,"enemies":"Looter","floor":14,"turns":2},{"damage":15,"enemies":"Slime Boss","floor":16,"turns":7},{"damage":13,"enemies":"Chosen","floor":18,"turns":4},{"damage":8,"enemies":"Spheric Guardian","floor":21,"turns":1},{"damage":8,"enemies":"Snake Plant","floor":22,"turns":2},{"damage":4,"enemies":"Masked Bandits","floor":24,"turns":2},{"damage":66,"enemies":"Collector","floor":33,"turns":6},{"damage":11,"enemies":"Orb Walker","floor":35,"turns":1},{"damage":23,"enemies":"3 Darklings","floor":38,"turns":3},{"damage":18,"enemies":"Sphere and 2 Shapes","floor":39,"turns":6},{"damage":55,"enemies":"Maw","floor":41,"turns":6},{"damage":11,"enemies":"3 Darklings","floor":42,"turns":4},{"damage":32,"enemies":"Sphere and 2 Shapes","floor":44,"turns":6}],"relics_obtained":[{"floor":9,"key":"Bronze Scales"},{"floor":11,"key":"Shovel"},{"floor":13,"key":"Orichalcum"},{"floor":15,"key":"Bag of Preparation"},{"floor":23,"key":"Happy Flower"},{"floor":24,"key":"Red Mask"},{"floor":25,"key":"Singing Bowl"},{"floor":26,"key":"Molten Egg 2"},{"floor":27,"key":"Anchor"},{"floor":29,"key":"Magic Flower"},{"floor":32,"key":"Dream Catcher"},{"floor":40,"key":"Oddly Smooth Stone"},{"floor":43,"key":"Matryoshka"}],"event_choices":[{"event_name":"Liars Game","player_choice":"agreed","floor":2,"damage_taken":0},{"event_name":"Scrap Ooze","player_choice":"success","floor":3,"damage_taken":3},{"event_name":"The Cleric","player_choice":"Card Removal","floor":4,"damage_taken":0},{"event_name":"Duplicator","player_choice":"One dupe","floor":19,"damage_taken":0},{"event_name":"Purifier","player_choice":"One Purge","floor":20,"damage_taken":0},{"event_name":"Masked Bandits","player_choice":"Fought over 196 gold","floor":24,"damage_taken":0},{"event_name":"Drug Dealer","player_choice":"Got JAXXED","floor":30,"damage_taken":0},{"event_name":"SecretPortal","player_choice":"Rejected Portal.","floor":36,"damage_taken":0}],"boss_relics":[{"not_picked":["Mark of Pain","Lizard Tail"],"picked":"Eternal Feather"},{"not_picked":["Calling Bell","Runic Cube"],"picked":"Cursed Key"}],"potions_floor_spawned":[6,8,14,22,39,41,42],"seed_played":"6288304959156666278","killed_by":"Sphere and 2 Shapes","ascension_level":10,"potions_obtained":[{"floor":6,"key":"Explosive Potion"},{"floor":8,"key":"FairyPotion"},{"floor":14,"key":"AttackPotion"},{"floor":22,"key":"Weak Potion"},{"floor":39,"key":"SpeedPotion"},{"floor":41,"key":"SkillPotion"},{"floor":42,"key":"SteroidPotion"}],"is_trial":false}