{"gold_per_floor":[112,129,129,129,148,148,167,179,179,206,230,230,120,139,139,239,239,258,183,200,214,214,214,214,227,227,227,227],"floor_reached":28,"playtime":1568,"items_purged":["Strike_B"],"score":220,"play_id":"79945328-9471-4a19-ad18-eed2aed95058","local_time":"20190217140943","is_ascension_mode":false,"campfire_choices":[{"data":"Gash","floor":6,"key":"SMITH"},{"floor":12,"key":"REST"},{"floor":15,"key":"REST"},{"floor":23,"key":"REST"}],"neow_cost":"NONE","seed_source_timestamp":275836454033827,"circlet_count":0,"master_deck":["Defend_B","Defend_B","Defend_B","Zap","Dualcast","Rebound","Gash+1","Go for the Eyes","Streamline","Steam Power","All For One","Streamline","Steam","Turbo","Chill"],"relics":["Cracked Core","Gremlin Horn","Unceasing Top","StoneCalendar","PreservedInsect","Odd Mushroom","Empty Cage","Matryoshka"],"potions_floor_usage":[14,16,16],"damage_taken":[{"damage":1,"enemies":"Cultist","floor":1,"turns":3},{"damage":2,"enemies":"2 Louse","floor":2,"turns":2},{"damage":3,"enemies":"Jaw Worm","floor":5,"turns":2},{"damage":15,"enemies":"Looter","floor":7,"turns":3},{"damage":0,"enemies":"Blue Slaver","floor":8,"turns":2},{"damage":21,"enemies":"Lagavulin","floor":10,"turns":5},{"damage":17,"enemies":"The Mushroom Lair","floor":11,"turns":4},{"damage":2,"enemies":"2 Fungi Beasts","floor":14,"turns":2},{"damage":39,"enemies":"The Guardian","floor":16,"turns":7},{"damage":19,"enemies":"Spheric Guardian","floor":18,"turns":4},{"damage":10,"enemies":"Chosen","floor":20,"turns":3},{"damage":31,"enemies":"3 Cultists","floor":21,"turns":6},{"damage":19,"enemies":"Cultist and Chosen","floor":25,"turns":7},{"damage":21,"enemies":"Snake Plant","floor":28,"turns":1}],"seed_played":"-4124613241977128026","potions_obtained":[{"floor":1,"key":"LiquidBronze"},{"floor":5,"key":"LiquidBronze"},{"floor":8,"key":"Ancient Potion"},{"floor":11,"key":"SteroidPotion"},{"floor":16,"key":"FocusPotion"},{"floor":18,"key":"Energy Potion"}],"is_trial":false,"path_per_floor":["M","M","?","?","M","R","M","M","T","E","?","R","$","M","R","B",null,"M","?","M","M","?","R","?","M","T","?","M"],"character_chosen":"DEFECT","items_purchased":["Steam Power"],"campfire_rested":3,"item_purchase_floors":[13],"current_hp_per_floor":[74,72,65,65,62,62,47,47,47,26,9,31,31,29,51,12,75,56,56,46,15,15,37,37,18,18,18,0],"gold":227,"neow_bonus":"THREE_CARDS","is_prod":false,"is_daily":false,"chose_seed":false,"campfire_upgraded":1,"win_rate":0.0,"timestamp":1550380183,"path_taken":["M","?","?","?","M","R","?","M","T","E","?","R","$","M","R","BOSS","M","?","M","M","?","R","?","M","T","?","M"],"build_version":"2019-01-23","purchased_purges":1,"victory":false,"max_hp_per_floor":[75,75,75,75,75,75,75,75,75,75,75,75,75,75,75,75,75,75,75,75,75,75,75,75,75,75,75,75],"card_choices":[{"not_picked":["Cold Snap","Hologram"],"picked":"Rebound","floor":0},{"not_picked":["Darkness","Cold Snap"],"picked":"Gash","floor":1},{"not_picked":["Rebound","Beam Cell"],"picked":"Go for the Eyes","floor":2},{"not_picked":["Chill","Ball Lightning"],"picked":"Streamline","floor":5},{"not_picked":["Stack","Coolheaded","Barrage"],"picked":"SKIP","floor":7},{"not_picked":["Conserve Battery","Auto Shields","Sunder"],"picked":"SKIP","floor":8},{"not_picked":["Ball Lightning","Darkness","Meteor Strike"],"picked":"SKIP","floor":10},{"not_picked":["Chaos","Rebound","Heatsinks"],"picked":"SKIP","floor":14},{"not_picked":["Buffer","Electrodynamics"],"picked":"All For One","floor":16},{"not_picked":["Compile Driver","Stack+1"],"picked":"Streamline","floor":18},{"not_picked":["Streamline","Hello World"],"picked":"Steam","floor":20},{"not_picked":["Aggregate","Loop+1"],"picked":"Turbo","floor":21},{"not_picked":["Melter+1","Coolheaded"],"picked":"Chill","floor":25}],"player_experience":83591,"relics_obtained":[{"floor":9,"key":"StoneCalendar"},{"floor":10,"key":"PreservedInsect"},{"floor":11,"key":"Odd Mushroom"},{"floor":26,"key":"Matryoshka"}],"event_choices":[{"damage_healed":0,"gold_gain":0,"player_choice":"Success","damage_taken":7,"relics_obtained":["Gremlin Horn"],"max_hp_gain":0,"max_hp_loss":0,"event_name":"Scrap Ooze","floor":3,"gold_loss":0},{"damage_healed":0,"gold_gain":0,"player_choice":"Gave Potion","damage_taken":0,"relics_obtained":["Unceasing Top"],"max_hp_gain":0,"max_hp_loss":0,"event_name":"WeMeetAgain","floor":4,"gold_loss":0},{"damage_healed":0,"gold_gain":0,"player_choice":"Fought Mushrooms","damage_taken":0,"max_hp_gain":0,"max_hp_loss":0,"event_name":"Mushrooms","floor":11,"gold_loss":0},{"cards_removed":["Strike_B"],"damage_healed":0,"gold_gain":0,"player_choice":"Gave Gold","damage_taken":0,"max_hp_gain":0,"max_hp_loss":0,"event_name":"Beggar","floor":19,"gold_loss":75},{"cards_removed":["Defend_B"],"damage_healed":0,"gold_gain":0,"player_choice":"Elegance","damage_taken":0,"max_hp_gain":0,"max_hp_loss":0,"event_name":"Back to Basics","floor":22,"gold_loss":0},{"damage_healed":0,"gold_gain":0,"player_choice":"Ignored","damage_taken":0,"max_hp_gain":0,"max_hp_loss":0,"event_name":"The Mausoleum","floor":24,"gold_loss":0},{"damage_healed":0,"gold_gain":0,"player_choice":"Ignored","damage_taken":0,"max_hp_gain":0,"max_hp_loss":0,"event_name":"Ghosts","floor":27,"gold_loss":0}],"is_beta":false,"boss_relics":[{"not_picked":["Tiny House","Calling Bell"],"picked":"Empty Cage"}],"items_purged_floors":[13],"is_endless":false,"potions_floor_spawned":[1,5,8,11,16,18],"killed_by":"Snake Plant","ascension_level":0}