{"path_per_floor":["M","?","M","M","M","R","M","R","T","$","M","R","?","M","R","B",null,"M","$","?","M","?","R"],"character_chosen":"IRONCLAD","items_purchased":["Master of Strategy"],"gold_per_floor":[109,109,121,135,151,151,166,166,190,115,133,133,133,143,143,245,245,256,62,62,73,73,73,73],"floor_reached":24,"campfire_rested":1,"playtime":809,"current_hp_per_floor":[67,72,75,66,65,65,53,53,53,53,43,43,26,32,57,7,66,66,66,66,72,56,56,0],"items_purged":["Defend_R"],"gold":73,"score":263,"play_id":"003b2319-a96a-4b19-adfd-7b0af20bc56f","local_time":"20180519220757","is_prod":false,"is_daily":false,"chose_seed":false,"is_ascension_mode":true,"campfire_upgraded":4,"timestamp":1526760477,"campfire_choices":[{"data":"Pommel Strike","floor":6.0,"key":"SMITH"},{"data":"Rampage","floor":8.0,"key":"SMITH"},{"data":"Seeing Red","floor":12.0,"key":"SMITH"},{"floor":15.0,"key":"REST"},{"data":"Master of Strategy","floor":23,"key":"SMITH"}],"path_taken":["M","?","?","M","M","R","M","R","T","$","M","R","?","M","R","BOSS","M","$","?","M","?","R","E"],"build_version":"2018-05-17","seed_source_timestamp":0,"purchased_purges":1,"victory":false,"master_deck":["Strike_R+1","Strike_R","Strike_R","Defend_R+1","Defend_R","Bash","Seeing Red+1","Pommel Strike+1","Rampage+1","Exhume","Pommel Strike+1","Entrench+1","Searing Blow+1","Master of Strategy+1"],"max_hp_per_floor":[80,85,85,85,85,85,85,85,85,85,85,85,85,85,85,85,85,85,85,85,85,85,85,85],"relics":["Burning Blood","Vajra","Astrolabe","Nilry\u0027s Codex"],"card_choices":[{"not_picked":["Shockwave","Wild Strike"],"picked":"Seeing Red","floor":1.0},{"not_picked":["Armaments","Reckless Charge","Twin Strike"],"picked":"SKIP","floor":3.0},{"not_picked":["Reckless Charge","Shockwave","Warcry"],"picked":"SKIP","floor":4.0},{"not_picked":["Havoc","Warcry"],"picked":"Pommel Strike","floor":5.0},{"not_picked":["Thunderclap","Combust"],"picked":"Rampage","floor":7.0},{"not_picked":["Sword Boomerang","Warcry","Thunderclap"],"picked":"SKIP","floor":11.0},{"not_picked":["Warcry","Body Slam","Clash"],"picked":"SKIP","floor":14.0},{"not_picked":["Feed","Berserk"],"picked":"Exhume","floor":16.0},{"not_picked":["Twin Strike","Wild Strike","Flex"],"picked":"SKIP","floor":18.0},{"not_picked":["Reckless Charge","Second Wind","Clothesline"],"picked":"SKIP","floor":21.0}],"player_experience":117897,"potions_floor_usage":[24],"damage_taken":[{"damage":11.0,"enemies":"Jaw Worm","floor":1.0,"turns":4.0},{"damage":3.0,"enemies":"Small Slimes","floor":3.0,"turns":4.0},{"damage":15.0,"enemies":"Cultist","floor":4.0,"turns":5.0},{"damage":7.0,"enemies":"2 Fungi Beasts","floor":5.0,"turns":4.0},{"damage":18.0,"enemies":"3 Louse","floor":7.0,"turns":3.0},{"damage":16.0,"enemies":"Exordium Thugs","floor":11.0,"turns":4.0},{"damage":0.0,"enemies":"Large Slime","floor":14.0,"turns":4.0},{"damage":56.0,"enemies":"The Guardian","floor":16.0,"turns":10.0},{"damage":6.0,"enemies":"Shell Parasite","floor":18.0,"turns":2.0},{"damage":0.0,"enemies":"Spheric Guardian","floor":21.0,"turns":2.0},{"damage":56,"enemies":"Slavers","floor":24,"turns":3}],"relics_obtained":[{"floor":9.0,"key":"Vajra"},{"floor":22,"key":"Nilry\u0027s Codex"}],"event_choices":[{"event_name":"Big Fish","player_choice":"Donut","floor":2.0,"damage_taken":0.0},{"event_name":"Shining Light","player_choice":"Entered Light","floor":13.0,"damage_taken":0.0},{"event_name":"Addict","player_choice":"Ignored","floor":20.0,"damage_taken":0.0},{"event_name":"Cursed Tome","player_choice":"Obtained Book","floor":22,"damage_taken":0}],"boss_relics":[],"potions_floor_spawned":[1,4,14,16],"seed_played":"-8243050742188381168","killed_by":"Slavers","ascension_level":8,"potions_obtained":[{"floor":1.0,"key":"Energy Potion"},{"floor":4.0,"key":"Fire Potion"},{"floor":14.0,"key":"AttackPotion"}],"is_trial":false}