{"gold_per_floor":[117,135,153,163,163,163,338,350,375,375,204,216,233,233,233,332,332,346,346,356,356,11,11,30,30,30,30,46,46,63,73,73,174,174,188,188,188,204,218,218,236,236],"floor_reached":42,"playtime":2595,"items_purged":["Doubt"],"score":580,"play_id":"9e9ad2fb-2869-480e-866b-8fbe6460cbf3","local_time":"20181029234803","is_ascension_mode":true,"campfire_choices":[{"data":"Double Energy","floor":6,"key":"SMITH"},{"floor":15,"key":"REST"},{"floor":23,"key":"REST"},{"floor":25,"key":"REST"},{"floor":29,"key":"REST"},{"floor":32,"key":"REST"},{"floor":40,"key":"REST"}],"neow_cost":"NONE","seed_source_timestamp":2077314064581029,"circlet_count":0,"master_deck":["Strike_B","Strike_B","Defend_B","Defend_B","Defend_B","Zap+1","Dualcast","Finesse","Leap","Double Energy+1","BootSequence","Leap","Flash of Steel","Conserve Battery","FTL","Echo Form","Go for the Eyes+1","Double Energy","Gash","Secret Technique","Auto Shields+1","Capacitor+1","FTL","Cold Snap","Thunder Strike","Scrape+1","Writhe","Glacier+1"],"relics":["Cracked Core","Orichalcum","Anchor","Nuclear Battery","Strawberry","Kunai","Sozu"],"potions_floor_usage":[21,33,39,39],"damage_taken":[{"damage":0,"enemies":"Cultist","floor":1,"turns":3},{"damage":0,"enemies":"Small Slimes","floor":2,"turns":3},{"damage":0,"enemies":"Jaw Worm","floor":3,"turns":3},{"damage":6,"enemies":"Red Slaver","floor":4,"turns":3},{"damage":2,"enemies":"Looter","floor":8,"turns":3},{"damage":2,"enemies":"3 Louse","floor":12,"turns":5},{"damage":0,"enemies":"Red Slaver","floor":13,"turns":4},{"damage":64,"enemies":"The Guardian","floor":16,"turns":19},{"damage":36,"enemies":"Spheric Guardian","floor":18,"turns":6},{"damage":23,"enemies":"Chosen","floor":20,"turns":7},{"damage":0,"enemies":"Centurion and Healer","floor":21,"turns":1},{"damage":29,"enemies":"Snecko","floor":24,"turns":7},{"damage":12,"enemies":"Snake Plant","floor":28,"turns":8},{"damage":6,"enemies":"Centurion and Healer","floor":30,"turns":11},{"damage":2,"enemies":"Snecko","floor":31,"turns":8},{"damage":0,"enemies":"Champ","floor":33,"turns":19},{"damage":74,"enemies":"3 Darklings","floor":35,"turns":10},{"damage":16,"enemies":"3 Shapes","floor":38,"turns":11},{"damage":51,"enemies":"Transient","floor":39,"turns":5},{"damage":0,"enemies":"4 Shapes","floor":41,"turns":11},{"damage":39,"enemies":"Sphere and 2 Shapes","floor":42,"turns":5}],"seed_played":"-1305704837755523404","potions_obtained":[{"floor":1,"key":"SmokeBomb"},{"floor":3,"key":"SteroidPotion"},{"floor":8,"key":"GamblersBrew"},{"floor":13,"key":"Strength Potion"},{"floor":28,"key":"FocusPotion"},{"floor":33,"key":"Explosive Potion"}],"is_trial":false,"path_per_floor":["M","M","M","M","?","R","?","M","T","?","$","M","M","?","R","B",null,"M","?","M","M","$","R","M","R","T","?","M","R","M","M","R","B",null,"M","?","?","M","M","R","M"],"character_chosen":"DEFECT","items_purchased":["Flash of Steel","Strawberry","Secret Technique"],"campfire_rested":6,"item_purchase_floors":[11,22,22],"current_hp_per_floor":[68,68,68,62,62,62,62,60,60,65,65,63,63,45,69,5,61,25,25,2,2,9,35,6,32,32,32,20,46,40,38,64,64,81,7,29,76,60,9,31,31,0],"gold":236,"neow_bonus":"RANDOM_COLORLESS","is_prod":false,"is_daily":false,"chose_seed":false,"campfire_upgraded":1,"win_rate":0,"timestamp":1540824483,"path_taken":["M","M","?","M","?","R","?","M","T","?","$","?","M","?","R","BOSS","M","?","M","M","$","R","M","R","T","?","M","R","M","?","R","BOSS","M","?","?","M","M","R","M","M"],"build_version":"2018-10-25v2","purchased_purges":1,"victory":false,"max_hp_per_floor":[75,75,75,75,75,75,75,75,75,80,80,80,80,80,80,80,80,80,80,80,80,87,87,87,87,87,87,87,87,87,87,87,87,87,87,87,76,76,76,76,76,76],"card_choices":[{"not_picked":["Lockon","Conserve Battery"],"picked":"Leap","floor":1},{"not_picked":["Compile Driver","Beam Cell"],"picked":"Double Energy","floor":2},{"not_picked":["Stack","Chill","Storm"],"picked":"SKIP","floor":3},{"not_picked":["Compile Driver","Turbo"],"picked":"BootSequence","floor":4},{"not_picked":["Storm","Streamline"],"picked":"Leap","floor":8},{"not_picked":["Consume","Darkness"],"picked":"Conserve Battery","floor":12},{"not_picked":["Auto Shields","Hologram"],"picked":"FTL","floor":13},{"not_picked":["Amplify","Electrodynamics"],"picked":"Echo Form","floor":16},{"not_picked":["Steam","Undo"],"picked":"Go for the Eyes+1","floor":18},{"not_picked":["Steam","Force Field","Multi-Cast"],"picked":"SKIP","floor":20},{"not_picked":["Leap","Skim"],"picked":"Auto Shields+1","floor":24},{"not_picked":["Turbo","Conserve Battery+1"],"picked":"Capacitor+1","floor":28},{"not_picked":["Go for the Eyes+1","Loop"],"picked":"FTL","floor":30},{"not_picked":["Auto Shields","Reinforced Body"],"picked":"Cold Snap","floor":31},{"not_picked":["Fission","Machine Learning"],"picked":"Thunder Strike","floor":33},{"not_picked":["Conserve Battery","Leap+1"],"picked":"Scrape+1","floor":35},{"not_picked":["Stack","Cold Snap+1"],"picked":"Glacier+1","floor":38},{"not_picked":["Lockon","Streamline+1","Hologram+1"],"picked":"SKIP","floor":39},{"not_picked":["Genetic Algorithm","Rebound+1","Hello World"],"picked":"SKIP","floor":41}],"player_experience":290684,"relics_obtained":[{"floor":9,"key":"Orichalcum"},{"floor":26,"key":"Kunai"}],"event_choices":[{"damage_healed":0,"gold_gain":0,"player_choice":"Grow","damage_taken":0,"max_hp_gain":0,"max_hp_loss":0,"event_name":"Living Wall","floor":5,"gold_loss":0,"cards_upgraded":["Zap"]},{"damage_healed":0,"gold_gain":175,"player_choice":"AGREE","damage_taken":0,"max_hp_gain":0,"max_hp_loss":0,"event_name":"Liars Game","floor":7,"gold_loss":0,"cards_obtained":["Doubt"]},{"damage_healed":0,"gold_gain":0,"player_choice":"Donut","damage_taken":0,"max_hp_gain":5,"max_hp_loss":0,"event_name":"Big Fish","floor":10,"gold_loss":0},{"damage_healed":0,"gold_gain":0,"player_choice":"Success","damage_taken":18,"relics_obtained":["Anchor"],"max_hp_gain":0,"max_hp_loss":0,"event_name":"Scrap Ooze","floor":14,"gold_loss":0},{"damage_healed":0,"gold_gain":0,"cards_transformed":["Strike_B","Defend_B"],"player_choice":"Became Test Subject","damage_taken":0,"max_hp_gain":0,"max_hp_loss":0,"event_name":"Drug Dealer","floor":19,"gold_loss":0,"cards_obtained":["Double Energy","Gash"]},{"cards_removed":["Strike_B"],"damage_healed":0,"gold_gain":0,"player_choice":"Offered Basic","damage_taken":0,"max_hp_gain":0,"max_hp_loss":0,"event_name":"Bonfire Elementals","floor":27,"gold_loss":0},{"damage_healed":22,"gold_gain":0,"player_choice":"Writhe","damage_taken":0,"max_hp_gain":0,"max_hp_loss":0,"event_name":"Winding Halls","floor":36,"gold_loss":0,"cards_obtained":["Writhe"]},{"damage_healed":76,"gold_gain":0,"player_choice":"Heal","damage_taken":0,"max_hp_gain":0,"max_hp_loss":11,"event_name":"The Moai Head","floor":37,"gold_loss":0}],"is_beta":false,"boss_relics":[{"not_picked":["Tiny House","Runic Pyramid"],"picked":"Nuclear Battery"},{"not_picked":["Black Star","Lizard Tail"],"picked":"Sozu"}],"items_purged_floors":[11],"is_endless":false,"potions_floor_spawned":[1,3,8,13,20,21,28,33,35,39],"killed_by":"Sphere and 2 Shapes","ascension_level":6}