{"gold_per_floor":[117,292,309,309,322,350,350,250,250,250,283,283,283,130,130,227,227,217,237,687,289,340,340,375,375,375,392,407,427,454,467,467,467],"floor_reached":33,"playtime":1819,"items_purged":["Doubt","Defend_R","Defend_R"],"score":343,"play_id":"0bc23390-256a-418d-8f14-73393cc3e764","local_time":"20190215022240","is_ascension_mode":false,"campfire_choices":[{"floor":7,"key":"REST"},{"floor":10,"key":"REST"},{"data":"Perfected Strike","floor":15,"key":"SMITH"},{"floor":23,"key":"REST"},{"floor":25,"key":"REST"},{"floor":32,"key":"REST"}],"neow_cost":"NONE","seed_source_timestamp":60354926321200,"circlet_count":0,"master_deck":["Strike_R","Strike_R","Strike_R","Strike_R","Strike_R","Defend_R","Defend_R","Bash","Warcry","Twin Strike","Perfected Strike+1","Warcry","Shrug It Off+1","Perfected Strike","Clash+1","Perfected Strike","Cleave","Pommel Strike","Master of Strategy+1","Pommel Strike","Battle Trance+1","Clash","Perfected Strike+1"],"relics":["Burning Blood","Nunchaku","Toxic Egg 2","Omamori","Darkstone Periapt","Lizard Tail","Orichalcum","Dodecahedron","Bottled Flame","Paper Frog"],"potions_floor_usage":[6,16,16,24,24,30,33],"damage_taken":[{"damage":0,"enemies":"Small Slimes","floor":1,"turns":3},{"damage":11,"enemies":"Jaw Worm","floor":3,"turns":7},{"damage":6,"enemies":"2 Louse","floor":5,"turns":3},{"damage":62,"enemies":"3 Sentries","floor":6,"turns":12},{"damage":28,"enemies":"Gremlin Nob","floor":11,"turns":4},{"damage":81,"enemies":"Hexaghost","floor":16,"turns":10},{"damage":15,"enemies":"2 Thieves","floor":18,"turns":4},{"damage":5,"enemies":"Chosen","floor":19,"turns":4},{"damage":32,"enemies":"Slavers","floor":24,"turns":5},{"damage":10,"enemies":"Centurion and Healer","floor":27,"turns":4},{"damage":13,"enemies":"Snake Plant","floor":28,"turns":3},{"damage":14,"enemies":"Sentry and Sphere","floor":29,"turns":4},{"damage":28,"enemies":"Book of Stabbing","floor":30,"turns":4},{"damage":9,"enemies":"3 Cultists","floor":31,"turns":4},{"damage":93,"enemies":"Collector","floor":33,"turns":5}],"seed_played":"-1075955479486578114","potions_obtained":[{"floor":1,"key":"AttackPotion"},{"floor":5,"key":"BloodPotion"},{"floor":11,"key":"Weak Potion"},{"floor":16,"key":"EssenceOfSteel"},{"floor":18,"key":"Swift Potion"},{"floor":19,"key":"Weak Potion"},{"floor":24,"key":"FearPotion"}],"is_trial":false,"path_per_floor":["M","?","M","?","M","E","R","$","T","R","E","?","T","$","R","B",null,"M","M","?","$","T","R","E","R","T","M","M","M","E","M","R","B"],"character_chosen":"IRONCLAD","items_purchased":["Warcry","Perfected Strike","Cleave","Pommel Strike","Master of Strategy+1"],"campfire_rested":5,"item_purchase_floors":[8,14,21,21,21],"current_hp_per_floor":[88,88,83,88,88,41,68,68,68,93,71,93,93,93,93,18,93,84,85,31,31,31,58,32,59,59,55,48,40,18,15,42,0],"gold":467,"neow_bonus":"TEN_PERCENT_HP_BONUS","is_prod":false,"is_daily":false,"chose_seed":false,"campfire_upgraded":1,"win_rate":0.0,"timestamp":1550164960,"path_taken":["M","?","M","?","M","E","R","$","T","R","E","?","?","?","R","BOSS","M","M","?","?","?","R","E","R","T","?","M","M","E","M","R","BOSS"],"build_version":"2019-01-23","purchased_purges":3,"victory":false,"max_hp_per_floor":[88,88,88,93,93,93,93,93,93,93,93,93,93,93,93,93,93,93,93,93,93,93,93,93,93,93,93,93,93,93,93,93,93],"card_choices":[{"not_picked":["Second Wind","Armaments"],"picked":"Warcry","floor":1},{"not_picked":["Iron Wave","Flex","Power Through"],"picked":"SKIP","floor":3},{"not_picked":["Headbutt","Double Tap"],"picked":"Twin Strike","floor":5},{"not_picked":["Armaments","Thunderclap"],"picked":"Perfected Strike","floor":6},{"not_picked":["Inflame","Barricade"],"picked":"Shrug It Off+1","floor":11},{"not_picked":["Armaments+1","Twin Strike"],"picked":"Clash+1","floor":18},{"not_picked":["Twin Strike","Cleave"],"picked":"Perfected Strike","floor":19},{"not_picked":["Rupture","Double Tap+1","Seeing Red+1"],"picked":"SKIP","floor":24},{"not_picked":["Shrug It Off+1","Thunderclap+1"],"picked":"Pommel Strike","floor":27},{"not_picked":["Ghostly Armor+1","Body Slam+1"],"picked":"Battle Trance+1","floor":28},{"not_picked":["Power Through+1","Iron Wave+1"],"picked":"Clash","floor":29},{"not_picked":["Double Tap+1","Entrench+1","Anger+1"],"picked":"SKIP","floor":30},{"not_picked":["Clothesline","Shrug It Off+1"],"picked":"Perfected Strike+1","floor":31}],"player_experience":15739,"relics_obtained":[{"floor":6,"key":"Nunchaku"},{"floor":9,"key":"Toxic Egg 2"},{"floor":11,"key":"Omamori"},{"floor":13,"key":"Darkstone Periapt"},{"floor":22,"key":"Orichalcum"},{"floor":24,"key":"Dodecahedron"},{"floor":26,"key":"Bottled Flame"},{"floor":30,"key":"Paper Frog"}],"event_choices":[{"damage_healed":0,"gold_gain":175,"player_choice":"AGREE","damage_taken":0,"max_hp_gain":0,"max_hp_loss":0,"event_name":"Liars Game","floor":2,"gold_loss":0,"cards_obtained":["Doubt"]},{"damage_healed":0,"gold_gain":0,"player_choice":"Donut","damage_taken":0,"max_hp_gain":5,"max_hp_loss":0,"event_name":"Big Fish","floor":4,"gold_loss":0},{"damage_healed":23,"gold_gain":0,"player_choice":"Healed and dodged fight","damage_taken":0,"max_hp_gain":0,"max_hp_loss":0,"event_name":"Mushrooms","floor":12,"gold_loss":0,"cards_obtained":["Parasite"]},{"damage_healed":0,"gold_gain":450,"player_choice":"GOLD GOLD GOLD GOLD GOLD ","damage_taken":54,"max_hp_gain":0,"max_hp_loss":0,"event_name":"Knowing Skull","floor":20,"potions_obtained":[],"gold_loss":0,"cards_obtained":[]}],"is_beta":false,"boss_relics":[{"not_picked":["Ectoplasm","Orrery"],"picked":"Lizard Tail"}],"items_purged_floors":[8,14,21],"is_endless":false,"potions_floor_spawned":[1,5,11,16,18,19,24],"killed_by":"Collector","ascension_level":0}