{"gold_per_floor":[111,130,55,75,75,75,110,10,10,10,43,55,90,13,13,110,110,122,133,144,59,9,44,56,68,80,103,115,141,186,198],"floor_reached":31,"playtime":1370,"items_purged":["Strike_R","Strike_R"],"score":532,"play_id":"68aeb56a-47e7-4cd1-aa54-f511b4fe1d16","local_time":"20190209190044","is_ascension_mode":true,"campfire_choices":[{"data":"Disarm","floor":6,"key":"SMITH"},{"floor":10,"key":"REST"},{"data":"Demon Form","floor":15,"key":"SMITH"},{"floor":25,"key":"REST"}],"neow_cost":"NONE","seed_source_timestamp":464273794694752,"circlet_count":0,"master_deck":["AscendersBane","Strike_R","Strike_R","Strike_R","Defend_R","Defend_R","Defend_R","Defend_R","Bash","Fiend Fire+1","Body Slam+1","Disarm+1","Demon Form+1","Warcry","Metallicize","Metallicize","Battle Trance","Exhume","Warcry","True Grit+1","Spot Weakness+1","True Grit","Barricade","Warcry+1","Flame Barrier"],"relics":["Burning Blood","Ornamental Fan","FossilizedHelix","Oddly Smooth Stone","Mercury Hourglass","Philosopher\u0027s Stone","Dream Catcher","MawBank","Blue Candle","Red Skull"],"potions_floor_usage":[19,20,23,30,30],"damage_taken":[{"damage":7,"enemies":"Jaw Worm","floor":1,"turns":2},{"damage":8,"enemies":"Small Slimes","floor":2,"turns":3},{"damage":4,"enemies":"2 Louse","floor":4,"turns":3},{"damage":45,"enemies":"3 Sentries","floor":7,"turns":13},{"damage":12,"enemies":"Lagavulin","floor":11,"turns":6},{"damage":4,"enemies":"Blue Slaver","floor":12,"turns":4},{"damage":5,"enemies":"Gremlin Nob","floor":13,"turns":4},{"damage":0,"enemies":"Hexaghost","floor":16,"turns":8},{"damage":12,"enemies":"Spheric Guardian","floor":18,"turns":4},{"damage":54,"enemies":"3 Byrds","floor":19,"turns":5},{"damage":15,"enemies":"Snake Plant","floor":20,"turns":5},{"damage":13,"enemies":"Book of Stabbing","floor":23,"turns":9},{"damage":25,"enemies":"Shelled Parasite and Fungi","floor":27,"turns":6},{"damage":10,"enemies":"Centurion and Healer","floor":29,"turns":10},{"damage":34,"enemies":"Slavers","floor":30,"turns":4},{"damage":12,"enemies":"Chosen and Byrds","floor":31,"turns":5}],"seed_played":"-4538493502957863766","potions_obtained":[{"floor":4,"key":"FearPotion"},{"floor":7,"key":"BloodPotion"},{"floor":16,"key":"PowerPotion"},{"floor":20,"key":"GamblersBrew"},{"floor":23,"key":"AttackPotion"}],"is_trial":false,"path_per_floor":["M","M","$","M","?","R","E","$","T","R","E","M","E","$","R","B",null,"M","M","M","?","$","E","?","R","T","M","?","M","E","M"],"character_chosen":"IRONCLAD","items_purchased":["Battle Trance","AttackPotion"],"campfire_rested":2,"item_purchase_floors":[14,22],"current_hp_per_floor":[71,69,69,71,55,55,16,16,16,40,34,36,37,37,37,43,71,65,17,16,16,16,9,9,33,33,14,40,36,8,0],"gold":198,"neow_bonus":"ONE_RANDOM_RARE_CARD","is_prod":false,"is_daily":false,"chose_seed":false,"campfire_upgraded":2,"win_rate":0,"timestamp":1549731644,"path_taken":["M","M","$","M","?","R","E","$","T","R","E","M","E","$","R","BOSS","M","M","M","?","?","E","?","R","T","M","?","M","E","M"],"build_version":"2019-01-23","purchased_purges":2,"victory":false,"max_hp_per_floor":[80,80,80,80,80,80,80,80,80,80,80,80,80,80,80,80,80,80,80,80,80,80,80,80,80,80,80,80,80,80,80],"card_choices":[{"not_picked":["Perfected Strike","Heavy Blade"],"picked":"Body Slam","floor":1},{"not_picked":["Corruption","Shrug It Off"],"picked":"Disarm","floor":2},{"not_picked":["Perfected Strike","Anger","Searing Blow"],"picked":"SKIP","floor":4},{"not_picked":["Seeing Red","Uppercut"],"picked":"Demon Form","floor":7},{"not_picked":["Brutality","Anger"],"picked":"Warcry","floor":11},{"not_picked":["Armaments","Warcry"],"picked":"Metallicize","floor":12},{"not_picked":["Dual Wield","Ghostly Armor"],"picked":"Metallicize","floor":13},{"not_picked":["Immolate","Feed"],"picked":"Exhume","floor":16},{"not_picked":["Evolve","Wild Strike+1"],"picked":"Warcry","floor":18},{"not_picked":["Clash+1","Heavy Blade"],"picked":"True Grit+1","floor":19},{"not_picked":["Perfected Strike+1","Headbutt"],"picked":"Spot Weakness+1","floor":20},{"not_picked":["Fire Breathing","Dropkick"],"picked":"True Grit","floor":23},{"not_picked":["Havoc+1","Pommel Strike"],"picked":"Barricade","floor":27},{"not_picked":["Rage","Evolve"],"picked":"Warcry+1","floor":29},{"not_picked":["Sentinel","Seeing Red+1"],"picked":"Flame Barrier","floor":30}],"player_experience":175769,"relics_obtained":[{"floor":7,"key":"Ornamental Fan"},{"floor":9,"key":"FossilizedHelix"},{"floor":11,"key":"Oddly Smooth Stone"},{"floor":13,"key":"Mercury Hourglass"},{"floor":23,"key":"MawBank"},{"floor":26,"key":"Blue Candle"},{"floor":30,"key":"Red Skull"}],"event_choices":[{"damage_healed":0,"gold_gain":0,"player_choice":"Entered Light","damage_taken":16,"max_hp_gain":0,"max_hp_loss":0,"event_name":"Shining Light","floor":5,"gold_loss":0,"cards_upgraded":["Body Slam","Fiend Fire"]},{"damage_healed":0,"gold_gain":0,"player_choice":"Obtained Relic","damage_taken":0,"relics_obtained":["Dream Catcher"],"max_hp_gain":0,"max_hp_loss":0,"event_name":"Addict","floor":21,"gold_loss":85},{"damage_healed":0,"gold_gain":0,"player_choice":"Ignored","damage_taken":0,"max_hp_gain":0,"max_hp_loss":0,"event_name":"Beggar","floor":24,"gold_loss":0},{"damage_healed":26,"gold_gain":0,"player_choice":"Heal","damage_taken":0,"max_hp_gain":0,"max_hp_loss":0,"event_name":"The Library","floor":28,"gold_loss":0}],"is_beta":false,"boss_relics":[{"not_picked":["Black Blood","Runic Pyramid"],"picked":"Philosopher\u0027s Stone"}],"items_purged_floors":[3,8],"is_endless":false,"potions_floor_spawned":[4,7,11,16,20,23,29],"killed_by":"Chosen and Byrds","ascension_level":11}