{"path_per_floor":["M","?","M","M","?","R","?","R","T","M","M","M","?","M","R","B",null,"M","?","?","?","$","R","?","R","T","R","E","?","M","M","R"],"character_chosen":"IRONCLAD","items_purchased":["Singing Bowl"],"gold_per_floor":[113,113,132,152,152,152,152,152,152,170,185,203,203,219,219,316,316,327,242,242,242,19,19,19,19,19,19,51,51,61,78,78,78],"floor_reached":33,"campfire_rested":1,"playtime":790,"current_hp_per_floor":[77,61,70,76,76,76,69,69,69,71,80,73,78,85,85,15,68,52,52,52,52,52,52,52,77,77,77,51,51,62,64,64,0],"items_purged":["Defend_R"],"gold":78,"score":381,"play_id":"356d4f95-5036-4289-ba52-f295cca5c4cf","local_time":"20180519223617","is_prod":false,"is_daily":false,"chose_seed":false,"is_ascension_mode":true,"campfire_upgraded":6,"timestamp":1526762177,"campfire_choices":[{"data":"Flex","floor":6,"key":"SMITH"},{"data":"Flex","floor":8,"key":"SMITH"},{"data":"Whirlwind","floor":15,"key":"SMITH"},{"data":"Flex","floor":23,"key":"SMITH"},{"floor":25,"key":"REST"},{"data":"Bash","floor":27,"key":"SMITH"},{"data":"Bite","floor":32,"key":"SMITH"}],"path_taken":["M","?","?","M","?","R","?","R","T","M","?","M","?","M","R","BOSS","M","?","?","?","$","R","?","R","T","R","E","?","M","M","R","BOSS"],"build_version":"2018-05-17","seed_source_timestamp":4413551253772,"purchased_purges":1,"victory":false,"master_deck":["Defend_R+1","Bash+1","Flex+1","Flex+1","Whirlwind+1","Flex+1","Bite+1","Bite","Bite","Bite","Bite"],"max_hp_per_floor":[80,80,80,80,80,80,80,80,80,80,80,80,85,85,85,85,85,85,85,85,85,85,85,85,85,85,85,87,60,62,64,64,64],"relics":["Black Blood","Magic Flower","Art of War","Letter Opener","Juzu Bracelet","Spirit Poop","Singing Bowl","Blood Vial","Dream Catcher"],"card_choices":[{"not_picked":["Headbutt","Body Slam"],"picked":"Flex","floor":1},{"not_picked":["Shrug It Off","Thunderclap"],"picked":"Flex","floor":3},{"not_picked":["Cleave","Reckless Charge","Second Wind"],"picked":"SKIP","floor":4},{"not_picked":["Feel No Pain","Intimidate"],"picked":"Whirlwind","floor":10},{"not_picked":["Battle Trance","Carnage","Blood for Blood"],"picked":"SKIP","floor":11},{"not_picked":["Clash","True Grit"],"picked":"Flex","floor":12},{"not_picked":["Dark Embrace","Armaments","Clothesline"],"picked":"SKIP","floor":14},{"not_picked":["Fire Breathing","Flame Barrier","Shockwave"],"picked":"SKIP","floor":18},{"not_picked":["Power Through+1","Dropkick","Fire Breathing"],"picked":"Singing Bowl","floor":28},{"not_picked":["Twin Strike","Clash","Sword Boomerang"],"picked":"Singing Bowl","floor":30},{"not_picked":["Heavy Blade","Sever Soul+1","True Grit+1"],"picked":"Singing Bowl","floor":31}],"player_experience":119576,"potions_floor_usage":[16,16,33,33],"damage_taken":[{"damage":4,"enemies":"2 Louse","floor":1,"turns":4},{"damage":0,"enemies":"Small Slimes","floor":3,"turns":3},{"damage":3,"enemies":"Cultist","floor":4,"turns":3},{"damage":7,"enemies":"2 Fungi Beasts","floor":10,"turns":3},{"damage":0,"enemies":"3 Louse","floor":11,"turns":2},{"damage":16,"enemies":"Red Slaver","floor":12,"turns":2},{"damage":0,"enemies":"Blue Slaver","floor":14,"turns":2},{"damage":79,"enemies":"Hexaghost","floor":16,"turns":8},{"damage":31,"enemies":"Chosen","floor":18,"turns":5},{"damage":46,"enemies":"Slavers","floor":28,"turns":3},{"damage":3,"enemies":"3 Byrds","floor":30,"turns":3},{"damage":6,"enemies":"Centurion and Healer","floor":31,"turns":3},{"damage":113,"enemies":"Champ","floor":33,"turns":9}],"relics_obtained":[{"floor":9,"key":"Letter Opener"},{"floor":26,"key":"Blood Vial"},{"floor":28,"key":"Dream Catcher"}],"event_choices":[{"event_name":"Shining Light","player_choice":"Entered Light","floor":2,"damage_taken":0},{"event_name":"Living Wall","player_choice":"Forget","floor":5,"damage_taken":0},{"event_name":"Scrap Ooze","player_choice":"success","floor":7,"damage_taken":7},{"event_name":"Big Fish","player_choice":"Donut","floor":13,"damage_taken":0},{"event_name":"Addict","player_choice":"Obtained Relic","floor":19,"damage_taken":0},{"event_name":"Bonfire Elementals","player_choice":"CURSE","floor":20,"damage_taken":0},{"event_name":"Ghosts","player_choice":"Ignored","floor":21,"damage_taken":0},{"event_name":"Back to Basics","player_choice":"Elegance","floor":24,"damage_taken":0},{"event_name":"Vampires","player_choice":"Became a vampire","floor":29,"damage_taken":0}],"boss_relics":[{"not_picked":["Lizard Tail","White Beast Statue"],"picked":"Black Blood"}],"potions_floor_spawned":[3,12,16,18,31],"seed_played":"-2332353876068539138","killed_by":"Champ","ascension_level":8,"potions_obtained":[{"floor":3,"key":"LiquidBronze"},{"floor":12,"key":"AttackPotion"},{"floor":16,"key":"Dexterity Potion"},{"floor":18,"key":"Explosive Potion"},{"floor":31,"key":"EssenceOfSteel"}],"is_trial":false}