{"gold_per_floor":[114,189,154,174,105,105,105,105,105,125,125,137,172,20,20,116,116,126,126,126,141,159,192,205,205,258,258],"floor_reached":27,"playtime":1147,"items_purged":[],"score":231,"play_id":"f4580ccf-3470-4350-8b80-455929999c97","local_time":"20190104214649","is_ascension_mode":false,"campfire_choices":[{"data":"Defragment","floor":6,"key":"SMITH"},{"data":"Zap","floor":11,"key":"SMITH"},{"floor":15,"key":"REST"},{"floor":25,"key":"REST"}],"neow_cost":"NONE","seed_source_timestamp":163106696545797,"circlet_count":0,"master_deck":["Strike_B","Strike_B","Strike_B","Strike_B","Defend_B","Defend_B","Defend_B","Defend_B","Zap+1","Dualcast","FTL","Redo","Defragment+1","Beam Cell","Turbo","Sunder","Storm","Ball Lightning","Rebound","Creative AI","Conserve Battery","Sunder","Glacier","White Noise+1","Hologram","Stack","Injury"],"relics":["Busted Crown","Bottled Flame","Du-Vu Doll","Cursed Key","Sundial","Vajra"],"potions_floor_usage":[21,22,23,24,27],"damage_taken":[{"damage":7,"enemies":"2 Louse","floor":1,"turns":3},{"damage":5,"enemies":"Small Slimes","floor":4,"turns":3},{"damage":5,"enemies":"Cultist","floor":10,"turns":4},{"damage":0,"enemies":"Looter","floor":12,"turns":2},{"damage":26,"enemies":"Lagavulin","floor":13,"turns":7},{"damage":11,"enemies":"Slime Boss","floor":16,"turns":5},{"damage":5,"enemies":"Spheric Guardian","floor":18,"turns":3},{"damage":5,"enemies":"3 Byrds","floor":21,"turns":4},{"damage":16,"enemies":"Snecko","floor":22,"turns":4},{"damage":47,"enemies":"Slavers","floor":23,"turns":3},{"damage":16,"enemies":"Centurion and Healer","floor":24,"turns":4},{"damage":30,"enemies":"Cultist and Chosen","floor":27,"turns":4}],"seed_played":"-6404806873918904556","potions_obtained":[{"floor":1,"key":"SpeedPotion"},{"floor":8,"key":"GamblersBrew"},{"floor":8,"key":"Regen Potion"},{"floor":12,"key":"PowerPotion"},{"floor":13,"key":"Explosive Potion"},{"floor":21,"key":"FairyPotion"},{"floor":23,"key":"FocusPotion"},{"floor":24,"key":"Dexterity Potion"}],"is_trial":false,"path_per_floor":["M","?","?","M","$","R","?","?","T","M","R","M","E","$","R","B",null,"M","?","?","M","M","E","M","R","T","M"],"character_chosen":"DEFECT","items_purchased":["Defragment","Storm","Ball Lightning","Rebound"],"campfire_rested":2,"item_purchase_floors":[5,14,14,14],"current_hp_per_floor":[68,57,75,70,70,70,70,70,70,65,65,65,39,39,61,50,75,70,70,70,65,58,11,7,29,29,0],"gold":258,"neow_bonus":"BOSS_RELIC","is_prod":false,"is_daily":false,"chose_seed":false,"campfire_upgraded":2,"win_rate":0.0,"timestamp":1546667209,"path_taken":["M","?","?","M","$","R","?","?","T","?","R","M","E","$","R","BOSS","M","?","?","M","M","E","M","R","T","?"],"build_version":"2019-01-03v4","purchased_purges":0,"victory":false,"max_hp_per_floor":[75,75,75,75,75,75,75,75,75,75,75,75,75,75,75,75,75,75,75,75,75,75,75,75,75,75,75],"card_choices":[{"not_picked":[],"picked":"FTL","floor":1},{"not_picked":[],"picked":"Redo","floor":4},{"not_picked":[],"picked":"Beam Cell","floor":10},{"not_picked":[],"picked":"Turbo","floor":12},{"not_picked":[],"picked":"Sunder","floor":13},{"not_picked":[],"picked":"Creative AI","floor":16},{"not_picked":[],"picked":"Conserve Battery","floor":18},{"not_picked":[],"picked":"Glacier","floor":21},{"not_picked":[],"picked":"White Noise+1","floor":22},{"not_picked":[],"picked":"Hologram","floor":23},{"not_picked":[],"picked":"Stack","floor":24}],"player_experience":45285,"relics_obtained":[{"floor":9,"key":"Bottled Flame"},{"floor":13,"key":"Du-Vu Doll"},{"floor":23,"key":"Sundial"},{"floor":26,"key":"Vajra"}],"event_choices":[{"damage_healed":0,"gold_gain":75,"player_choice":"Gather Gold","damage_taken":11,"max_hp_gain":0,"max_hp_loss":0,"event_name":"World of Goop","floor":2,"gold_loss":0},{"damage_healed":18,"gold_gain":0,"player_choice":"Healed","damage_taken":0,"max_hp_gain":0,"max_hp_loss":0,"event_name":"The Cleric","floor":3,"gold_loss":35},{"damage_healed":0,"gold_gain":0,"player_choice":"Ignored","damage_taken":0,"max_hp_gain":0,"max_hp_loss":0,"event_name":"Golden Wing","floor":7,"gold_loss":0},{"damage_healed":0,"gold_gain":0,"player_choice":"Got Potions","damage_taken":0,"max_hp_gain":0,"max_hp_loss":0,"event_name":"Lab","floor":8,"gold_loss":0},{"damage_healed":0,"gold_gain":0,"player_choice":"Read","damage_taken":0,"max_hp_gain":0,"max_hp_loss":0,"event_name":"The Library","floor":19,"gold_loss":0,"cards_obtained":["Sunder"]},{"damage_healed":0,"gold_gain":0,"player_choice":"0 cards matched","damage_taken":0,"max_hp_gain":0,"max_hp_loss":0,"event_name":"Match and Keep!","floor":20,"gold_loss":0,"cards_obtained":[]}],"is_beta":false,"boss_relics":[{"not_picked":["Tiny House","Fusion Hammer"],"picked":"Cursed Key"}],"items_purged_floors":[],"is_endless":false,"potions_floor_spawned":[1,12,13,21,23,24],"killed_by":"Cultist and Chosen","ascension_level":0}