{"path_per_floor":["M","$","M","M","M","R","E","R","T","M","M","R","M","M","R"],"character_chosen":"IRONCLAD","items_purchased":[],"gold_per_floor":[116,41,58,73,93,93,127,127,150,165,175,175,191,208,208,208],"floor_reached":16,"campfire_rested":4,"playtime":510,"current_hp_per_floor":[72,72,74,69,48,72,28,52,52,58,47,71,61,54,78,78],"items_purged":["Defend_R"],"gold":208,"score":159,"play_id":"aabf7cb9-e107-43b5-91c4-d19b5174b5e3","local_time":"20180522032536","is_prod":false,"is_daily":false,"chose_seed":false,"is_ascension_mode":true,"campfire_upgraded":0,"timestamp":1526952336,"campfire_choices":[{"floor":6,"key":"REST"},{"floor":8,"key":"REST"},{"floor":12,"key":"REST"},{"floor":15,"key":"REST"}],"path_taken":["M","$","?","?","M","R","E","R","T","M","M","R","M","M","R","BOSS"],"build_version":"2018-05-17","seed_source_timestamp":194857034907419,"purchased_purges":1,"victory":false,"master_deck":["Strike_R","Strike_R","Strike_R","Strike_R","Strike_R","Defend_R+1","Defend_R+1","Bash","AscendersBane"],"max_hp_per_floor":[80,80,80,80,80,80,80,80,80,80,80,80,80,80,80,80],"relics":["Burning Blood","Anchor","War Paint"],"card_choices":[{"not_picked":["Shrug It Off","Armaments","Disarm"],"picked":"SKIP","floor":1},{"not_picked":["Clash","Perfected Strike","Armaments"],"picked":"SKIP","floor":3},{"not_picked":["Immolate","Clothesline","Heavy Blade"],"picked":"SKIP","floor":4},{"not_picked":["Armaments","Uppercut","Clash"],"picked":"SKIP","floor":5},{"not_picked":["Berserk","Cleave","True Grit"],"picked":"SKIP","floor":7},{"not_picked":["Anger","Wild Strike","Evolve"],"picked":"SKIP","floor":10},{"not_picked":["Armaments","True Grit","Sword Boomerang"],"picked":"SKIP","floor":11},{"not_picked":["Berserk","Pommel Strike","Shockwave"],"picked":"SKIP","floor":13},{"not_picked":["Rage","Inflame","Headbutt"],"picked":"SKIP","floor":14}],"player_experience":173978,"potions_floor_usage":[7],"damage_taken":[{"damage":6,"enemies":"Cultist","floor":1,"turns":3},{"damage":4,"enemies":"2 Louse","floor":3,"turns":4},{"damage":11,"enemies":"Jaw Worm","floor":4,"turns":4},{"damage":27,"enemies":"Gremlin Gang","floor":5,"turns":6},{"damage":50,"enemies":"Lagavulin","floor":7,"turns":7},{"damage":0,"enemies":"3 Louse","floor":10,"turns":4},{"damage":17,"enemies":"Exordium Wildlife","floor":11,"turns":6},{"damage":16,"enemies":"Lots of Slimes","floor":13,"turns":7},{"damage":13,"enemies":"Blue Slaver","floor":14,"turns":3},{"damage":0,"enemies":"The Guardian","floor":16,"turns":1}],"relics_obtained":[{"floor":7,"key":"Anchor"},{"floor":9,"key":"War Paint"}],"event_choices":[],"boss_relics":[],"potions_floor_spawned":[4,10,11],"seed_played":"7207939003578222922","killed_by":"The Guardian","ascension_level":10,"potions_obtained":[{"floor":4,"key":"Weak Potion"},{"floor":10,"key":"SpeedPotion"},{"floor":11,"key":"Energy Potion"}],"is_trial":false}