{"gold_per_floor":[119,119,138,151,166,176,210,210,210,225,257,38,38,63,63,137,137,155,171,186,136,136,136],"floor_reached":23,"playtime":1032,"items_purged":["Strike_R"],"score":383,"play_id":"f659dbd4-ad99-420a-b0e1-7f012390f8fe","local_time":"20190130194319","is_ascension_mode":true,"campfire_choices":[{"data":"Demon Form","floor":8,"key":"SMITH"},{"data":"Perfected Strike","floor":13,"key":"SMITH"},{"floor":15,"key":"REST"}],"neow_cost":"NONE","seed_source_timestamp":179630918703200,"circlet_count":0,"master_deck":["AscendersBane","Strike_R","Strike_R","Strike_R","Strike_R","Defend_R","Defend_R","Defend_R","Defend_R","Bash","Clothesline","Perfected Strike+1","Impervious","Power Through","Headbutt","Demon Form+1","Iron Wave","Shrug It Off","Feed","Anger","Armaments","Battle Trance"],"relics":["Burning Blood","NeowsBlessing","NlothsMask","Torii","Smiling Mask","Strange Spoon","Shuriken","Black Star"],"potions_floor_usage":[7,7,14,16],"damage_taken":[{"damage":0,"enemies":"2 Louse","floor":1,"turns":1},{"damage":0,"enemies":"Cultist","floor":3,"turns":1},{"damage":0,"enemies":"Small Slimes","floor":4,"turns":1},{"damage":32,"enemies":"Gremlin Gang","floor":5,"turns":7},{"damage":3,"enemies":"Looter","floor":6,"turns":3},{"damage":19,"enemies":"Gremlin Nob","floor":7,"turns":5},{"damage":14,"enemies":"Blue Slaver","floor":10,"turns":4},{"damage":22,"enemies":"3 Sentries","floor":11,"turns":10},{"damage":2,"enemies":"Lagavulin","floor":14,"turns":6},{"damage":38,"enemies":"The Guardian","floor":16,"turns":8},{"damage":45,"enemies":"3 Byrds","floor":18,"turns":8},{"damage":2,"enemies":"Chosen","floor":19,"turns":6},{"damage":23,"enemies":"Sentry and Sphere","floor":20,"turns":7},{"damage":24,"enemies":"Book of Stabbing","floor":23,"turns":5}],"seed_played":"7699656080720915646","potions_obtained":[{"floor":1,"key":"EssenceOfSteel"},{"floor":6,"key":"LiquidBronze"},{"floor":7,"key":"Strength Potion"},{"floor":10,"key":"AttackPotion"},{"floor":11,"key":"Fruit Juice"}],"is_trial":false,"path_per_floor":["M","?","M","M","M","M","E","R","T","M","E","$","R","E","R","B",null,"M","M","M","$","?","E"],"character_chosen":"IRONCLAD","items_purchased":["Strange Spoon"],"campfire_rested":1,"item_purchase_floors":[12],"current_hp_per_floor":[74,74,75,75,49,52,39,39,39,31,15,15,15,24,48,16,64,31,35,24,24,24,0],"gold":136,"neow_bonus":"THREE_ENEMY_KILL","is_prod":false,"is_daily":false,"chose_seed":false,"campfire_upgraded":2,"win_rate":0,"timestamp":1548873799,"path_taken":["M","?","M","M","M","M","E","R","T","?","E","$","R","E","R","BOSS","M","M","M","$","?","E"],"build_version":"2019-01-23","purchased_purges":1,"victory":false,"max_hp_per_floor":[75,75,75,75,75,75,75,75,75,75,75,75,75,80,80,80,80,86,86,92,92,92,92],"card_choices":[{"not_picked":["Pummel","Ghostly Armor"],"picked":"Clothesline","floor":1},{"not_picked":["Heavy Blade","Twin Strike"],"picked":"Perfected Strike","floor":3},{"not_picked":["Anger","Cleave"],"picked":"Impervious","floor":4},{"not_picked":["Armaments","Burning Pact"],"picked":"Power Through","floor":5},{"not_picked":["Bloodletting","Wild Strike"],"picked":"Headbutt","floor":6},{"not_picked":["Uppercut","Burning Pact"],"picked":"Demon Form","floor":7},{"not_picked":["Reckless Charge","Thunderclap"],"picked":"Iron Wave","floor":10},{"not_picked":["Dual Wield","Clothesline"],"picked":"Shrug It Off","floor":11},{"not_picked":["Spot Weakness","Twin Strike","Pommel Strike"],"picked":"SKIP","floor":14},{"not_picked":["Bludgeon","Berserk"],"picked":"Feed","floor":16},{"not_picked":["Flex","Uppercut"],"picked":"Anger","floor":18},{"not_picked":["True Grit","Warcry+1"],"picked":"Armaments","floor":19},{"not_picked":["Thunderclap","Body Slam"],"picked":"Battle Trance","floor":20}],"player_experience":283518,"relics_obtained":[{"floor":7,"key":"Torii"},{"floor":11,"key":"Smiling Mask"},{"floor":14,"key":"Shuriken"}],"event_choices":[{"damage_healed":0,"gold_gain":0,"player_choice":"Trade","damage_taken":0,"relics_obtained":["NlothsMask"],"max_hp_gain":0,"max_hp_loss":0,"event_name":"FaceTrader","floor":2,"gold_loss":0},{"damage_healed":0,"gold_gain":0,"player_choice":"Ignored","damage_taken":0,"max_hp_gain":0,"max_hp_loss":0,"event_name":"Vampires","floor":22,"gold_loss":0}],"is_beta":false,"boss_relics":[{"not_picked":["White Beast Statue","Philosopher\u0027s Stone"],"picked":"Black Star"}],"items_purged_floors":[21],"is_endless":false,"potions_floor_spawned":[1,6,7,10,11],"killed_by":"Book of Stabbing","ascension_level":16}