{"gold_per_floor":[112,187,199,199,215,247,247,274,274,289,289,315,335,38,38,138,138,155,455,455,475,475,475,475],"floor_reached":24,"playtime":1056,"items_purged":[],"score":332,"play_id":"d905c4b2-d692-46fa-bd08-1f6d1ecb5b7d","local_time":"20181009044213","is_ascension_mode":true,"campfire_choices":[{"data":"Limit Break","floor":7,"key":"SMITH"},{"floor":11,"key":"REST"},{"floor":15,"key":"REST"},{"floor":23,"key":"DIG"}],"neow_cost":"NONE","seed_source_timestamp":1358143934252008,"circlet_count":0,"master_deck":["Bash","AscendersBane","Headbutt","Limit Break+1","Thunderclap","Thunderclap","Flame Barrier","Rupture","Body Slam","Twin Strike","True Grit","Rupture","Havoc","Clash","Anger","Sword Boomerang"],"relics":["Burning Blood","NeowsBlessing","Oddly Smooth Stone","Mercury Hourglass","Potion Belt","Ornamental Fan","Ice Cream","Pandora\u0027s Box","Old Coin","Shovel","Orichalcum"],"potions_floor_usage":[6,8,13,16],"damage_taken":[{"damage":0,"enemies":"Cultist","floor":1,"turns":1},{"damage":0,"enemies":"Small Slimes","floor":3,"turns":1},{"damage":0,"enemies":"2 Louse","floor":5,"turns":1},{"damage":16,"enemies":"Gremlin Nob","floor":6,"turns":3},{"damage":64,"enemies":"Lagavulin","floor":8,"turns":9},{"damage":14,"enemies":"Lots of Slimes","floor":10,"turns":3},{"damage":28,"enemies":"3 Sentries","floor":12,"turns":6},{"damage":12,"enemies":"Exordium Thugs","floor":13,"turns":4},{"damage":24,"enemies":"Slime Boss","floor":16,"turns":7},{"damage":24,"enemies":"2 Thieves","floor":18,"turns":4},{"damage":16,"enemies":"3 Byrds","floor":21,"turns":4},{"damage":43,"enemies":"Gremlin Leader","floor":24,"turns":3}],"seed_played":"2375782148897083419","potions_obtained":[{"floor":5,"key":"AttackPotion"},{"floor":6,"key":"Swift Potion"},{"floor":12,"key":"Regen Potion"},{"floor":13,"key":"Strength Potion"},{"floor":16,"key":"EssenceOfSteel"}],"is_trial":false,"path_per_floor":["M","?","M","?","M","E","R","E","T","M","R","E","M","$","R","B",null,"M","?","?","M","?","R"],"character_chosen":"IRONCLAD","items_purchased":["Ice Cream"],"campfire_rested":2,"item_purchase_floors":[14],"current_hp_per_floor":[78,67,73,78,84,74,74,16,16,8,33,11,17,17,42,24,70,52,52,52,42,42,42,0],"gold":475,"neow_bonus":"THREE_ENEMY_KILL","is_prod":false,"is_daily":false,"chose_seed":false,"campfire_upgraded":1,"win_rate":0,"timestamp":1539052933,"path_taken":["M","?","M","?","?","E","R","E","T","M","R","E","?","$","R","BOSS","M","?","?","?","?","R","E"],"build_version":"2018-10-04v2","purchased_purges":0,"victory":false,"max_hp_per_floor":[80,80,80,85,85,85,85,85,85,85,85,85,85,85,85,85,85,85,85,85,85,85,85,85],"card_choices":[{"not_picked":["Perfected Strike","True Grit","Clothesline"],"picked":"SKIP","floor":1},{"not_picked":["Clash","Havoc"],"picked":"Headbutt","floor":3},{"not_picked":["Shrug It Off","Perfected Strike","Warcry"],"picked":"SKIP","floor":5},{"not_picked":["Spot Weakness","Shockwave"],"picked":"Limit Break","floor":6},{"not_picked":["Pommel Strike","Reaper"],"picked":"Thunderclap","floor":8},{"not_picked":["Pommel Strike","Armaments","Wild Strike"],"picked":"SKIP","floor":10},{"not_picked":["Iron Wave","Berserk"],"picked":"Thunderclap","floor":12},{"not_picked":["Clash","Clothesline","True Grit"],"picked":"SKIP","floor":13},{"not_picked":["Clothesline","Warcry","Shockwave"],"picked":"SKIP","floor":18},{"not_picked":["Entrench","Perfected Strike+1"],"picked":"Sword Boomerang","floor":21}],"player_experience":236873,"relics_obtained":[{"floor":6,"key":"Oddly Smooth Stone"},{"floor":8,"key":"Mercury Hourglass"},{"floor":9,"key":"Potion Belt"},{"floor":12,"key":"Ornamental Fan"},{"floor":23,"key":"Orichalcum"}],"event_choices":[{"event_name":"World of Goop","player_choice":"Gather Gold","floor":2,"damage_taken":0},{"event_name":"Big Fish","player_choice":"Donut","floor":4,"damage_taken":0},{"event_name":"The Mausoleum","player_choice":"Yes","floor":19,"damage_taken":0},{"event_name":"The Library","player_choice":"Read","floor":20,"damage_taken":0},{"event_name":"WeMeetAgain","player_choice":"Card","floor":22,"damage_taken":0}],"is_beta":false,"boss_relics":[{"not_picked":["Coffee Dripper","Black Star"],"picked":"Pandora\u0027s Box"}],"items_purged_floors":[],"is_endless":false,"potions_floor_spawned":[5,6,12,13,16],"killed_by":"Gremlin Leader","ascension_level":11}