{"gold_per_floor":[13,13,88,105,125,158,158,158,158,158,176,176,176,186,186,290,290,304,304,316,241,241,241,260,9,9,28,42,42,42,61,61,163,163,178,0,19,30,30,30,61,61,61,61,74,74,89,9,9,9],"floor_reached":51,"playtime":3071,"items_purged":["Strike_B","Strike_B"],"score":921,"play_id":"2844e68e-2751-4bfc-9abf-f09e3240cfb6","local_time":"20181106000515","is_ascension_mode":true,"campfire_choices":[{"floor":7,"key":"REST"},{"data":"Self Repair","floor":10,"key":"SMITH"},{"data":"Tempest","floor":13,"key":"SMITH"},{"floor":15,"key":"REST"},{"data":"Seek","floor":23,"key":"SMITH"},{"data":"Defragment","floor":32,"key":"SMITH"},{"data":"Defragment","floor":40,"key":"SMITH"},{"data":"Ball Lightning","floor":42,"key":"SMITH"},{"data":"Conserve Battery","floor":44,"key":"SMITH"},{"data":"Leap","floor":49,"key":"SMITH"}],"neow_cost":"NO_GOLD","seed_source_timestamp":2682661621554258,"circlet_count":0,"master_deck":["Defend_B","Defend_B","Defend_B","Defend_B","Zap","Dualcast","Conserve Battery+1","Leap+1","Seek+1","Ball Lightning+1","Hologram","Self Repair+1","Tempest+1","Redo+1","Cold Snap","Leap+1","Echo Form","Fission+1","Recycle+1","Glacier+1","Defragment+1","Leap+1","Seek+1","Auto Shields+1","Defragment+1","Cold Snap+1","Aggregate+1","Force Field+1","Madness+1","Madness+1"],"relics":["Cracked Core","Prayer Wheel","Anchor","PreservedInsect","Toxic Egg 2","Omamori","Velvet Choker","DataDisk","Pear","Inserter","Red Mask","Dream Catcher","The Courier"],"potions_floor_usage":[33,50,50],"damage_taken":[{"damage":1,"enemies":"Cultist","floor":1,"turns":3},{"damage":0,"enemies":"Small Slimes","floor":4,"turns":3},{"damage":0,"enemies":"2 Louse","floor":5,"turns":2},{"damage":45,"enemies":"Lagavulin","floor":6,"turns":7},{"damage":0,"enemies":"Looter","floor":11,"turns":3},{"damage":3,"enemies":"3 Louse","floor":14,"turns":3},{"damage":1,"enemies":"The Guardian","floor":16,"turns":13},{"damage":1,"enemies":"2 Thieves","floor":18,"turns":4},{"damage":13,"enemies":"Spheric Guardian","floor":20,"turns":4},{"damage":2,"enemies":"Colosseum Slavers","floor":22,"turns":5},{"damage":21,"enemies":"Chosen and Byrds","floor":24,"turns":7},{"damage":4,"enemies":"Cultist and Chosen","floor":27,"turns":10},{"damage":14,"enemies":"Shelled Parasite and Fungi","floor":28,"turns":7},{"damage":0,"enemies":"Snecko","floor":31,"turns":7},{"damage":58,"enemies":"Champ","floor":33,"turns":22},{"damage":0,"enemies":"Orb Walker","floor":35,"turns":3},{"damage":5,"enemies":"3 Darklings","floor":37,"turns":6},{"damage":15,"enemies":"Sphere and 2 Shapes","floor":38,"turns":8},{"damage":32,"enemies":"Nemesis","floor":41,"turns":7},{"damage":3,"enemies":"Transient","floor":45,"turns":5},{"damage":7,"enemies":"3 Darklings","floor":47,"turns":6},{"damage":20,"enemies":"Donu and Deca","floor":50,"turns":15}],"seed_played":"4689010252314489267","potions_obtained":[{"floor":5,"key":"Ancient Potion"},{"floor":11,"key":"FairyPotion"},{"floor":16,"key":"SteroidPotion"},{"floor":20,"key":"Ancient Potion"},{"floor":24,"key":"Explosive Potion"},{"floor":31,"key":"PowerPotion"},{"floor":33,"key":"PowerPotion"},{"floor":45,"key":"Weak Potion"}],"is_trial":false,"path_per_floor":["M","$","?","M","M","E","R","?","T","R","M","?","R","M","R","B",null,"M","?","M","?","?","R","M","$","T","M","M","?","$","M","R","B",null,"M","?","M","M","?","R","E","R","T","R","M","?","M","$","R","B",null],"character_chosen":"DEFECT","items_purchased":["DataDisk","Leap+1"],"campfire_rested":2,"item_purchase_floors":[25,25],"current_hp_per_floor":[67,67,56,56,56,18,40,40,40,40,50,32,32,39,61,70,74,75,75,75,75,75,75,64,64,74,85,85,69,69,89,89,41,78,88,88,90,90,90,90,78,78,78,78,85,74,87,87,87,67],"gold":9,"neow_bonus":"ONE_RARE_RELIC","is_prod":false,"is_daily":false,"chose_seed":false,"campfire_upgraded":8,"win_rate":0,"timestamp":1541430315,"path_taken":["M","?","?","M","M","E","R","?","T","R","?","?","R","M","R","BOSS","M","?","M","?","?","R","M","?","T","?","M","?","?","M","R","BOSS","M","?","M","M","?","R","E","R","T","R","?","?","M","?","R","BOSS"],"build_version":"2018-11-01","purchased_purges":2,"victory":true,"max_hp_per_floor":[75,75,75,75,75,75,75,75,75,75,75,75,75,75,75,75,75,75,75,75,75,75,75,75,75,85,85,85,90,90,90,90,90,90,90,90,90,90,90,90,90,90,90,90,90,90,90,90,90,90],"card_choices":[{"not_picked":["Streamline","Hologram"],"picked":"Conserve Battery","floor":1},{"not_picked":["Consume","Static Discharge"],"picked":"Leap","floor":1},{"not_picked":["Stack","Barrage"],"picked":"Seek","floor":4},{"not_picked":["Conserve Battery","Redo"],"picked":"Ball Lightning","floor":4},{"not_picked":["Conserve Battery","Scrape"],"picked":"Hologram","floor":5},{"not_picked":["Redo","FTL"],"picked":"Self Repair","floor":5},{"not_picked":["Compile Driver","Gash"],"picked":"Tempest","floor":6},{"not_picked":["Rip and Tear","Cold Snap"],"picked":"Redo+1","floor":11},{"not_picked":["Sweeping Beam","Steam Power+1"],"picked":"Cold Snap","floor":11},{"not_picked":["Stack+1","Sweeping Beam"],"picked":"Leap+1","floor":14},{"not_picked":["Rebound","Compile Driver"],"picked":"Echo Form","floor":14},{"not_picked":["Thunder Strike","Amplify+1"],"picked":"Fission+1","floor":16},{"not_picked":["Barrage","Steam+1","Gash"],"picked":"SKIP","floor":18},{"not_picked":["Redo+1","Hologram+1","Darkness+1"],"picked":"SKIP","floor":18},{"not_picked":["Gash","Streamline"],"picked":"Glacier+1","floor":20},{"not_picked":["Storm","Gash","Consume+1"],"picked":"SKIP","floor":20},{"not_picked":["Recycle+1","Amplify+1"],"picked":"Defragment","floor":24},{"not_picked":["Steam Power+1","Force Field+1","Turbo+1"],"picked":"SKIP","floor":24},{"not_picked":["Chill+1","Rip and Tear"],"picked":"Seek+1","floor":27},{"not_picked":["Redo+1","Stack+1","Tempest+1"],"picked":"SKIP","floor":27},{"not_picked":["Sweeping Beam","Storm"],"picked":"Auto Shields+1","floor":28},{"not_picked":["Steam Power+1","Chaos+1","Compile Driver"],"picked":"SKIP","floor":28},{"not_picked":["Gash","Sunder","Auto Shields+1"],"picked":"SKIP","floor":31},{"not_picked":["Recycle+1","Skim+1","Darkness+1"],"picked":"SKIP","floor":31},{"not_picked":["Streamline+1","Rebound+1"],"picked":"Defragment","floor":35},{"not_picked":["Double Energy+1","Hello World"],"picked":"Cold Snap+1","floor":35},{"not_picked":["Fusion+1","Leap+1","Hologram+1"],"picked":"SKIP","floor":37},{"not_picked":["Tempest+1","Lockon","Genetic Algorithm+1"],"picked":"SKIP","floor":37},{"not_picked":["Doom and Gloom+1","Beam Cell+1","Heatsinks"],"picked":"SKIP","floor":38},{"not_picked":["Steam+1","BootSequence+1","Redo+1"],"picked":"SKIP","floor":38},{"not_picked":["Echo Form","Compile Driver+1","Buffer"],"picked":"SKIP","floor":41},{"not_picked":["Streamline","Rebound+1"],"picked":"Force Field+1","floor":45},{"not_picked":["Reinforced Body+1","Streamline","Barrage"],"picked":"SKIP","floor":45},{"not_picked":["Coolheaded+1","Skim+1","Hologram+1"],"picked":"SKIP","floor":47},{"not_picked":["Self Repair+1","Tempest+1","Rebound"],"picked":"SKIP","floor":47}],"player_experience":407123,"relics_obtained":[{"floor":6,"key":"Anchor"},{"floor":9,"key":"Toxic Egg 2"},{"floor":26,"key":"Pear"},{"floor":41,"key":"Dream Catcher"},{"floor":43,"key":"The Courier"}],"event_choices":[{"damage_healed":0,"gold_gain":75,"player_choice":"Gather Gold","damage_taken":11,"max_hp_gain":0,"max_hp_loss":0,"event_name":"World of Goop","floor":3,"gold_loss":0},{"damage_healed":0,"gold_gain":0,"player_choice":"Gave Potion","damage_taken":0,"relics_obtained":["PreservedInsect"],"max_hp_gain":0,"max_hp_loss":0,"event_name":"WeMeetAgain","floor":8,"gold_loss":0},{"damage_healed":0,"gold_gain":0,"player_choice":"Success","damage_taken":18,"relics_obtained":["Omamori"],"max_hp_gain":0,"max_hp_loss":0,"event_name":"Scrap Ooze","floor":12,"gold_loss":0},{"damage_healed":0,"gold_gain":0,"player_choice":"Read","damage_taken":0,"max_hp_gain":0,"max_hp_loss":0,"event_name":"The Library","floor":19,"gold_loss":0,"cards_obtained":["Recycle"]},{"cards_removed":["Strike_B"],"damage_healed":0,"gold_gain":0,"player_choice":"Gave Gold","damage_taken":0,"max_hp_gain":0,"max_hp_loss":0,"event_name":"Beggar","floor":21,"gold_loss":75},{"damage_healed":0,"gold_gain":0,"player_choice":"Fight","damage_taken":0,"max_hp_gain":0,"max_hp_loss":0,"event_name":"Colosseum","floor":22,"gold_loss":0},{"damage_healed":0,"gold_gain":0,"player_choice":"Fled From Nobs","damage_taken":0,"max_hp_gain":0,"max_hp_loss":0,"event_name":"Colosseum","floor":22,"gold_loss":0},{"damage_healed":0,"gold_gain":0,"player_choice":"Shed Blood","damage_taken":21,"max_hp_gain":5,"max_hp_loss":0,"event_name":"Forgotten Altar","floor":29,"gold_loss":0},{"damage_healed":0,"gold_gain":0,"player_choice":"Paid","damage_taken":0,"relics_obtained":["Red Mask"],"max_hp_gain":0,"max_hp_loss":0,"event_name":"Tomb of Lord Red Mask","floor":36,"gold_loss":178},{"damage_healed":0,"gold_gain":0,"cards_transformed":["Strike_B"],"player_choice":"Transformed","damage_taken":0,"max_hp_gain":0,"max_hp_loss":0,"event_name":"Transmorgrifier","floor":39,"gold_loss":0,"cards_obtained":["Aggregate"]},{"damage_healed":0,"gold_gain":0,"player_choice":"Embrace Madness","damage_taken":11,"max_hp_gain":0,"max_hp_loss":0,"event_name":"Winding Halls","floor":46,"gold_loss":0,"cards_obtained":["Madness","Madness"]}],"is_beta":false,"boss_relics":[{"not_picked":["Lizard Tail","Empty Cage"],"picked":"Velvet Choker"},{"not_picked":["Eternal Feather","Runic Pyramid"],"picked":"Inserter"}],"items_purged_floors":[25,48],"is_endless":false,"potions_floor_spawned":[5,11,16,20,24,27,31,33,35,37,41,45],"ascension_level":7}