{"gold_per_floor":[365,382,82,99,99,132,132,157,209,221,239,239,255,280,280,381,381,394,309,329,229,245,245,261,261,306,306,306],"floor_reached":28,"playtime":1704,"items_purged":["Strike_R","Perfected Strike"],"score":300,"play_id":"9566da78-a7e2-41eb-af94-d2fa542b66e9","local_time":"20190114231337","is_ascension_mode":true,"campfire_choices":[{"floor":12,"key":"REST"},{"data":"Havoc","floor":15,"key":"SMITH"},{"floor":23,"key":"REST"},{"data":"Heavy Blade","floor":25,"key":"SMITH"},{"floor":27,"key":"REST"}],"neow_cost":"TEN_PERCENT_HP_LOSS","seed_source_timestamp":471499740642993,"circlet_count":0,"master_deck":["Bash","Clothesline","Havoc+1","True Grit","Headbutt","Headbutt","Flame Barrier","Shrug It Off","Feel No Pain","Disarm","Demon Form","Hemokinesis","Inflame","Havoc","Heavy Blade+1","Carnage","Thunderclap","Inflame","Sever Soul","Feel No Pain"],"relics":["Burning Blood","Bag of Preparation","Dead Branch","Magic Flower","Sundial","Dodecahedron","Regal Pillow","Oddly Smooth Stone","Pandora\u0027s Box","Omamori","Smiling Mask"],"potions_floor_usage":[6,8,16,20,20],"damage_taken":[{"damage":1,"enemies":"Cultist","floor":1,"turns":3},{"damage":4,"enemies":"Small Slimes","floor":2,"turns":4},{"damage":5,"enemies":"Jaw Worm","floor":4,"turns":4},{"damage":28,"enemies":"3 Sentries","floor":6,"turns":6},{"damage":24,"enemies":"Gremlin Nob","floor":8,"turns":4},{"damage":17,"enemies":"Exordium Thugs","floor":10,"turns":6},{"damage":1,"enemies":"Blue Slaver","floor":11,"turns":4},{"damage":12,"enemies":"3 Louse","floor":13,"turns":5},{"damage":22,"enemies":"Lagavulin","floor":14,"turns":9},{"damage":20,"enemies":"The Guardian","floor":16,"turns":17},{"damage":38,"enemies":"Spheric Guardian","floor":18,"turns":8},{"damage":22,"enemies":"2 Thieves","floor":20,"turns":4},{"damage":10,"enemies":"Centurion and Healer","floor":22,"turns":6},{"damage":33,"enemies":"Snake Plant","floor":24,"turns":4},{"damage":73,"enemies":"Gremlin Leader","floor":28,"turns":7}],"seed_played":"-267198569716779813","potions_obtained":[{"floor":1,"key":"Strength Potion"},{"floor":4,"key":"Fire Potion"},{"floor":8,"key":"Weak Potion"},{"floor":13,"key":"SteroidPotion"},{"floor":18,"key":"Ancient Potion"}],"is_trial":false,"path_per_floor":["M","M","$","M","?","E","T","E","T","M","M","R","M","E","R","B",null,"M","?","M","$","M","R","M","R","T","R","E"],"character_chosen":"IRONCLAD","items_purchased":["Bag of Preparation","Havoc","True Grit"],"campfire_rested":3,"item_purchase_floors":[3,3,3],"current_hp_per_floor":[72,72,72,72,69,47,47,32,32,24,32,68,65,52,52,41,64,35,35,22,22,21,57,33,33,33,69,0],"gold":306,"neow_bonus":"TWO_FIFTY_GOLD","is_prod":false,"is_daily":false,"chose_seed":false,"campfire_upgraded":2,"win_rate":0,"timestamp":1547500417,"path_taken":["M","?","$","?","?","E","?","E","T","M","M","R","?","E","R","BOSS","M","?","M","$","M","R","M","R","T","R","E"],"build_version":"2019-01-10","purchased_purges":2,"victory":false,"max_hp_per_floor":[72,72,72,72,72,72,72,72,72,72,72,72,72,72,72,72,72,72,72,72,72,72,72,72,72,72,72,72],"card_choices":[{"not_picked":["Shockwave","Flex"],"picked":"Clothesline","floor":1},{"not_picked":["Flex","Wild Strike","Infernal Blade"],"picked":"SKIP","floor":2},{"not_picked":["Clash","Seeing Red"],"picked":"Headbutt","floor":4},{"not_picked":["Rupture","Blood for Blood"],"picked":"Headbutt","floor":6},{"not_picked":["Searing Blow","Brutality"],"picked":"Flame Barrier","floor":8},{"not_picked":["Iron Wave","Thunderclap"],"picked":"Shrug It Off","floor":10},{"not_picked":["Anger","Wild Strike"],"picked":"Feel No Pain","floor":11},{"not_picked":["Infernal Blade","Flex"],"picked":"Disarm","floor":13},{"not_picked":["Sword Boomerang","Headbutt","Twin Strike"],"picked":"SKIP","floor":14},{"not_picked":["Fiend Fire","Barricade"],"picked":"Demon Form","floor":16},{"not_picked":["Twin Strike","Entrench","Iron Wave"],"picked":"SKIP","floor":18},{"not_picked":["Anger","Thunderclap","Clash"],"picked":"SKIP","floor":20},{"not_picked":["Cleave","Heavy Blade"],"picked":"Sever Soul","floor":22},{"not_picked":["Uppercut","Disarm"],"picked":"Feel No Pain","floor":24}],"player_experience":77968,"relics_obtained":[{"floor":6,"key":"Magic Flower"},{"floor":7,"key":"Sundial"},{"floor":8,"key":"Dodecahedron"},{"floor":9,"key":"Regal Pillow"},{"floor":14,"key":"Oddly Smooth Stone"},{"floor":26,"key":"Smiling Mask"}],"event_choices":[{"damage_healed":0,"gold_gain":0,"player_choice":"Success","damage_taken":3,"relics_obtained":["Dead Branch"],"max_hp_gain":0,"max_hp_loss":0,"event_name":"Scrap Ooze","floor":5,"gold_loss":0},{"damage_healed":0,"gold_gain":0,"player_choice":"Obtained Relic","damage_taken":0,"relics_obtained":["Omamori"],"max_hp_gain":0,"max_hp_loss":0,"event_name":"Addict","floor":19,"gold_loss":85}],"is_beta":false,"boss_relics":[{"not_picked":["Runic Dome","Runic Cube"],"picked":"Pandora\u0027s Box"}],"items_purged_floors":[3,21],"is_endless":false,"potions_floor_spawned":[1,4,8,13,18],"killed_by":"Gremlin Leader","ascension_level":5}