{"gold_per_floor":[15,25,25,44,44,74,84,101,101,74,74,92,17,17,17,17],"floor_reached":16,"playtime":935,"items_purged":["Strike_G"],"score":114,"play_id":"ee1b89c7-fc1d-4dca-96fb-93ebe47b2006","local_time":"20181220125700","is_ascension_mode":true,"campfire_choices":[{"data":"Survivor","floor":11,"key":"SMITH"},{"data":"Neutralize","floor":15,"key":"SMITH"}],"neow_cost":"NO_GOLD","seed_source_timestamp":453079741993611,"circlet_count":0,"master_deck":["Defend_G","Defend_G","Defend_G","Defend_G","Defend_G","Strike_G","Strike_G","Strike_G","Survivor+1","Neutralize+1","Backflip","Deadly Poison","Blur","Bouncing Flask","Blur","Bouncing Flask"],"relics":["Ring of the Snake","Omamori","Gambling Chip","Paper Crane"],"potions_floor_usage":[16,16,16],"damage_taken":[{"damage":0,"enemies":"Small Slimes","floor":1,"turns":4},{"damage":0,"enemies":"2 Louse","floor":2,"turns":4},{"damage":0,"enemies":"Cultist","floor":4,"turns":4},{"damage":33,"enemies":"3 Sentries","floor":6,"turns":14},{"damage":0,"enemies":"2 Fungi Beasts","floor":7,"turns":6},{"damage":7,"enemies":"Red Slaver","floor":8,"turns":5},{"damage":1,"enemies":"Exordium Thugs","floor":10,"turns":6},{"damage":0,"enemies":"2 Fungi Beasts","floor":12,"turns":5},{"damage":35,"enemies":"Slime Boss","floor":16,"turns":12}],"seed_played":"5750618231665303002","potions_obtained":[{"floor":2,"key":"PowerPotion"},{"floor":6,"key":"GamblersBrew"},{"floor":7,"key":"SpeedPotion"}],"is_trial":false,"path_per_floor":["M","M","?","M","?","E","M","M","T","M","R","M","$","?","R","B"],"character_chosen":"THE_SILENT","items_purchased":[],"campfire_rested":0,"item_purchase_floors":[],"current_hp_per_floor":[84,84,72,72,72,39,39,32,32,31,31,31,31,31,31,0],"gold":17,"neow_bonus":"TWENTY_PERCENT_HP_BONUS","is_prod":false,"is_daily":false,"chose_seed":false,"campfire_upgraded":2,"win_rate":0,"timestamp":1545303420,"path_taken":["M","M","?","M","?","E","M","M","T","?","R","M","$","?","R","BOSS"],"build_version":"2018-12-13","purchased_purges":1,"victory":false,"max_hp_per_floor":[84,84,84,84,84,84,84,84,84,84,84,84,84,84,84,84],"card_choices":[{"not_picked":["Slice","Sucker Punch"],"picked":"Backflip","floor":1},{"not_picked":["Blade Dance","Tactician","Skewer"],"picked":"SKIP","floor":2},{"not_picked":["Deflect","Prepared"],"picked":"Deadly Poison","floor":4},{"not_picked":["Phantasmal Killer","Outmaneuver"],"picked":"Blur","floor":6},{"not_picked":["Acrobatics","Deflect"],"picked":"Bouncing Flask","floor":7},{"not_picked":["Leg Sweep","Dagger Throw"],"picked":"Blur","floor":8},{"not_picked":["Predator","Bane","Flying Knee"],"picked":"SKIP","floor":10},{"not_picked":["Outmaneuver","Dodge and Roll"],"picked":"Bouncing Flask","floor":12}],"player_experience":46634,"relics_obtained":[{"floor":6,"key":"Gambling Chip"},{"floor":9,"key":"Paper Crane"}],"event_choices":[{"damage_healed":0,"gold_gain":0,"player_choice":"Success","damage_taken":12,"relics_obtained":["Omamori"],"max_hp_gain":0,"max_hp_loss":0,"event_name":"Scrap Ooze","floor":3,"gold_loss":0},{"damage_healed":0,"gold_gain":0,"player_choice":"Cursed","damage_taken":0,"max_hp_gain":0,"max_hp_loss":0,"event_name":"Wheel of Change","floor":5,"gold_loss":0,"cards_obtained":["Decay"]},{"cards_removed":["Strike_G"],"damage_healed":0,"gold_gain":0,"player_choice":"Offered Basic","damage_taken":0,"max_hp_gain":0,"max_hp_loss":0,"event_name":"Bonfire Elementals","floor":14,"gold_loss":0}],"is_beta":false,"boss_relics":[],"items_purged_floors":[13],"is_endless":false,"potions_floor_spawned":[2,6,7,8,10],"killed_by":"Slime Boss","ascension_level":2}