{"gold_per_floor":[364,34,48,48,65,65,140,140,140,167,180,191,191],"floor_reached":13,"playtime":480,"items_purged":["Parasite"],"score":111,"play_id":"890f672b-120b-411a-a579-4f8030ff0082","local_time":"20190125230238","is_ascension_mode":true,"campfire_choices":[{"data":"Entrench","floor":6,"key":"SMITH"},{"data":"Pommel Strike","floor":8,"key":"SMITH"}],"neow_cost":"CURSE","seed_source_timestamp":109836983704712,"circlet_count":0,"master_deck":["Strike_R","Strike_R","Strike_R","Strike_R","Defend_R","Defend_R","Defend_R","Defend_R","Bash","Pommel Strike+1","Master of Strategy","Spot Weakness","Spot Weakness","Entrench+1","Entrench","Armaments","Metallicize"],"relics":["Burning Blood","Self Forming Clay","Letter Opener"],"potions_floor_usage":[12,13],"damage_taken":[{"damage":23,"enemies":"Jaw Worm","floor":1,"turns":4},{"damage":9,"enemies":"2 Louse","floor":3,"turns":3},{"damage":1,"enemies":"Cultist","floor":5,"turns":3},{"damage":32,"enemies":"3 Sentries","floor":10,"turns":7},{"damage":12,"enemies":"Red Slaver","floor":11,"turns":4},{"damage":1,"enemies":"Looter","floor":12,"turns":4},{"damage":34,"enemies":"Exordium Wildlife","floor":13,"turns":5}],"seed_played":"6959420214933313813","potions_obtained":[{"floor":10,"key":"SneckoOil"},{"floor":11,"key":"Block Potion"}],"is_trial":false,"path_per_floor":["M","$","M","?","M","R","?","R","T","E","M","M","M"],"character_chosen":"IRONCLAD","items_purchased":["Master of Strategy","Spot Weakness"],"campfire_rested":0,"item_purchase_floors":[2,2],"current_hp_per_floor":[55,55,52,52,57,57,46,46,46,20,14,19,0],"gold":191,"neow_bonus":"TWO_FIFTY_GOLD","is_prod":false,"is_daily":false,"chose_seed":false,"campfire_upgraded":2,"win_rate":0,"timestamp":1548450158,"path_taken":["M","$","M","?","M","R","?","R","T","E","M","M","M"],"build_version":"2019-01-23","purchased_purges":1,"victory":false,"max_hp_per_floor":[80,77,77,77,77,77,77,77,77,77,77,77,77],"card_choices":[{"not_picked":["Wild Strike","Anger"],"picked":"Pommel Strike","floor":1},{"not_picked":["Rupture","Wild Strike"],"picked":"Spot Weakness","floor":3},{"not_picked":["Sentinel","Headbutt"],"picked":"Entrench","floor":5},{"not_picked":["Iron Wave","Warcry"],"picked":"Entrench","floor":10},{"not_picked":["Warcry","Thunderclap"],"picked":"Armaments","floor":11},{"not_picked":["Corruption","Body Slam"],"picked":"Metallicize","floor":12}],"player_experience":134413,"relics_obtained":[{"floor":9,"key":"Self Forming Clay"},{"floor":10,"key":"Letter Opener"}],"event_choices":[{"cards_removed":["Strike_R"],"damage_healed":0,"gold_gain":0,"player_choice":"Forget","damage_taken":0,"max_hp_gain":0,"max_hp_loss":0,"event_name":"Living Wall","floor":4,"gold_loss":0},{"damage_healed":0,"gold_gain":75,"player_choice":"Gather Gold","damage_taken":11,"max_hp_gain":0,"max_hp_loss":0,"event_name":"World of Goop","floor":7,"gold_loss":0}],"is_beta":false,"boss_relics":[],"items_purged_floors":[2],"is_endless":false,"potions_floor_spawned":[10,11],"killed_by":"Exordium Wildlife","ascension_level":6}