{"gold_per_floor":[116,116,116,116,41,82,97,133,133,167,167,242,263,283,283,376,376,391,391,416,49,49],"floor_reached":22,"playtime":813,"items_purged":["Regret"],"score":443,"play_id":"7c5517bb-27db-412b-99a3-d7a171108bc3","local_time":"20190210024924","is_ascension_mode":true,"campfire_choices":[{"data":"Armaments","floor":11,"key":"SMITH"},{"floor":15,"key":"REST"}],"neow_cost":"NONE","seed_source_timestamp":286424344288900,"circlet_count":0,"master_deck":["AscendersBane","Strike_R","Strike_R","Strike_R","Strike_R","Strike_R","Defend_R","Defend_R","Defend_R","Defend_R","Bash","Armaments+1","Whirlwind","Clash","Double Tap","RitualDagger","Thunderclap+1","Transmutation","Bandage Up"],"relics":["Burning Blood","NeowsBlessing","Golden Idol","Shuriken","Singing Bowl","Pear","Bottled Flame","Question Card","Fusion Hammer"],"potions_floor_usage":[8,10,16,16,22],"damage_taken":[{"damage":0,"enemies":"2 Louse","floor":1,"turns":1},{"damage":0,"enemies":"3 Sentries","floor":6,"turns":2},{"damage":0,"enemies":"Small Slimes","floor":7,"turns":1},{"damage":33,"enemies":"Lagavulin","floor":8,"turns":7},{"damage":20,"enemies":"3 Sentries","floor":10,"turns":6},{"damage":4,"enemies":"Jaw Worm","floor":13,"turns":4},{"damage":12,"enemies":"2 Fungi Beasts","floor":14,"turns":3},{"damage":49,"enemies":"The Guardian","floor":16,"turns":12},{"damage":38,"enemies":"Shell Parasite","floor":18,"turns":4},{"damage":30,"enemies":"2 Thieves","floor":20,"turns":4},{"damage":20,"enemies":"Cultist and Chosen","floor":22,"turns":4}],"seed_played":"2559156011981717058","potions_obtained":[{"floor":6,"key":"AttackPotion"},{"floor":7,"key":"Dexterity Potion"},{"floor":10,"key":"SkillPotion"},{"floor":13,"key":"FearPotion"}],"is_trial":false,"path_per_floor":["M","?","?","?","$","E","M","E","T","E","R","?","M","M","R","B",null,"M","?","M","$","M"],"character_chosen":"IRONCLAD","items_purchased":["Transmutation","Bandage Up","Block Potion"],"campfire_rested":1,"item_purchase_floors":[21,21,21],"current_hp_per_floor":[74,68,68,68,68,70,70,55,55,43,43,32,34,30,55,12,68,38,32,8,8,0],"gold":49,"neow_bonus":"THREE_ENEMY_KILL","is_prod":false,"is_daily":false,"chose_seed":false,"campfire_upgraded":1,"win_rate":0,"timestamp":1549763364,"path_taken":["M","?","?","?","?","E","M","E","T","E","R","?","?","M","R","BOSS","M","?","M","$","M"],"build_version":"2019-01-23","purchased_purges":1,"victory":false,"max_hp_per_floor":[75,68,68,68,68,70,70,82,82,84,84,84,84,86,86,86,86,88,88,88,88,88],"card_choices":[{"not_picked":["Shrug It Off","Heavy Blade"],"picked":"Armaments","floor":1},{"not_picked":["Shockwave","Dark Embrace","Searing Blow"],"picked":"Singing Bowl","floor":6},{"not_picked":["Fire Breathing","Havoc"],"picked":"Whirlwind","floor":7},{"not_picked":["Armaments","Inflame","Blood for Blood"],"picked":"Singing Bowl","floor":8},{"not_picked":["Flex","Flame Barrier","Body Slam"],"picked":"Singing Bowl","floor":10},{"not_picked":["Clothesline","Power Through","Sword Boomerang"],"picked":"Clash","floor":13},{"not_picked":["Twin Strike","Sword Boomerang","Armaments","Feel No Pain"],"picked":"Singing Bowl","floor":14},{"not_picked":["Bludgeon","Demon Form","Feed"],"picked":"Double Tap","floor":16},{"not_picked":["Perfected Strike","Body Slam","Spot Weakness","Clothesline"],"picked":"Singing Bowl","floor":18},{"not_picked":["Flame Barrier","Heavy Blade","Warcry+1"],"picked":"Thunderclap+1","floor":20}],"player_experience":346577,"relics_obtained":[{"floor":6,"key":"Singing Bowl"},{"floor":8,"key":"Pear"},{"floor":9,"key":"Bottled Flame"},{"floor":10,"key":"Question Card"}],"event_choices":[{"damage_healed":0,"gold_gain":0,"player_choice":"Lose Max HP","damage_taken":0,"relics_obtained":["Golden Idol"],"max_hp_gain":0,"max_hp_loss":7,"event_name":"Golden Idol","floor":2,"gold_loss":0},{"damage_healed":0,"gold_gain":0,"player_choice":"Leave","damage_taken":0,"max_hp_gain":0,"max_hp_loss":0,"event_name":"The Cleric","floor":3,"gold_loss":0},{"damage_healed":0,"gold_gain":0,"player_choice":"Box","damage_taken":0,"relics_obtained":["Shuriken"],"max_hp_gain":0,"max_hp_loss":0,"event_name":"Big Fish","floor":4,"gold_loss":0,"cards_obtained":["Regret"]},{"damage_healed":0,"gold_gain":75,"player_choice":"Gather Gold","damage_taken":11,"max_hp_gain":0,"max_hp_loss":0,"event_name":"World of Goop","floor":12,"gold_loss":0},{"damage_healed":0,"gold_gain":0,"player_choice":"Joined the Cult","damage_taken":6,"max_hp_gain":0,"max_hp_loss":0,"event_name":"Nest","floor":19,"gold_loss":0,"cards_obtained":["RitualDagger"]}],"is_beta":false,"boss_relics":[{"not_picked":["Eternal Feather","Empty Cage"],"picked":"Fusion Hammer"}],"items_purged_floors":[5],"is_endless":false,"potions_floor_spawned":[6,7,10,13],"killed_by":"Cultist and Chosen","ascension_level":19}