{"gold_per_floor":[114,132,132,132,132,132,158,158,181,197,197,197,215,234,234,308,308],"floor_reached":17,"playtime":877,"items_purged":[],"score":295,"play_id":"7d07d0fb-8af3-4797-a165-120d4670cf12","local_time":"20190203152614","is_ascension_mode":true,"campfire_choices":[{"data":"Whirlwind","floor":6,"key":"SMITH"},{"floor":8,"key":"REST"},{"data":"Evolve","floor":12,"key":"SMITH"},{"data":"Flame Barrier","floor":15,"key":"SMITH"}],"neow_cost":"NONE","seed_source_timestamp":509964063949800,"circlet_count":0,"master_deck":["AscendersBane","Strike_R+1","Strike_R","Strike_R","Strike_R","Strike_R","Defend_R","Defend_R","Defend_R","Defend_R","Bash","Flame Barrier+1","Clothesline+1","Metallicize","Shrug It Off","Whirlwind+1","Carnage","Ghostly Armor","Evolve+1","Shrug It Off","Iron Wave","Shockwave","Feed"],"relics":["Orrery","Oddly Smooth Stone","Gambling Chip","Whetstone","Ectoplasm"],"potions_floor_usage":[],"damage_taken":[{"damage":0,"enemies":"2 Louse","floor":1,"turns":3},{"damage":8,"enemies":"Jaw Worm","floor":2,"turns":6},{"damage":24,"enemies":"3 Sentries","floor":7,"turns":4},{"damage":0,"enemies":"Cultist","floor":10,"turns":3},{"damage":0,"enemies":"Large Slime","floor":13,"turns":5},{"damage":0,"enemies":"Red Slaver","floor":14,"turns":4},{"damage":11,"enemies":"The Guardian","floor":16,"turns":20}],"seed_played":"4630386057728655473","potions_obtained":[{"floor":1,"key":"Energy Potion"},{"floor":16,"key":"SpeedPotion"}],"is_trial":false,"path_per_floor":["M","M","$","?","?","R","E","R","T","M","?","R","M","M","R","B",null],"character_chosen":"IRONCLAD","items_purchased":[],"campfire_rested":1,"item_purchase_floors":[],"current_hp_per_floor":[68,60,60,60,60,60,36,58,58,58,58,58,58,58,58,47,68],"gold":308,"neow_bonus":"BOSS_RELIC","is_prod":false,"is_daily":false,"chose_seed":false,"campfire_upgraded":3,"win_rate":0,"timestamp":1549203974,"path_taken":["M","M","$","?","?","R","E","R","T","M","?","R","M","M","R","BOSS"],"build_version":"2019-01-23","purchased_purges":0,"victory":false,"max_hp_per_floor":[75,75,75,75,75,75,75,75,75,75,75,75,75,75,75,75,75],"card_choices":[{"not_picked":["Shrug It Off","Clothesline"],"picked":"Flame Barrier","floor":0},{"not_picked":["Sever Soul","Flex"],"picked":"Clothesline","floor":0},{"not_picked":["True Grit","Warcry"],"picked":"Metallicize","floor":0},{"not_picked":["Havoc","Heavy Blade"],"picked":"Shrug It Off","floor":0},{"not_picked":["Battle Trance","Fire Breathing"],"picked":"Whirlwind","floor":0},{"not_picked":["Warcry","Bludgeon"],"picked":"Carnage","floor":1},{"not_picked":["Cleave","Entrench"],"picked":"Ghostly Armor","floor":2},{"not_picked":["Second Wind","Thunderclap"],"picked":"Evolve","floor":7},{"not_picked":["Combust","Wild Strike"],"picked":"Shrug It Off","floor":10},{"not_picked":["Flex","Combust"],"picked":"Iron Wave","floor":13},{"not_picked":["Anger","Rupture"],"picked":"Shockwave","floor":14},{"not_picked":["Dark Embrace","Reaper"],"picked":"Feed","floor":16}],"player_experience":324354,"relics_obtained":[{"floor":7,"key":"Gambling Chip"},{"floor":9,"key":"Whetstone"}],"event_choices":[{"damage_healed":0,"gold_gain":0,"player_choice":"Box","damage_taken":0,"relics_obtained":["Oddly Smooth Stone"],"max_hp_gain":0,"max_hp_loss":0,"event_name":"Big Fish","floor":4,"gold_loss":0,"cards_obtained":["Regret"]},{"damage_healed":0,"gold_gain":0,"player_choice":"Ignored","damage_taken":0,"max_hp_gain":0,"max_hp_loss":0,"event_name":"Liars Game","floor":5,"gold_loss":0},{"cards_removed":["Regret"],"damage_healed":0,"gold_gain":0,"player_choice":"Purged","damage_taken":0,"max_hp_gain":0,"max_hp_loss":0,"event_name":"Purifier","floor":11,"gold_loss":0}],"is_beta":false,"boss_relics":[{"not_picked":["White Beast Statue","Pandora\u0027s Box"],"picked":"Ectoplasm"}],"items_purged_floors":[],"is_endless":false,"potions_floor_spawned":[1,16],"ascension_level":18}