{"gold_per_floor":[112,131,131,143,161,192,192,218,218,218],"floor_reached":10,"playtime":464,"items_purged":[],"score":86,"play_id":"e5fe766b-883d-4e66-9ef7-00172a9e4607","local_time":"20181008220626","is_ascension_mode":true,"campfire_choices":[{"floor":7,"key":"REST"}],"neow_cost":"PERCENT_DAMAGE","seed_source_timestamp":1334990069004943,"circlet_count":0,"master_deck":["Strike_B","Strike_B","Defend_B","Defend_B","Defend_B","Zap","Dualcast","Heatsinks","Loop","Fission+1"],"relics":["Cracked Core","Ancient Tea Set","Toxic Egg 2","Cables"],"potions_floor_usage":[6,8],"damage_taken":[{"damage":2,"enemies":"Jaw Worm","floor":1,"turns":5},{"damage":1,"enemies":"Cultist","floor":2,"turns":3},{"damage":8,"enemies":"Small Slimes","floor":4,"turns":3},{"damage":9,"enemies":"Red Slaver","floor":5,"turns":3},{"damage":24,"enemies":"Lagavulin","floor":6,"turns":7},{"damage":16,"enemies":"Gremlin Nob","floor":8,"turns":3},{"damage":45,"enemies":"Gremlin Gang","floor":10,"turns":3}],"seed_played":"-8716944599695017767","potions_obtained":[{"floor":5,"key":"Block Potion"},{"floor":6,"key":"Fire Potion"}],"is_trial":false,"path_per_floor":["M","M","?","M","M","E","R","E","T"],"character_chosen":"DEFECT","items_purchased":[],"campfire_rested":1,"item_purchase_floors":[],"current_hp_per_floor":[52,51,51,43,34,10,32,16,16,0],"gold":218,"neow_bonus":"REMOVE_TWO","is_prod":false,"is_daily":false,"chose_seed":false,"campfire_upgraded":0,"win_rate":0,"timestamp":1539029186,"path_taken":["M","M","?","M","?","E","R","E","T","?"],"build_version":"2018-10-04v2","purchased_purges":0,"victory":false,"max_hp_per_floor":[75,75,75,75,75,75,75,75,75,75],"card_choices":[{"not_picked":["Cold Snap","Stack"],"picked":"Heatsinks","floor":1},{"not_picked":["Steam","Barrage","Redo"],"picked":"SKIP","floor":2},{"not_picked":["Turbo","Streamline","Go for the Eyes"],"picked":"SKIP","floor":4},{"not_picked":["Doom and Gloom","Redo"],"picked":"Loop","floor":5},{"not_picked":["Force Field","Streamline","Ball Lightning"],"picked":"SKIP","floor":6},{"not_picked":["Lockon","Compile Driver"],"picked":"Fission","floor":8}],"player_experience":230616,"relics_obtained":[{"floor":6,"key":"Ancient Tea Set"},{"floor":8,"key":"Toxic Egg 2"},{"floor":9,"key":"Cables"}],"event_choices":[{"event_name":"Bonfire Elementals","player_choice":"BASIC","floor":3,"damage_taken":0}],"is_beta":false,"boss_relics":[],"items_purged_floors":[],"is_endless":false,"potions_floor_spawned":[5,6],"killed_by":"Gremlin Gang","ascension_level":2}