{"gold_per_floor":[116,41,41,57,57,85,115,115,145,162,162,196,209,243,243,320,320,260,260,260],"floor_reached":20,"playtime":622,"items_purged":["Defend_R"],"score":401,"play_id":"800e5ff1-2339-43fa-9631-785f074f2ed2","local_time":"20190201202410","is_ascension_mode":true,"campfire_choices":[{"data":"Headbutt","floor":8,"key":"SMITH"},{"floor":15,"key":"REST"}],"neow_cost":"NONE","seed_source_timestamp":355291715693700,"circlet_count":0,"master_deck":["AscendersBane","Strike_R","Strike_R","Strike_R","Strike_R","Strike_R","Defend_R","Defend_R","Defend_R","Bash","Perfected Strike+1","Headbutt+1","Cleave","Clothesline","Offering","Feed","Rage+1"],"relics":["Burning Blood","NeowsBlessing","Pantograph","Bag of Preparation","Tiny Chest","Blood Vial","Singing Bowl","Juzu Bracelet","Ectoplasm"],"potions_floor_usage":[14,16,20],"damage_taken":[{"damage":0,"enemies":"Small Slimes","floor":1,"turns":1},{"damage":0,"enemies":"2 Louse","floor":4,"turns":1},{"damage":0,"enemies":"Lagavulin","floor":6,"turns":1},{"damage":0,"enemies":"Cultist","floor":10,"turns":2},{"damage":25,"enemies":"3 Sentries","floor":12,"turns":6},{"damage":16,"enemies":"Exordium Wildlife","floor":13,"turns":2},{"damage":26,"enemies":"Lagavulin","floor":14,"turns":4},{"damage":70,"enemies":"Slime Boss","floor":16,"turns":9},{"damage":31,"enemies":"2 Thieves","floor":18,"turns":3},{"damage":11,"enemies":"Spheric Guardian","floor":19,"turns":3},{"damage":47,"enemies":"Centurion and Healer","floor":20,"turns":4}],"seed_played":"1234748280068739028","potions_obtained":[{"floor":1,"key":"GamblersBrew"},{"floor":6,"key":"Explosive Potion"},{"floor":12,"key":"AttackPotion"},{"floor":13,"key":"PowerPotion"},{"floor":19,"key":"Swift Potion"}],"is_trial":false,"path_per_floor":["M","$","?","M","?","E","?","R","T","M","T","E","M","E","R","B",null,"M","M","M"],"character_chosen":"IRONCLAD","items_purchased":[],"campfire_rested":1,"item_purchase_floors":[],"current_hp_per_floor":[74,74,74,75,75,75,75,75,75,75,75,56,50,34,57,15,63,45,42,0],"gold":260,"neow_bonus":"THREE_ENEMY_KILL","is_prod":false,"is_daily":false,"chose_seed":false,"campfire_upgraded":1,"win_rate":0,"timestamp":1549049050,"path_taken":["M","$","?","M","?","E","?","R","T","M","?","E","M","E","R","BOSS","M","M","M"],"build_version":"2019-01-23","purchased_purges":1,"victory":false,"max_hp_per_floor":[75,75,75,75,75,75,75,75,75,75,75,75,77,79,79,79,79,84,84,84],"card_choices":[{"not_picked":["Shockwave","Wild Strike"],"picked":"Perfected Strike","floor":1},{"not_picked":["Metallicize","Pommel Strike"],"picked":"Headbutt","floor":4},{"not_picked":["Heavy Blade","Wild Strike"],"picked":"Cleave","floor":6},{"not_picked":["Reckless Charge","Power Through"],"picked":"Clothesline","floor":10},{"not_picked":["Infernal Blade","Thunderclap"],"picked":"Offering","floor":12},{"not_picked":["Perfected Strike","Flex","Sentinel"],"picked":"Singing Bowl","floor":13},{"not_picked":["Exhume","Berserk","Heavy Blade"],"picked":"Singing Bowl","floor":14},{"not_picked":["Dark Embrace","Fiend Fire"],"picked":"Feed","floor":16},{"not_picked":["Searing Blow","Pommel Strike","Feel No Pain"],"picked":"Singing Bowl","floor":18},{"not_picked":["Heavy Blade","Body Slam"],"picked":"Rage+1","floor":19}],"player_experience":301183,"relics_obtained":[{"floor":6,"key":"Pantograph"},{"floor":9,"key":"Tiny Chest"},{"floor":11,"key":"Blood Vial"},{"floor":12,"key":"Singing Bowl"},{"floor":14,"key":"Juzu Bracelet"}],"event_choices":[{"damage_healed":0,"gold_gain":0,"player_choice":"Grow","damage_taken":0,"max_hp_gain":0,"max_hp_loss":0,"event_name":"Living Wall","floor":3,"gold_loss":0,"cards_upgraded":["Perfected Strike"]},{"damage_healed":0,"gold_gain":0,"player_choice":"Ignored","damage_taken":0,"max_hp_gain":0,"max_hp_loss":0,"event_name":"Liars Game","floor":5,"gold_loss":0},{"damage_healed":0,"gold_gain":30,"player_choice":"Searched \u00272\u0027 times","damage_taken":0,"relics_obtained":["Bag of Preparation"],"max_hp_gain":0,"max_hp_loss":0,"event_name":"Dead Adventurer","floor":7,"gold_loss":0}],"is_beta":false,"boss_relics":[{"not_picked":["Runic Dome","Busted Crown"],"picked":"Ectoplasm"}],"items_purged_floors":[2],"is_endless":false,"potions_floor_spawned":[1,6,12,13,19],"killed_by":"Centurion and Healer","ascension_level":17}