{"path_per_floor":["M","$","M","?","M","R","E","R","T","M","R","M","R","M","R","B",null,"M","?","M","?","M","M","R","M","T"],"character_chosen":"THE_SILENT","items_purchased":[],"gold_per_floor":[112,112,132,132,150,150,181,181,253,263,263,282,282,295,295,397,397,407,607,621,621,634,652,652,667,693],"floor_reached":27,"campfire_rested":4,"playtime":1425,"current_hp_per_floor":[70,70,70,75,75,75,59,59,59,46,46,25,47,43,65,49,75,62,62,44,44,38,12,34,25,25],"items_purged":[],"gold":693,"score":217,"play_id":"ed982bbb-4432-460c-96b5-f3783612d0a2","is_prod":false,"is_daily":false,"is_ascension_mode":false,"campfire_upgraded":2,"path_taken":["M","$","M","?","M","R","E","R","T","M","R","?","R","?","R","BOSS","M","?","M","?","?","M","R","M","T","M"],"build_version":"2018-02-22-PROD2","purchased_purges":0,"victory":false,"master_deck":["Defend_G","Defend_G","Defend_G","Defend_G","Defend_G","Strike_G","Strike_G","Strike_G","Strike_G","Strike_G","Survivor","Neutralize","Quick Slash","Terror+1","Dagger Throw","Flying Knee","Noxious Fumes+1","Sucker Punch","Tools of the Trade","Burst","Deadly Poison","Heel Hook","Leg Sweep+1","Dash+1","Calculated Gamble+1"],"max_hp_per_floor":[70,70,70,75,75,75,75,75,75,75,75,75,75,75,75,75,75,75,75,75,75,75,75,75,75,75],"relics":["Ring of the Snake","NeowsBlessing","Bronze Scales","Shuriken","The Specimen","Bag of Preparation"],"card_choices":[{"not_picked":["Flying Knee","Crippling Poison"],"picked":"Quick Slash"},{"not_picked":["Escape Plan","Poisoned Stab"],"picked":"Terror"},{"not_picked":["Masterful Stab","Escape Plan"],"picked":"Dagger Throw"},{"not_picked":["Deflect","Eviscerate"],"picked":"Flying Knee"},{"not_picked":["Underhanded Strike","Dodge and Roll"],"picked":"Noxious Fumes"},{"not_picked":["Endless Agony","Deadly Poison"],"picked":"Sucker Punch"},{"not_picked":["Cloak And Dagger","Catalyst"],"picked":"Tools of the Trade"},{"not_picked":["Die Die Die","Phantasmal Killer"],"picked":"Burst"},{"not_picked":["Underhanded Strike","Quick Slash"],"picked":"Deadly Poison"},{"not_picked":["Dagger Spray","Acrobatics"],"picked":"Heel Hook"},{"not_picked":["Blade Dance","Heel Hook"],"picked":"Leg Sweep"},{"not_picked":["Escape Plan","Choke"],"picked":"Dash"},{"not_picked":["Acrobatics","Sucker Punch"],"picked":"Calculated Gamble"}],"player_experience":196967,"potions_floor_usage":[27],"damage_taken":[{"damage":0.0,"enemies":"2 Louse","floor":1.0,"turns":1.0},{"damage":0.0,"enemies":"Jaw Worm","floor":3.0,"turns":1.0},{"damage":0.0,"enemies":"Cultist","floor":5.0,"turns":1.0},{"damage":16.0,"enemies":"Gremlin Nob","floor":7.0,"turns":4.0},{"damage":13.0,"enemies":"Red Slaver","floor":10.0,"turns":2.0},{"damage":21.0,"enemies":"Gremlin Gang","floor":12.0,"turns":4.0},{"damage":4.0,"enemies":"3 Louse","floor":14.0,"turns":3.0},{"damage":16.0,"enemies":"Hexaghost","floor":16.0,"turns":7.0},{"damage":13.0,"enemies":"3 Byrds","floor":18.0,"turns":2.0},{"damage":18.0,"enemies":"Shell Parasite","floor":20.0,"turns":3.0},{"damage":15.0,"enemies":"Snake Plant","floor":22.0,"turns":4.0},{"damage":26.0,"enemies":"Centurion and Healer","floor":23.0,"turns":4.0},{"damage":9.0,"enemies":"Snecko","floor":25.0,"turns":6.0},{"damage":26,"enemies":"Slaver and Parasite","floor":27,"turns":2}],"event_choices":[{"event_name":"Big Fish","player_choice":"Donut","floor":4.0,"damage_taken":0.0},{"event_name":"The Joust","player_choice":"Bet on Owner","floor":19.0,"damage_taken":0.0},{"event_name":"Vampires","player_choice":"Ignored","floor":21.0,"damage_taken":0.0}],"boss_relics":[],"potions_floor_spawned":[3,10,14,18,22,25],"seed_played":"3208733513342504324","killed_by":"Slaver and Parasite","ascension_level":0,"is_trial":false}