{"gold_per_floor":[109,119,119,129,139,139,165,165,165,195,213,213,233,267,267,340,340,354,373,248,278,278,309,325,338,365,365,398,410,410,425,425,497,497,515,515,529,189,411,423,455,455,455,465,499,499,529,529,529,529],"floor_reached":51,"playtime":1711,"items_purged":["Defend_R","Defend_R"],"score":1476,"play_id":"9af3e7b2-b269-4905-8095-be7191a6c2b3","local_time":"20190130185141","is_ascension_mode":true,"campfire_choices":[{"data":"Perfected Strike","floor":6,"key":"SMITH"},{"data":"Infernal Blade","floor":8,"key":"SMITH"},{"data":"Seeing Red","floor":12,"key":"SMITH"},{"data":"Infernal Blade","floor":15,"key":"SMITH"},{"data":"Shrug It Off","floor":27,"key":"SMITH"},{"data":"True Grit","floor":30,"key":"SMITH"},{"data":"Bash","floor":32,"key":"SMITH"},{"data":"True Grit","floor":42,"key":"SMITH"},{"data":"Offering","floor":46,"key":"SMITH"},{"data":"Master of Strategy","floor":49,"key":"SMITH"}],"neow_cost":"TEN_PERCENT_HP_LOSS","seed_source_timestamp":175845197424600,"circlet_count":0,"master_deck":["AscendersBane","Strike_R","Strike_R","Strike_R","Strike_R","Bash+1","Sever Soul","Perfected Strike+1","Clash","Carnage","Shrug It Off+1","Anger","Infernal Blade+1","Infernal Blade+1","Seeing Red+1","Iron Wave+1","Clash+1","Anger+1","Perfected Strike+1","Fiend Fire+1","Twin Strike+1","Perfected Strike+1","Wild Strike+1","Twin Strike+1","True Grit+1","Iron Wave+1","Clash+1","Master of Strategy+1","Twin Strike+1","True Grit+1","Clash+1","Offering+1","Perfected Strike+1"],"relics":["Burning Blood","FaceOfCleric","Torii","Prayer Wheel","Molten Egg 2","Ancient Tea Set","Busted Crown","Red Mask","Centennial Puzzle","Pen Nib","Shuriken","Mark of Pain","Vajra","Singing Bowl","Omamori","Incense Burner"],"potions_floor_usage":[7,10,16,33,33,40,47,50],"damage_taken":[{"damage":7,"enemies":"Jaw Worm","floor":1,"turns":3},{"damage":5,"enemies":"Cultist","floor":2,"turns":4},{"damage":3,"enemies":"2 Louse","floor":4,"turns":2},{"damage":8,"enemies":"Blue Slaver","floor":5,"turns":3},{"damage":22,"enemies":"3 Sentries","floor":7,"turns":5},{"damage":8,"enemies":"Gremlin Nob","floor":10,"turns":3},{"damage":6,"enemies":"Red Slaver","floor":11,"turns":2},{"damage":0,"enemies":"Exordium Wildlife","floor":13,"turns":3},{"damage":12,"enemies":"3 Sentries","floor":14,"turns":4},{"damage":18,"enemies":"Hexaghost","floor":16,"turns":7},{"damage":18,"enemies":"2 Thieves","floor":18,"turns":3},{"damage":7,"enemies":"Shell Parasite","floor":19,"turns":2},{"damage":21,"enemies":"Masked Bandits","floor":21,"turns":4},{"damage":1,"enemies":"Gremlin Leader","floor":23,"turns":4},{"damage":0,"enemies":"Sentry and Sphere","floor":24,"turns":2},{"damage":0,"enemies":"Snake Plant","floor":25,"turns":1},{"damage":16,"enemies":"Book of Stabbing","floor":28,"turns":3},{"damage":2,"enemies":"Shelled Parasite and Fungi","floor":29,"turns":2},{"damage":0,"enemies":"Centurion and Healer","floor":31,"turns":2},{"damage":18,"enemies":"Champ","floor":33,"turns":5},{"damage":1,"enemies":"Orb Walker","floor":35,"turns":2},{"damage":9,"enemies":"3 Darklings","floor":37,"turns":3},{"damage":18,"enemies":"Maw","floor":40,"turns":4},{"damage":23,"enemies":"Reptomancer","floor":41,"turns":5},{"damage":6,"enemies":"Sphere and 2 Shapes","floor":44,"turns":2},{"damage":36,"enemies":"Giant Head","floor":45,"turns":6},{"damage":29,"enemies":"Nemesis","floor":47,"turns":3},{"damage":73,"enemies":"Time Eater","floor":50,"turns":7}],"seed_played":"489453741457097699","potions_obtained":[{"floor":2,"key":"SteroidPotion"},{"floor":5,"key":"Explosive Potion"},{"floor":7,"key":"Poison Potion"},{"floor":14,"key":"Explosive Potion"},{"floor":16,"key":"Regen Potion"},{"floor":23,"key":"Energy Potion"},{"floor":33,"key":"SkillPotion"},{"floor":35,"key":"Block Potion"},{"floor":44,"key":"Energy Potion"}],"is_trial":false,"path_per_floor":["M","M","?","M","M","R","E","R","T","E","M","R","M","E","R","B",null,"M","M","$","?","?","E","M","M","T","R","E","M","R","M","R","B",null,"M","?","M","$","?","M","E","R","T","M","E","R","E","?","R","B",null],"character_chosen":"IRONCLAD","items_purchased":["PowerPotion","Master of Strategy","Twin Strike+1"],"campfire_rested":0,"item_purchase_floors":[20,38,38],"current_hp_per_floor":[67,68,68,69,68,68,53,53,53,52,53,53,60,55,55,44,68,57,57,57,43,43,49,56,63,63,63,54,59,59,66,66,55,78,84,84,82,82,82,71,55,55,55,60,31,31,9,97,97,31],"gold":529,"neow_bonus":"TRANSFORM_TWO_CARDS","is_prod":false,"is_daily":false,"chose_seed":false,"campfire_upgraded":10,"win_rate":0,"timestamp":1548870701,"path_taken":["M","M","?","M","M","R","E","R","T","E","?","R","M","E","R","BOSS","M","M","$","?","?","E","M","M","T","R","E","M","R","M","R","BOSS","M","?","M","$","?","M","E","R","T","M","E","R","E","?","R","BOSS"],"build_version":"2019-01-23","purchased_purges":2,"victory":true,"max_hp_per_floor":[68,68,68,69,70,70,71,71,71,72,73,73,74,75,75,76,76,77,78,78,79,79,80,81,82,82,82,83,84,84,85,85,86,86,87,87,88,88,88,89,90,90,90,95,96,96,97,97,97,98],"card_choices":[{"not_picked":["Combust","Clothesline"],"picked":"Clash","floor":1},{"not_picked":["Heavy Blade","Flex"],"picked":"Carnage","floor":2},{"not_picked":["Metallicize","Iron Wave"],"picked":"Shrug It Off","floor":4},{"not_picked":["Wild Strike","Shrug It Off"],"picked":"Anger","floor":5},{"not_picked":["Flex","Demon Form"],"picked":"Infernal Blade","floor":7},{"not_picked":["Limit Break","Bloodletting"],"picked":"Infernal Blade","floor":10},{"not_picked":["Thunderclap+1","Ghostly Armor"],"picked":"Seeing Red","floor":11},{"not_picked":["Spot Weakness","Armaments"],"picked":"Iron Wave+1","floor":11},{"not_picked":["Thunderclap+1","Inflame"],"picked":"Clash+1","floor":13},{"not_picked":["Shockwave","Inflame"],"picked":"Anger+1","floor":13},{"not_picked":["Pommel Strike+1","Twin Strike+1"],"picked":"Perfected Strike+1","floor":14},{"not_picked":["Berserk","Juggernaut"],"picked":"Fiend Fire+1","floor":16},{"not_picked":[],"picked":"Twin Strike+1","floor":18},{"not_picked":[],"picked":"Perfected Strike+1","floor":18},{"not_picked":[],"picked":"Wild Strike+1","floor":19},{"not_picked":[],"picked":"Twin Strike+1","floor":19},{"not_picked":["Feel No Pain"],"picked":"SKIP","floor":23},{"not_picked":["Clothesline+1"],"picked":"SKIP","floor":24},{"not_picked":["Cleave+1"],"picked":"SKIP","floor":24},{"not_picked":["Cleave+1"],"picked":"SKIP","floor":25},{"not_picked":["Shockwave"],"picked":"SKIP","floor":25},{"not_picked":["Carnage+1"],"picked":"SKIP","floor":28},{"not_picked":[],"picked":"True Grit","floor":29},{"not_picked":["Shrug It Off"],"picked":"SKIP","floor":29},{"not_picked":[],"picked":"Iron Wave+1","floor":31},{"not_picked":["Dropkick+1"],"picked":"SKIP","floor":31},{"not_picked":["Body Slam+1"],"picked":"SKIP","floor":35},{"not_picked":["Anger+1"],"picked":"SKIP","floor":35},{"not_picked":[],"picked":"Clash+1","floor":37},{"not_picked":["Intimidate"],"picked":"SKIP","floor":37},{"not_picked":[],"picked":"True Grit","floor":40},{"not_picked":["Pummel+1"],"picked":"SKIP","floor":40},{"not_picked":[],"picked":"Clash+1","floor":41},{"not_picked":["Metallicize+1"],"picked":"Singing Bowl","floor":44},{"not_picked":["Clothesline+1"],"picked":"Singing Bowl","floor":44},{"not_picked":[],"picked":"Offering","floor":45},{"not_picked":[],"picked":"Perfected Strike+1","floor":47}],"player_experience":280774,"relics_obtained":[{"floor":7,"key":"Torii"},{"floor":9,"key":"Prayer Wheel"},{"floor":10,"key":"Molten Egg 2"},{"floor":14,"key":"Ancient Tea Set"},{"floor":21,"key":"Red Mask"},{"floor":23,"key":"Centennial Puzzle"},{"floor":26,"key":"Pen Nib"},{"floor":28,"key":"Shuriken"},{"floor":41,"key":"Vajra"},{"floor":43,"key":"Singing Bowl"},{"floor":45,"key":"Omamori"},{"floor":47,"key":"Incense Burner"}],"event_choices":[{"damage_healed":0,"gold_gain":0,"player_choice":"Trade","damage_taken":0,"relics_obtained":["FaceOfCleric"],"max_hp_gain":0,"max_hp_loss":0,"event_name":"FaceTrader","floor":3,"gold_loss":0},{"damage_healed":0,"gold_gain":0,"player_choice":"Fought Bandits","damage_taken":0,"max_hp_gain":0,"max_hp_loss":0,"event_name":"Masked Bandits","floor":21,"gold_loss":0},{"damage_healed":0,"gold_gain":0,"player_choice":"0 cards matched","damage_taken":0,"max_hp_gain":0,"max_hp_loss":0,"event_name":"Match and Keep!","floor":22,"gold_loss":0,"cards_obtained":[]},{"cards_removed":["Strike_R"],"damage_healed":0,"gold_gain":0,"player_choice":"Removed Attack","damage_taken":0,"max_hp_gain":0,"max_hp_loss":0,"event_name":"Falling","floor":36,"gold_loss":0},{"damage_healed":0,"gold_gain":222,"player_choice":"Wore Mask","damage_taken":0,"max_hp_gain":0,"max_hp_loss":0,"event_name":"Tomb of Lord Red Mask","floor":39,"gold_loss":0},{"damage_healed":88,"gold_gain":0,"player_choice":"Heal","damage_taken":0,"max_hp_gain":0,"max_hp_loss":0,"event_name":"MindBloom","floor":48,"gold_loss":0,"cards_obtained":["Doubt"]}],"is_beta":false,"boss_relics":[{"not_picked":["Tiny House","Cursed Key"],"picked":"Busted Crown"},{"not_picked":["Calling Bell","White Beast Statue"],"picked":"Mark of Pain"}],"items_purged_floors":[20,38],"is_endless":false,"potions_floor_spawned":[2,5,7,14,16,21,23,25,29,31,33,35,44],"ascension_level":15}