{"gold_per_floor":[117,135,135,135,135,135,179,179,179,193,193,226,247,212,212,341,341,355,101,116,116,134,134,149,149,221,221,136,136,170,185,185,310,310,333,333,219,234,253,272,312,312,335,351,387,387,387,14,14,14],"floor_reached":51,"playtime":3774,"items_purged":["Injury"],"score":950,"play_id":"cd8cf060-e120-43d3-ad06-010e5fff1771","local_time":"20181028040755","is_ascension_mode":true,"campfire_choices":[{"data":"Redo","floor":6,"key":"SMITH"},{"data":"Zap","floor":8,"key":"SMITH"},{"floor":11,"key":"REST"},{"data":"Conserve Battery","floor":15,"key":"SMITH"},{"data":"Defragment","floor":23,"key":"SMITH"},{"data":"Glacier","floor":27,"key":"SMITH"},{"data":"Glacier","floor":32,"key":"SMITH"},{"floor":42,"key":"REST"},{"data":"Defragment","floor":46,"key":"SMITH"},{"data":"Force Field","floor":49,"key":"SMITH"}],"neow_cost":"NONE","seed_source_timestamp":1918907041634468,"circlet_count":0,"master_deck":["Strike_B+1","Strike_B+1","Strike_B+1","Strike_B+1","Defend_B+1","Defend_B+1","Defend_B+1","Zap+1","Dualcast","Amplify","Leap","Conserve Battery+1","Redo+1","Loop","FTL+1","Cold Snap+1","Echo Form","FTL+1","Defragment+1","Glacier+1","Force Field+1","Sweeping Beam+1","Coolheaded+1","Reinforced Body+1","Glacier+1","Buffer","Auto Shields+1","Defragment+1","Leap+1","Parasite","Blizzard+1","Recycle+1","Blizzard+1","BootSequence+1"],"relics":["Cracked Core","Golden Idol","Letter Opener","Anchor","Molten Egg 2","The Courier","Velvet Choker","Runic Capacitor","Mercury Hourglass","Gremlin Horn","Ornamental Fan","Cursed Key","Lantern","Toxic Egg 2","Omamori","Pantograph","Art of War","Cables"],"potions_floor_usage":[24,41,50,50],"damage_taken":[{"damage":5,"enemies":"Cultist","floor":1,"turns":4},{"damage":2,"enemies":"Jaw Worm","floor":2,"turns":4},{"damage":0,"enemies":"2 Louse","floor":4,"turns":2},{"damage":18,"enemies":"3 Sentries","floor":7,"turns":7},{"damage":0,"enemies":"Exordium Wildlife","floor":10,"turns":3},{"damage":18,"enemies":"Lagavulin","floor":12,"turns":6},{"damage":0,"enemies":"Lots of Slimes","floor":13,"turns":2},{"damage":4,"enemies":"Slime Boss","floor":16,"turns":12},{"damage":0,"enemies":"2 Thieves","floor":18,"turns":4},{"damage":0,"enemies":"Chosen","floor":20,"turns":5},{"damage":4,"enemies":"Snake Plant","floor":22,"turns":4},{"damage":3,"enemies":"3 Cultists","floor":24,"turns":4},{"damage":0,"enemies":"Gremlin Leader","floor":30,"turns":6},{"damage":0,"enemies":"Cultist and Chosen","floor":31,"turns":6},{"damage":18,"enemies":"Collector","floor":33,"turns":12},{"damage":2,"enemies":"3 Darklings","floor":35,"turns":4},{"damage":0,"enemies":"Orb Walker","floor":38,"turns":4},{"damage":4,"enemies":"Spire Growth","floor":39,"turns":7},{"damage":35,"enemies":"Writhing Mass","floor":40,"turns":12},{"damage":0,"enemies":"Giant Head","floor":41,"turns":13},{"damage":0,"enemies":"3 Darklings","floor":44,"turns":5},{"damage":0,"enemies":"Reptomancer","floor":45,"turns":7},{"damage":12,"enemies":"Awakened One","floor":50,"turns":12}],"seed_played":"8317045817058198763","potions_obtained":[{"floor":1,"key":"Fire Potion"},{"floor":13,"key":"Explosive Potion"},{"floor":16,"key":"GamblersBrew"},{"floor":18,"key":"Strength Potion"},{"floor":20,"key":"PowerPotion"},{"floor":33,"key":"Swift Potion"},{"floor":39,"key":"Energy Potion"},{"floor":44,"key":"Energy Potion"}],"is_trial":false,"path_per_floor":["M","M","?","M","T","R","E","R","T","M","R","E","M","?","R","B",null,"M","$","M","?","M","R","M","?","T","R","?","$","E","M","R","B",null,"M","?","$","M","M","M","E","R","T","M","E","R","?","$","R","B"],"character_chosen":"DEFECT","items_purchased":["Defragment","Runic Capacitor","Glacier","Lantern","Art of War","Cables"],"campfire_rested":2,"item_purchase_floors":[19,19,19,37,48,48],"current_hp_per_floor":[70,68,50,50,50,50,32,32,32,32,54,36,36,54,54,50,69,69,69,69,69,65,65,62,62,62,62,62,62,62,62,62,44,67,65,65,65,65,61,26,26,48,48,48,48,48,48,48,48,61],"gold":14,"neow_bonus":"ONE_RANDOM_RARE_CARD","is_prod":false,"is_daily":false,"chose_seed":false,"campfire_upgraded":8,"win_rate":0,"timestamp":1540667275,"path_taken":["M","?","?","M","?","R","E","R","T","M","R","E","?","?","R","BOSS","M","?","M","?","M","R","M","?","T","R","?","?","E","M","R","BOSS","M","?","$","M","?","M","E","R","T","M","E","R","?","$","R","BOSS"],"build_version":"2018-10-25v2","purchased_purges":1,"victory":true,"max_hp_per_floor":[75,75,75,75,75,75,75,75,75,75,75,75,75,75,75,75,75,75,75,75,75,75,75,75,75,75,75,75,75,75,75,75,75,75,75,75,75,75,75,75,75,75,75,75,75,75,75,75,75,75],"card_choices":[{"not_picked":["Reinforced Body","Streamline"],"picked":"Leap","floor":1},{"not_picked":["Compile Driver","Turbo"],"picked":"Conserve Battery","floor":2},{"not_picked":["Rip and Tear","Barrage"],"picked":"Redo","floor":4},{"not_picked":["Turbo","Hologram"],"picked":"Loop","floor":7},{"not_picked":["Redo","Gash+1"],"picked":"FTL+1","floor":10},{"not_picked":["Beam Cell+1","Tempest","Fusion"],"picked":"SKIP","floor":12},{"not_picked":["Electrodynamics","Conserve Battery"],"picked":"Cold Snap+1","floor":13},{"not_picked":["Electrodynamics","Thunder Strike+1"],"picked":"Echo Form","floor":16},{"not_picked":["Coolheaded","Consume"],"picked":"FTL+1","floor":18},{"not_picked":["Sweeping Beam+1","Compile Driver+1"],"picked":"Force Field","floor":20},{"not_picked":["Streamline+1","Reprogram"],"picked":"Sweeping Beam+1","floor":22},{"not_picked":["Redo","Storm"],"picked":"Coolheaded+1","floor":24},{"not_picked":["Turbo","Skim+1"],"picked":"Reinforced Body+1","floor":30},{"not_picked":["Conserve Battery","Leap"],"picked":"Glacier","floor":31},{"not_picked":["Rainbow","Reboot"],"picked":"Buffer","floor":33},{"not_picked":["Force Field+1","Consume+1"],"picked":"Auto Shields+1","floor":35},{"not_picked":["Hologram","Double Energy+1"],"picked":"Defragment","floor":38},{"not_picked":["Aggregate+1","Heatsinks+1"],"picked":"Leap+1","floor":39},{"not_picked":["Chill+1","Steam"],"picked":"Blizzard+1","floor":40},{"not_picked":["Go for the Eyes+1","Reinforced Body+1"],"picked":"Recycle","floor":41},{"not_picked":["Cold Snap+1","Gash+1"],"picked":"Blizzard+1","floor":44},{"not_picked":["Turbo+1","Amplify+1"],"picked":"BootSequence+1","floor":45}],"player_experience":270340,"relics_obtained":[{"floor":5,"key":"Letter Opener"},{"floor":7,"key":"Anchor"},{"floor":9,"key":"Molten Egg 2"},{"floor":12,"key":"The Courier"},{"floor":26,"key":"Mercury Hourglass"},{"floor":30,"key":"Ornamental Fan"},{"floor":41,"key":"Toxic Egg 2"},{"floor":43,"key":"Omamori"},{"floor":45,"key":"Pantograph"}],"event_choices":[{"damage_healed":0,"gold_gain":0,"player_choice":"Take Damage","damage_taken":18,"relics_obtained":["Golden Idol"],"max_hp_gain":0,"max_hp_loss":0,"event_name":"Golden Idol","floor":3,"gold_loss":0},{"damage_healed":18,"gold_gain":0,"player_choice":"Healed","damage_taken":0,"max_hp_gain":0,"max_hp_loss":0,"event_name":"The Cleric","floor":14,"gold_loss":35},{"cards_removed":["Defend_B"],"damage_healed":0,"gold_gain":0,"player_choice":"Offered Basic","damage_taken":0,"max_hp_gain":0,"max_hp_loss":0,"event_name":"Bonfire Elementals","floor":21,"gold_loss":0},{"damage_healed":0,"gold_gain":0,"player_choice":"Simplicity","damage_taken":0,"max_hp_gain":0,"max_hp_loss":0,"event_name":"Back to Basics","floor":25,"gold_loss":0,"cards_upgraded":["Strike_B","Strike_B","Strike_B","Strike_B","Defend_B","Defend_B","Defend_B"]},{"damage_healed":0,"gold_gain":0,"player_choice":"Obtained Relic","damage_taken":0,"relics_obtained":["Gremlin Horn"],"max_hp_gain":0,"max_hp_loss":0,"event_name":"Addict","floor":28,"gold_loss":85},{"damage_healed":0,"gold_gain":0,"player_choice":"Memory 1","damage_taken":0,"max_hp_gain":0,"max_hp_loss":0,"event_name":"SensoryStone","floor":36,"gold_loss":0},{"damage_healed":0,"gold_gain":0,"player_choice":"Ignored","damage_taken":0,"max_hp_gain":0,"max_hp_loss":0,"event_name":"Tomb of Lord Red Mask","floor":47,"gold_loss":0}],"is_beta":false,"boss_relics":[{"not_picked":["Tiny House","Eternal Feather"],"picked":"Velvet Choker"},{"not_picked":["Calling Bell","Philosopher\u0027s Stone"],"picked":"Cursed Key"}],"items_purged_floors":[48],"is_endless":false,"potions_floor_spawned":[1,13,16,18,20,33,39,44],"ascension_level":5}