{"gold_per_floor":[116,116,116,41,52,52,52,52,52,83,98,116,116,127,127,226,226,245,170,70,70,70,70,94,94,94,94],"floor_reached":27,"playtime":1293,"items_purged":["Strike_R","Strike_R"],"score":228,"play_id":"ae5065b3-507f-4936-855a-47df2b3588fe","local_time":"20190217171852","is_ascension_mode":true,"campfire_choices":[{"data":"Pommel Strike","floor":6,"key":"SMITH"},{"data":"Defend_R","floor":8,"key":"SMITH"},{"data":"Warcry","floor":13,"key":"SMITH"},{"floor":15,"key":"REST"},{"data":"Limit Break","floor":23,"key":"SMITH"},{"floor":25,"key":"REST"}],"neow_cost":"NONE","seed_source_timestamp":287461392014109,"circlet_count":0,"master_deck":["Defend_R","Defend_R","Defend_R+1","Defend_R+1","Bash","Pommel Strike+1","Warcry+1","Limit Break+1"],"relics":["Burning Blood","Pantograph","Potion Belt","Gambling Chip","Velvet Choker","Pen Nib","Self Forming Clay"],"potions_floor_usage":[16,16,16],"damage_taken":[{"damage":7,"enemies":"2 Louse","floor":1,"turns":3},{"damage":6,"enemies":"Cultist","floor":5,"turns":3},{"damage":16,"enemies":"Gremlin Nob","floor":10,"turns":4},{"damage":0,"enemies":"Small Slimes","floor":11,"turns":4},{"damage":11,"enemies":"Looter","floor":12,"turns":3},{"damage":4,"enemies":"2 Fungi Beasts","floor":14,"turns":4},{"damage":33,"enemies":"Slime Boss","floor":16,"turns":15},{"damage":20,"enemies":"Shell Parasite","floor":18,"turns":9},{"damage":89,"enemies":"Slavers","floor":27,"turns":7}],"seed_played":"4162145077958600094","potions_obtained":[{"floor":1,"key":"Swift Potion"},{"floor":5,"key":"SteroidPotion"},{"floor":11,"key":"AttackPotion"},{"floor":12,"key":"Dexterity Potion"}],"is_trial":false,"path_per_floor":["M","?","?","$","M","R","?","R","T","E","M","M","R","M","R","B",null,"M","?","$","?","?","R","T","R","T","E"],"character_chosen":"IRONCLAD","items_purchased":[],"campfire_rested":2,"item_purchase_floors":[],"current_hp_per_floor":[79,79,79,79,79,79,79,79,79,69,75,70,70,72,80,53,80,66,66,66,66,66,66,66,80,80,0],"gold":94,"neow_bonus":"REMOVE_CARD","is_prod":false,"is_daily":false,"chose_seed":false,"campfire_upgraded":4,"win_rate":0,"timestamp":1550391532,"path_taken":["M","?","?","$","?","R","?","R","T","E","M","?","R","?","R","BOSS","M","?","$","?","?","R","?","R","T","E"],"build_version":"2019-01-23","purchased_purges":2,"victory":false,"max_hp_per_floor":[80,80,80,80,80,80,80,80,80,80,80,80,80,80,80,80,80,80,80,80,80,80,80,80,80,80,80],"card_choices":[{"not_picked":["Flame Barrier","Armaments","Wild Strike"],"picked":"SKIP","floor":1},{"not_picked":["Hemokinesis","Headbutt"],"picked":"Pommel Strike","floor":5},{"not_picked":["Evolve","Clothesline"],"picked":"Warcry","floor":10},{"not_picked":["Sword Boomerang","Body Slam","Blood for Blood"],"picked":"SKIP","floor":11},{"not_picked":["Corruption","Pummel","Cleave"],"picked":"SKIP","floor":12},{"not_picked":["Sword Boomerang","Clothesline","Blood for Blood"],"picked":"SKIP","floor":14},{"not_picked":["Feed","Barricade"],"picked":"Limit Break","floor":16},{"not_picked":["Clash","Entrench","Armaments"],"picked":"SKIP","floor":18}],"player_experience":94852,"relics_obtained":[{"floor":3,"key":"Pantograph"},{"floor":9,"key":"Potion Belt"},{"floor":10,"key":"Gambling Chip"},{"floor":24,"key":"Pen Nib"},{"floor":26,"key":"Self Forming Clay"}],"event_choices":[{"cards_removed":["Strike_R"],"damage_healed":0,"gold_gain":0,"player_choice":"Forget","damage_taken":0,"max_hp_gain":0,"max_hp_loss":0,"event_name":"Living Wall","floor":2,"gold_loss":0},{"damage_healed":0,"gold_gain":0,"player_choice":"Relic","damage_taken":0,"max_hp_gain":0,"max_hp_loss":0,"event_name":"Wheel of Change","floor":3,"gold_loss":0},{"damage_healed":0,"gold_gain":0,"player_choice":"Forge","damage_taken":0,"max_hp_gain":0,"max_hp_loss":0,"event_name":"Accursed Blacksmith","floor":7,"gold_loss":0,"cards_upgraded":["Defend_R"]},{"cards_removed":["Strike_R"],"damage_healed":0,"gold_gain":0,"player_choice":"Gave Gold","damage_taken":0,"max_hp_gain":0,"max_hp_loss":0,"event_name":"Beggar","floor":19,"gold_loss":75},{"damage_healed":0,"gold_gain":0,"player_choice":"Ignored","damage_taken":0,"max_hp_gain":0,"max_hp_loss":0,"event_name":"Ghosts","floor":21,"gold_loss":0}],"is_beta":false,"boss_relics":[{"not_picked":["Empty Cage","Runic Dome"],"picked":"Velvet Choker"}],"items_purged_floors":[4,20],"is_endless":false,"potions_floor_spawned":[1,5,11,12],"killed_by":"Slavers","ascension_level":2}