{"gold_per_floor":[114,114,127,145,160,186,203,203,226,226],"floor_reached":10,"playtime":467,"items_purged":[],"score":112,"play_id":"7f9555ca-4862-40f0-ac91-3b97f3fd7569","local_time":"20190214004209","is_ascension_mode":true,"campfire_choices":[{"data":"Uppercut","floor":8,"key":"SMITH"}],"neow_cost":"NONE","seed_source_timestamp":637879404090052,"circlet_count":0,"master_deck":["AscendersBane","Strike_R","Strike_R","Strike_R","Strike_R","Defend_R","Defend_R","Defend_R","Defend_R","Bash","Uppercut+1","Carnage","Rampage","Ghostly Armor","Intimidate"],"relics":["Burning Blood","The Courier","Dream Catcher"],"potions_floor_usage":[10],"damage_taken":[{"damage":24,"enemies":"Small Slimes","floor":1,"turns":5},{"damage":1,"enemies":"Cultist","floor":3,"turns":3},{"damage":9,"enemies":"Jaw Worm","floor":4,"turns":3},{"damage":6,"enemies":"3 Louse","floor":5,"turns":4},{"damage":25,"enemies":"Lagavulin","floor":6,"turns":6},{"damage":26,"enemies":"Exordium Thugs","floor":7,"turns":4},{"damage":27,"enemies":"3 Sentries","floor":10,"turns":7}],"seed_played":"-4088972816842649903","potions_obtained":[{"floor":4,"key":"Explosive Potion"},{"floor":6,"key":"Poison Potion"}],"is_trial":false,"path_per_floor":["M","?","M","M","M","E","M","R","T","E"],"character_chosen":"IRONCLAD","items_purchased":[],"campfire_rested":0,"item_purchase_floors":[],"current_hp_per_floor":[62,62,67,64,64,45,25,25,25,0],"gold":226,"neow_bonus":"TEN_PERCENT_HP_BONUS","is_prod":false,"is_daily":false,"chose_seed":false,"campfire_upgraded":1,"win_rate":0,"timestamp":1550097729,"path_taken":["M","?","M","?","M","E","M","R","T","E"],"build_version":"2019-01-23","purchased_purges":0,"victory":false,"max_hp_per_floor":[88,88,88,88,88,88,88,88,88,88],"card_choices":[{"not_picked":["Clothesline","Heavy Blade"],"picked":"Uppercut","floor":1},{"not_picked":["Clothesline","Iron Wave"],"picked":"Carnage","floor":3},{"not_picked":["Headbutt","Warcry"],"picked":"Rampage","floor":4},{"not_picked":["Hemokinesis","Cleave","Flex"],"picked":"SKIP","floor":5},{"not_picked":["Combust","True Grit"],"picked":"Ghostly Armor","floor":6},{"not_picked":["Immolate","Anger"],"picked":"Intimidate","floor":7}],"player_experience":190781,"relics_obtained":[{"floor":6,"key":"The Courier"},{"floor":9,"key":"Dream Catcher"}],"event_choices":[{"cards_removed":["Strike_R"],"damage_healed":0,"gold_gain":0,"player_choice":"Purged","damage_taken":0,"max_hp_gain":0,"max_hp_loss":0,"event_name":"Purifier","floor":2,"gold_loss":0}],"is_beta":false,"boss_relics":[],"items_purged_floors":[],"is_endless":false,"potions_floor_spawned":[4,6],"killed_by":"3 Sentries","ascension_level":12}