{"path_per_floor":["M","M","M","?","M","R","M","E","T","?","E","$","T","M","R","B",null,"M","?","M","?","$","E","R","M","T","R","E","?"],"character_chosen":"IRONCLAD","items_purchased":["Juzu Bracelet"],"gold_per_floor":[111,131,145,145,162,162,174,200,255,255,282,52,52,70,70,173,173,188,103,121,121,21,46,46,66,66,66,101,101,101],"floor_reached":30,"campfire_rested":0,"playtime":1457,"current_hp_per_floor":[45,44,44,44,31,31,38,11,11,11,14,14,14,17,17,12,85,73,73,58,58,58,24,24,15,15,15,11,11,0],"items_purged":["Strike_R","Strike_R"],"gold":101,"score":278,"play_id":"09e660f1-b8a2-4427-ab84-a61e49baf231","local_time":"20180513194026","is_prod":false,"is_daily":false,"chose_seed":false,"is_ascension_mode":false,"campfire_upgraded":4,"timestamp":1526233226,"path_taken":["M","?","M","?","M","R","M","E","T","?","E","$","?","M","R","BOSS","M","?","M","?","?","E","R","M","T","R","E","?","E"],"build_version":"2018-05-10","seed_source_timestamp":277333118597380,"purchased_purges":2,"victory":false,"master_deck":["Strike_R+1","Strike_R+1","Strike_R","Defend_R+1","Defend_R","Rampage+1","Bloodletting+1","Evolve","Warcry+1","Offering+1","Warcry+1","Pommel Strike+1","Seeing Red+1","Decay"],"max_hp_per_floor":[80,80,80,80,80,80,85,85,85,85,85,85,85,85,85,85,85,85,85,85,85,85,85,85,85,85,85,85,85,85],"relics":["Burning Blood","Blood Vial","War Paint","Pantograph","Juzu Bracelet","Mercury Hourglass","Black Star","Anchor","Ornamental Fan","Dodecahedron","Letter Opener","Bottled Lightning","Dream Catcher","Whetstone"],"card_choices":[{"not_picked":["Iron Wave","Seeing Red"],"picked":"Rampage","floor":3},{"not_picked":["Berserk","Power Through"],"picked":"Bloodletting","floor":5},{"not_picked":["Anger","Cleave"],"picked":"Evolve","floor":7},{"not_picked":["True Grit","Combust"],"picked":"Warcry","floor":14},{"not_picked":["Double Tap","Brutality"],"picked":"Offering","floor":16},{"not_picked":["Cleave","Armaments"],"picked":"Warcry","floor":18},{"not_picked":["Feel No Pain","Havoc"],"picked":"Pommel Strike","floor":20},{"not_picked":["Intimidate","Uppercut"],"picked":"Seeing Red","floor":25}],"player_experience":42084,"potions_floor_usage":[7,11,11,30,30,30],"damage_taken":[{"damage":1,"enemies":"Cultist","floor":1,"turns":3},{"damage":7,"enemies":"Small Slimes","floor":2,"turns":4},{"damage":6,"enemies":"Jaw Worm","floor":3,"turns":3},{"damage":19,"enemies":"Blue Slaver","floor":5,"turns":3},{"damage":4,"enemies":"2 Fungi Beasts","floor":7,"turns":3},{"damage":33,"enemies":"3 Sentries","floor":8,"turns":7},{"damage":5,"enemies":"Gremlin Nob","floor":11,"turns":3},{"damage":5,"enemies":"3 Louse","floor":14,"turns":3},{"damage":38,"enemies":"Slime Boss","floor":16,"turns":8},{"damage":18,"enemies":"3 Byrds","floor":18,"turns":5},{"damage":23,"enemies":"2 Thieves","floor":20,"turns":4},{"damage":42,"enemies":"Gremlin Leader","floor":23,"turns":6},{"damage":17,"enemies":"Centurion and Healer","floor":25,"turns":4},{"damage":12,"enemies":"Slavers","floor":28,"turns":3},{"damage":16,"enemies":"Gremlin Leader","floor":30,"turns":2}],"event_choices":[{"event_name":"The Lab","player_choice":"Got Potions","floor":4,"damage_taken":0},{"event_name":"Living Wall","player_choice":"Forget","floor":10,"damage_taken":0},{"event_name":"Addict","player_choice":"Obtained Relic","floor":19,"damage_taken":0},{"event_name":"The Mausoleum","player_choice":"Yes","floor":21,"damage_taken":0},{"event_name":"Forgotten Altar","player_choice":"Smashed Altar","floor":29,"damage_taken":0}],"boss_relics":[{"not_picked":["Sozu","Velvet Choker"],"picked":"Black Star"}],"potions_floor_spawned":[7,8,14,16,18,23,28],"seed_played":"6718318910714862231","killed_by":"Gremlin Leader","ascension_level":0,"is_trial":false}