{"path_per_floor":["M","?","?","M","M","R","M","R","T","M","M","M","M","M","R"],"character_chosen":"THE_SILENT","items_purchased":[],"gold_per_floor":[116,116,116,132,152,152,165,165,165,182,198,210,220,239,239,239],"floor_reached":16,"campfire_rested":0,"playtime":2172,"current_hp_per_floor":[70,70,75,69,69,69,68,68,68,61,61,61,61,61,61,0],"items_purged":[],"gold":239,"score":108,"play_id":"47e4154c-2ab6-497c-94e3-a83f4efc5c51","local_time":"20180523055747","is_prod":false,"is_daily":false,"chose_seed":false,"is_ascension_mode":true,"campfire_upgraded":3,"timestamp":1527047867,"campfire_choices":[{"data":"Adrenaline","floor":6,"key":"SMITH"},{"data":"Neutralize","floor":8,"key":"SMITH"},{"data":"Leg Sweep","floor":15,"key":"SMITH"}],"path_taken":["M","?","?","M","M","R","?","R","T","M","?","M","?","M","R","BOSS"],"build_version":"2018-05-17","seed_source_timestamp":288727341981415,"purchased_purges":0,"victory":false,"master_deck":["Defend_G","Defend_G","Defend_G","Defend_G","Defend_G","Strike_G","Strike_G","Strike_G","Strike_G","Strike_G","Survivor","Neutralize+1","Backflip+1","Injury","Adrenaline+1","Blur","Leg Sweep+1"],"max_hp_per_floor":[70,70,75,75,75,75,75,75,75,75,75,75,75,75,75,75],"relics":["Ring of the Snake","Bottled Flame"],"card_choices":[{"not_picked":["Quick Slash","Slice"],"picked":"Backflip","floor":1},{"not_picked":["Deadly Poison","Cloak And Dagger"],"picked":"Adrenaline","floor":4},{"not_picked":["Poisoned Stab","Predator"],"picked":"Blur","floor":5},{"not_picked":["Flying Knee","Prepared","Masterful Stab"],"picked":"SKIP","floor":7},{"not_picked":["Bane","Sucker Punch","Dagger Throw"],"picked":"SKIP","floor":10},{"not_picked":["Storm of Steel","Deflect","Eviscerate"],"picked":"SKIP","floor":11},{"not_picked":["Deflect","Predator","Choke"],"picked":"SKIP","floor":12},{"not_picked":["Masterful Stab","Flying Knee","Sucker Punch"],"picked":"SKIP","floor":13},{"not_picked":["Slice","Sucker Punch"],"picked":"Leg Sweep","floor":14}],"player_experience":182730,"potions_floor_usage":[13,13,16,16],"damage_taken":[{"damage":0,"enemies":"Small Slimes","floor":1,"turns":5},{"damage":6,"enemies":"Cultist","floor":4,"turns":5},{"damage":0,"enemies":"2 Louse","floor":5,"turns":2},{"damage":1,"enemies":"Red Slaver","floor":7,"turns":7},{"damage":7,"enemies":"Lots of Slimes","floor":10,"turns":7},{"damage":0,"enemies":"3 Louse","floor":11,"turns":3},{"damage":0,"enemies":"2 Fungi Beasts","floor":12,"turns":4},{"damage":0,"enemies":"Lots of Slimes","floor":13,"turns":1},{"damage":0,"enemies":"3 Louse","floor":14,"turns":4},{"damage":63,"enemies":"Slime Boss","floor":16,"turns":18}],"relics_obtained":[{"floor":9,"key":"Bottled Flame"}],"event_choices":[{"event_name":"Accursed Blacksmith","player_choice":"Forge","floor":2,"damage_taken":0},{"event_name":"Big Fish","player_choice":"Donut","floor":3,"damage_taken":0}],"boss_relics":[],"potions_floor_spawned":[1,7,10,12,14],"seed_played":"-3560416514597844227","killed_by":"Slime Boss","ascension_level":2,"potions_obtained":[{"floor":1,"key":"SkillPotion"},{"floor":7,"key":"SteroidPotion"},{"floor":10,"key":"Fire Potion"},{"floor":14,"key":"SteroidPotion"}],"is_trial":false}