{"gold_per_floor":[117,267,280,32,52,86,86,117,117,149,159,192,211,211,211,288,288,304,328,356,368,392,436,460,489,501,546,558,599,625,69,69,69],"floor_reached":33,"playtime":1374,"items_purged":["Doubt"],"score":674,"play_id":"e7522554-7120-410b-8a31-6bfb31d8e1d7","local_time":"20190211201735","is_ascension_mode":true,"campfire_choices":[{"floor":15,"key":"REST"},{"floor":28,"key":"REST"},{"floor":32,"key":"REST"}],"neow_cost":"CURSE","seed_source_timestamp":435158232625100,"circlet_count":0,"master_deck":["AscendersBane","Strike_R","Strike_R","Strike_R","Strike_R","Strike_R","Defend_R","Defend_R","Defend_R","Bash","Havoc","Anger","Flame Barrier","Iron Wave","Immolate","Iron Wave","Sword Boomerang","Pummel","Clash","Armaments","Double Tap","Body Slam","Pummel","RitualDagger","Body Slam","Anger","Body Slam","Headbutt","Infernal Blade","Sword Boomerang","Pummel"],"relics":["Burning Blood","Nunchaku","PreservedInsect","Dodecahedron","Shuriken","Self Forming Clay","Ornamental Fan","Boot","Philosopher\u0027s Stone","MawBank","Art of War","Bottled Flame","Bird Faced Urn","Blood Vial","Bag of Preparation","Medical Kit"],"potions_floor_usage":[5,8,11,22,23,24,24,25,27,30,33,33,33],"damage_taken":[{"damage":16,"enemies":"Jaw Worm","floor":1,"turns":3},{"damage":11,"enemies":"2 Louse","floor":3,"turns":3},{"damage":8,"enemies":"Cultist","floor":5,"turns":3},{"damage":34,"enemies":"3 Sentries","floor":6,"turns":8},{"damage":25,"enemies":"Lagavulin","floor":8,"turns":7},{"damage":5,"enemies":"3 Sentries","floor":10,"turns":3},{"damage":0,"enemies":"Gremlin Gang","floor":11,"turns":3},{"damage":6,"enemies":"Gremlin Nob","floor":12,"turns":3},{"damage":0,"enemies":"Looter","floor":13,"turns":3},{"damage":26,"enemies":"The Guardian","floor":16,"turns":10},{"damage":26,"enemies":"3 Byrds","floor":18,"turns":3},{"damage":9,"enemies":"Shell Parasite","floor":20,"turns":3},{"damage":28,"enemies":"Cultist and Chosen","floor":22,"turns":5},{"damage":10,"enemies":"Book of Stabbing","floor":23,"turns":3},{"damage":9,"enemies":"Chosen and Byrds","floor":24,"turns":3},{"damage":4,"enemies":"Centurion and Healer","floor":25,"turns":5},{"damage":10,"enemies":"Slavers","floor":27,"turns":3},{"damage":12,"enemies":"Book of Stabbing","floor":29,"turns":3},{"damage":18,"enemies":"Snake Plant","floor":30,"turns":2},{"damage":73,"enemies":"Automaton","floor":33,"turns":6}],"seed_played":"-2343720801161012424","potions_obtained":[{"floor":3,"key":"BloodPotion"},{"floor":6,"key":"SkillPotion"},{"floor":8,"key":"Strength Potion"},{"floor":16,"key":"Regen Potion"},{"floor":18,"key":"Weak Potion"},{"floor":22,"key":"EntropicBrew"},{"floor":24,"key":"SkillPotion"},{"floor":25,"key":"BloodPotion"}],"is_trial":false,"path_per_floor":["M","?","M","$","M","E","?","E","T","E","M","E","M","?","R","B",null,"M","T","M","?","M","E","M","M","T","E","R","E","M","$","R","B"],"character_chosen":"IRONCLAD","items_purchased":["PreservedInsect","Bag of Preparation","EntropicBrew","Regen Potion","Medical Kit"],"campfire_rested":3,"item_purchase_floors":[4,31,31,31,31],"current_hp_per_floor":[58,58,53,53,58,30,30,11,11,12,18,18,24,24,46,26,63,43,43,40,34,26,22,19,21,21,24,46,40,30,30,52,0],"gold":69,"neow_bonus":"ONE_RARE_RELIC","is_prod":false,"is_daily":false,"chose_seed":false,"campfire_upgraded":0,"win_rate":0,"timestamp":1549912655,"path_taken":["M","?","M","$","M","E","?","E","T","E","?","E","?","?","R","BOSS","M","?","?","?","M","E","M","M","T","E","R","E","M","$","R","BOSS"],"build_version":"2019-01-23","purchased_purges":1,"victory":false,"max_hp_per_floor":[75,75,75,75,75,75,75,75,75,75,75,75,75,75,75,75,75,75,75,75,75,75,75,75,75,75,75,75,75,75,75,75,75],"card_choices":[{"not_picked":["Body Slam","Warcry"],"picked":"Havoc","floor":1},{"not_picked":["Armaments","Rage"],"picked":"Anger","floor":3},{"not_picked":["Warcry","Headbutt"],"picked":"Flame Barrier","floor":5},{"not_picked":["Thunderclap","Clothesline"],"picked":"Iron Wave","floor":6},{"not_picked":["Uppercut","Shockwave"],"picked":"Immolate","floor":8},{"not_picked":["Body Slam","Second Wind"],"picked":"Iron Wave","floor":10},{"not_picked":["Twin Strike","Feel No Pain"],"picked":"Sword Boomerang","floor":11},{"not_picked":["Body Slam","Wild Strike"],"picked":"Pummel","floor":12},{"not_picked":["Twin Strike","Thunderclap"],"picked":"Clash","floor":13},{"not_picked":["Feed","Juggernaut"],"picked":"Double Tap","floor":16},{"not_picked":["Combust","Clothesline"],"picked":"Body Slam","floor":18},{"not_picked":["Hemokinesis","Burning Pact"],"picked":"Pummel","floor":20},{"not_picked":["Ghostly Armor","Combust"],"picked":"Body Slam","floor":22},{"not_picked":["Sword Boomerang","Shrug It Off"],"picked":"Anger","floor":23},{"not_picked":["Feel No Pain+1","Wild Strike"],"picked":"Body Slam","floor":24},{"not_picked":["Anger","Offering"],"picked":"Headbutt","floor":25},{"not_picked":["Iron Wave","Thunderclap"],"picked":"Infernal Blade","floor":27},{"not_picked":["Feel No Pain","Flex"],"picked":"Sword Boomerang","floor":29},{"not_picked":["Wild Strike+1","Second Wind"],"picked":"Pummel","floor":30}],"player_experience":369063,"relics_obtained":[{"floor":6,"key":"Dodecahedron"},{"floor":8,"key":"Shuriken"},{"floor":9,"key":"Self Forming Clay"},{"floor":10,"key":"Ornamental Fan"},{"floor":12,"key":"Boot"},{"floor":19,"key":"MawBank"},{"floor":23,"key":"Art of War"},{"floor":26,"key":"Bottled Flame"},{"floor":27,"key":"Bird Faced Urn"},{"floor":29,"key":"Blood Vial"}],"event_choices":[{"damage_healed":0,"gold_gain":150,"player_choice":"AGREE","damage_taken":0,"max_hp_gain":0,"max_hp_loss":0,"event_name":"Liars Game","floor":2,"gold_loss":0,"cards_obtained":["Doubt"]},{"cards_removed":["Decay"],"damage_healed":0,"gold_gain":0,"player_choice":"Removed Curses","damage_taken":0,"max_hp_gain":0,"max_hp_loss":0,"event_name":"Fountain of Cleansing","floor":7,"gold_loss":0},{"damage_healed":0,"gold_gain":0,"cards_transformed":["Defend_R"],"player_choice":"Transformed","damage_taken":0,"max_hp_gain":0,"max_hp_loss":0,"event_name":"Transmorgrifier","floor":14,"gold_loss":0,"cards_obtained":["Armaments"]},{"damage_healed":0,"gold_gain":0,"player_choice":"Joined the Cult","damage_taken":6,"max_hp_gain":0,"max_hp_loss":0,"event_name":"Nest","floor":21,"gold_loss":0,"cards_obtained":["RitualDagger"]}],"is_beta":false,"boss_relics":[{"not_picked":["Coffee Dripper","Cursed Key"],"picked":"Philosopher\u0027s Stone"}],"items_purged_floors":[4],"is_endless":false,"potions_floor_spawned":[3,6,8,16,18,22,24,25],"killed_by":"Automaton","ascension_level":20}