{"path_per_floor":["M","$","M","?","M","E","R","E","T","M","E","M","M","E","R","B",null,"M","?","M","$","?","R","E","M","T","R","M","E","M","M","R","B",null,"M","?","$","?","M","E","R"],"character_chosen":"IRONCLAD","items_purchased":["Vajra","Secret Technique"],"gold_per_floor":[111,36,53,53,72,127,127,155,155,169,195,208,218,250,250,345,345,365,315,327,79,2,2,36,52,52,52,66,98,113,127,127,226,226,237,237,32,82,97,124,124,124],"floor_reached":42,"campfire_rested":0,"playtime":1956,"current_hp_per_floor":[80,80,80,80,66,72,72,59,59,65,52,55,59,59,59,36,85,85,85,85,85,85,85,66,65,65,65,49,44,47,50,50,25,85,81,81,81,68,74,14,14,0],"items_purged":["Defend_R","Strike_R"],"gold":124,"score":498,"play_id":"b1883c0b-f93a-4bcf-929b-401ad9b00ddf","local_time":"20180517211143","is_prod":false,"is_daily":false,"chose_seed":false,"is_ascension_mode":false,"campfire_upgraded":5,"timestamp":1526584303,"path_taken":["BOSS","M","$","M","?","M","E","R","E","T","M","E","M","M","E","R","BOSS","M","?","M","$","?","R","E","M","T","R","M","E","?","?","R","BOSS","M","?","$","?","?","E","R","E"],"build_version":"2018-05-10","seed_source_timestamp":0,"purchased_purges":2,"victory":false,"master_deck":["Strike_R","Strike_R","Defend_R","Defend_R","Whirlwind+1","Iron Wave","Thunderclap","Flex+1","Pummel+1","Flex+1","Flex+1","Iron Wave+1","Fiend Fire+1","J.A.X.+1","Seeing Red+1","Warcry+1","Secret Technique+1"],"max_hp_per_floor":[80,80,80,80,80,85,85,85,85,85,85,85,85,85,85,85,85,85,85,85,85,85,85,85,85,85,85,85,85,85,85,85,85,85,85,85,85,85,85,85,85,85],"relics":["Burning Blood","Tiny Chest","Champion Belt","Gremlin Horn","Calipers","Toxic Egg 2","Astrolabe","Vajra","Oddly Smooth Stone","Dodecahedron","Bronze Scales","Sozu","Shovel","Red Skull","Lantern"],"card_choices":[{"not_picked":["Heavy Blade","Armaments"],"picked":"Whirlwind","floor":3},{"not_picked":["Carnage","Headbutt"],"picked":"Iron Wave","floor":5},{"not_picked":["Wild Strike","Sever Soul"],"picked":"Thunderclap","floor":6},{"not_picked":["Warcry","Iron Wave"],"picked":"Flex","floor":8},{"not_picked":["Shrug It Off","Berserk"],"picked":"Pummel","floor":10},{"not_picked":["Fire Breathing","Disarm"],"picked":"Flex","floor":12},{"not_picked":["Perfected Strike","Clothesline"],"picked":"Flex","floor":13},{"not_picked":["Sentinel","Warcry"],"picked":"Seeing Red","floor":28},{"not_picked":["Heavy Blade","Shockwave"],"picked":"Warcry","floor":35}],"player_experience":77669,"potions_floor_usage":[6,6,16,16],"damage_taken":[{"damage":4,"enemies":"2 Louse","floor":1,"turns":4},{"damage":6,"enemies":"Jaw Worm","floor":3,"turns":3},{"damage":20,"enemies":"Small Slimes","floor":5,"turns":4},{"damage":5,"enemies":"Gremlin Nob","floor":6,"turns":4},{"damage":19,"enemies":"3 Sentries","floor":8,"turns":5},{"damage":0,"enemies":"Gremlin Gang","floor":10,"turns":1},{"damage":19,"enemies":"Gremlin Nob","floor":11,"turns":4},{"damage":3,"enemies":"Red Slaver","floor":12,"turns":4},{"damage":2,"enemies":"Large Slime","floor":13,"turns":4},{"damage":6,"enemies":"3 Sentries","floor":14,"turns":3},{"damage":29,"enemies":"The Guardian","floor":16,"turns":10},{"damage":0,"enemies":"Shell Parasite","floor":18,"turns":3},{"damage":6,"enemies":"Chosen","floor":20,"turns":3},{"damage":25,"enemies":"Gremlin Leader","floor":24,"turns":4},{"damage":7,"enemies":"Slaver and Parasite","floor":25,"turns":2},{"damage":22,"enemies":"Snecko","floor":28,"turns":5},{"damage":11,"enemies":"Slavers","floor":29,"turns":4},{"damage":3,"enemies":"Centurion and Healer","floor":30,"turns":1},{"damage":3,"enemies":"Snake Plant","floor":31,"turns":2},{"damage":31,"enemies":"Collector","floor":33,"turns":5},{"damage":10,"enemies":"3 Shapes","floor":35,"turns":2},{"damage":19,"enemies":"Mysterious Sphere","floor":38,"turns":2},{"damage":0,"enemies":"3 Darklings","floor":39,"turns":1},{"damage":81,"enemies":"Nemesis","floor":40,"turns":7},{"damage":18,"enemies":"2 Orb Walkers","floor":42,"turns":1}],"event_choices":[{"event_name":"Liars Game","player_choice":"disagreed","floor":4,"damage_taken":0},{"event_name":"The Joust","player_choice":"Bet on Murderer","floor":19,"damage_taken":0},{"event_name":"Drug Dealer","player_choice":"Got JAXXED","floor":22,"damage_taken":0},{"event_name":"Mysterious Sphere","player_choice":"Fight","floor":38,"damage_taken":0}],"boss_relics":[{"not_picked":["Eternal Feather","Runic Pyramid"],"picked":"Astrolabe"},{"not_picked":["Calling Bell","Lizard Tail"],"picked":"Sozu"}],"potions_floor_spawned":[1,5,10,12,13,20,24,31,38,40],"seed_played":"4800515843230328401","killed_by":"2 Orb Walkers","ascension_level":0,"is_trial":false}