{"gold_per_floor":[117,136,136,147,46,80,99,99,99,132,132],"floor_reached":11,"playtime":406,"items_purged":["Defend_R"],"score":141,"play_id":"886895ba-db4f-43c5-9b86-49599e888d15","local_time":"20190129133445","is_ascension_mode":true,"campfire_choices":[{"floor":8,"key":"REST"}],"neow_cost":"NONE","seed_source_timestamp":71742089757800,"circlet_count":0,"master_deck":["AscendersBane","Strike_R","Strike_R","Strike_R","Strike_R","Defend_R","Defend_R","Defend_R","Bash","True Grit","Metallicize","True Grit","Iron Wave","Pommel Strike","Corruption"],"relics":["Burning Blood","Strawberry","Pen Nib","Dodecahedron","Bottled Lightning"],"potions_floor_usage":[6,11,11],"damage_taken":[{"damage":18,"enemies":"Jaw Worm","floor":1,"turns":4},{"damage":0,"enemies":"Cultist","floor":2,"turns":3},{"damage":0,"enemies":"Small Slimes","floor":4,"turns":5},{"damage":46,"enemies":"Lagavulin","floor":6,"turns":10},{"damage":13,"enemies":"Blue Slaver","floor":7,"turns":5},{"damage":47,"enemies":"Gremlin Nob","floor":10,"turns":6},{"damage":21,"enemies":"Exordium Thugs","floor":11,"turns":4}],"seed_played":"-5230556949166805459","potions_obtained":[{"floor":2,"key":"BloodPotion"},{"floor":4,"key":"EssenceOfSteel"},{"floor":10,"key":"Explosive Potion"}],"is_trial":false,"path_per_floor":["M","M","?","M","$","E","M","R","T","E","M"],"character_chosen":"IRONCLAD","items_purchased":["True Grit"],"campfire_rested":1,"item_purchase_floors":[5],"current_hp_per_floor":[63,69,69,75,75,35,28,52,52,11,0],"gold":132,"neow_bonus":"RANDOM_COMMON_RELIC","is_prod":false,"is_daily":false,"chose_seed":false,"campfire_upgraded":0,"win_rate":0,"timestamp":1548765285,"path_taken":["M","M","?","?","$","E","M","R","T","E","M"],"build_version":"2019-01-23","purchased_purges":1,"victory":false,"max_hp_per_floor":[82,82,82,82,82,82,82,82,82,82,82],"card_choices":[{"not_picked":["Sword Boomerang","Power Through"],"picked":"True Grit","floor":1},{"not_picked":["Seeing Red","Body Slam","Hemokinesis"],"picked":"SKIP","floor":2},{"not_picked":["Clothesline","Twin Strike"],"picked":"Metallicize","floor":4},{"not_picked":["Havoc","Bloodletting"],"picked":"Iron Wave","floor":6},{"not_picked":["Limit Break","Body Slam"],"picked":"Pommel Strike","floor":7},{"not_picked":["Uppercut","Double Tap"],"picked":"Corruption","floor":10}],"player_experience":272345,"relics_obtained":[{"floor":6,"key":"Pen Nib"},{"floor":9,"key":"Dodecahedron"},{"floor":10,"key":"Bottled Lightning"}],"event_choices":[{"cards_removed":["Strike_R"],"damage_healed":0,"gold_gain":0,"player_choice":"Offered Basic","damage_taken":0,"max_hp_gain":0,"max_hp_loss":0,"event_name":"Bonfire Elementals","floor":3,"gold_loss":0}],"is_beta":false,"boss_relics":[],"items_purged_floors":[5],"is_endless":false,"potions_floor_spawned":[2,4,10],"killed_by":"Exordium Thugs","ascension_level":14}