{"gold_per_floor":[115,115,132,57,57,88,108,148,148,148,171,191,191,205,205,335,335,360,360,360,378,54,93,114,114,114,39,39,54,54,68,68,196,196,211,211,226,226,247,247,247,265,265,0,25,37,49,84,96,108],"floor_reached":51,"playtime":2326,"items_purged":["Strike_G","Strike_G"],"score":727,"play_id":"4405297d-4328-4b8b-9030-ba3def084bd0","local_time":"20181215155255","is_ascension_mode":false,"campfire_choices":[{"floor":10,"key":"REST"},{"data":"Noxious Fumes","floor":15,"key":"SMITH"},{"floor":25,"key":"REST"},{"data":"Noxious Fumes","floor":28,"key":"SMITH"},{"data":"Blur","floor":30,"key":"SMITH"},{"floor":32,"key":"REST"},{"floor":40,"key":"REST"},{"floor":49,"key":"REST"}],"neow_cost":"NONE","seed_source_timestamp":258965539555181,"circlet_count":0,"master_deck":["Defend_G+1","Defend_G+1","Defend_G+1","Defend_G+1","Defend_G+1","Strike_G+1","Survivor+1","Neutralize+1","Terror+1","Noxious Fumes+1","Noxious Fumes+1","Prepared+1","Adrenaline+1","Prepared+1","Escape Plan+1","Poisoned Stab+1","Blur+1","Blur+1","Deadly Poison+1","PiercingWail+1","Noxious Fumes+1","Footwork+1"],"relics":["Ring of the Snake","Torii","Golden Idol","StoneCalendar","Blood Vial","Thread and Needle","Potion Belt","Philosopher\u0027s Stone","ClockworkSouvenir","Orichalcum","Bottled Lightning","Lizard Tail","MawBank","Red Mask","Mark of the Bloom","Pantograph"],"potions_floor_usage":[8,16,23,33,39,50,50],"damage_taken":[{"damage":6,"enemies":"2 Louse","floor":1,"turns":3},{"damage":2,"enemies":"Jaw Worm","floor":3,"turns":5},{"damage":12,"enemies":"Lagavulin","floor":6,"turns":9},{"damage":0,"enemies":"Cultist","floor":7,"turns":5},{"damage":9,"enemies":"Gremlin Nob","floor":8,"turns":5},{"damage":1,"enemies":"Exordium Wildlife","floor":12,"turns":5},{"damage":0,"enemies":"Looter","floor":14,"turns":4},{"damage":14,"enemies":"The Guardian","floor":16,"turns":8},{"damage":29,"enemies":"3 Byrds","floor":18,"turns":5},{"damage":20,"enemies":"Shell Parasite","floor":21,"turns":6},{"damage":1,"enemies":"Book of Stabbing","floor":23,"turns":6},{"damage":1,"enemies":"Snake Plant","floor":24,"turns":5},{"damage":18,"enemies":"Shelled Parasite and Fungi","floor":29,"turns":6},{"damage":21,"enemies":"3 Cultists","floor":31,"turns":6},{"damage":27,"enemies":"Automaton","floor":33,"turns":11},{"damage":28,"enemies":"3 Darklings","floor":35,"turns":5},{"damage":2,"enemies":"Orb Walker","floor":37,"turns":5},{"damage":15,"enemies":"Jaw Worm Horde","floor":39,"turns":5},{"damage":1,"enemies":"Maw","floor":42,"turns":8},{"damage":0,"enemies":"Spire Growth","floor":45,"turns":6},{"damage":0,"enemies":"Jaw Worm Horde","floor":48,"turns":4},{"damage":10,"enemies":"Time Eater","floor":50,"turns":13}],"seed_played":"-2816541922098233971","potions_obtained":[{"floor":6,"key":"GamblersBrew"},{"floor":7,"key":"SpeedPotion"},{"floor":14,"key":"FearPotion"},{"floor":21,"key":"PowerPotion"},{"floor":31,"key":"GhostInAJar"},{"floor":33,"key":"Energy Potion"},{"floor":42,"key":"Block Potion"},{"floor":45,"key":"Block Potion"}],"is_trial":false,"path_per_floor":["M","?","M","$","?","E","M","E","T","R","T","M","?","M","R","B",null,"M","?","?","M","$","E","M","R","T","$","R","M","R","M","R","B",null,"M","?","M","?","M","R","?","M","T","?","M","?","T","M","R","B",null],"character_chosen":"THE_SILENT","items_purchased":["Poisoned Stab","ClockworkSouvenir","GhostInAJar"],"campfire_rested":5,"item_purchase_floors":[22,22,27],"current_hp_per_floor":[71,68,66,66,47,35,35,26,26,49,49,50,35,37,37,25,77,48,48,48,30,30,31,32,55,55,55,55,39,39,20,43,18,77,49,49,49,49,36,59,87,86,86,86,87,87,87,87,87,77],"gold":120,"neow_bonus":"TEN_PERCENT_HP_BONUS","is_prod":false,"is_daily":false,"chose_seed":false,"campfire_upgraded":3,"win_rate":0.0,"timestamp":1544885575,"path_taken":["M","?","M","$","?","E","M","E","T","R","?","?","?","M","R","BOSS","M","?","?","M","?","E","M","R","T","$","R","M","R","M","R","BOSS","M","?","?","?","M","R","?","?","T","?","M","?","?","M","R","BOSS"],"build_version":"2018-12-13","purchased_purges":2,"victory":true,"max_hp_per_floor":[77,77,77,77,77,77,77,77,77,77,77,77,77,77,77,77,77,77,77,77,77,77,77,77,77,77,77,77,77,77,77,77,77,77,77,77,77,77,77,77,87,87,87,87,87,87,87,87,87,87],"card_choices":[{"not_picked":["Acrobatics","Flying Knee"],"picked":"Terror","floor":1},{"not_picked":["Acrobatics","Dodge and Roll"],"picked":"Noxious Fumes","floor":3},{"not_picked":["Choke","Backflip"],"picked":"Noxious Fumes","floor":6},{"not_picked":["Dash","Heel Hook","Dagger Spray"],"picked":"SKIP","floor":7},{"not_picked":["Infinite Blades","Deflect","Slice"],"picked":"SKIP","floor":8},{"not_picked":["Blade Dance","Die Die Die","Dagger Spray"],"picked":"SKIP","floor":12},{"not_picked":["Dash","Backflip"],"picked":"Prepared","floor":14},{"not_picked":["Wraith Form v2","After Image"],"picked":"Adrenaline","floor":16},{"not_picked":["Quick Slash","Riddle With Holes","Dagger Spray"],"picked":"SKIP","floor":18},{"not_picked":["Eviscerate+1","Backflip"],"picked":"Escape Plan+1","floor":21},{"not_picked":["Dodge and Roll","Heel Hook+1","Outmaneuver"],"picked":"SKIP","floor":23},{"not_picked":["Acrobatics","Underhanded Strike"],"picked":"Blur","floor":24},{"not_picked":["Sucker Punch","Expertise"],"picked":"Blur","floor":29},{"not_picked":["Dagger Throw","Acrobatics","Backstab"],"picked":"SKIP","floor":31},{"not_picked":["Malaise","Tools of the Trade"],"picked":"Venomology","floor":33},{"not_picked":["Dodge and Roll+1","Poisoned Stab"],"picked":"Deadly Poison+1","floor":35},{"not_picked":["Acrobatics","Reflex+1"],"picked":"PiercingWail+1","floor":37},{"not_picked":["Dagger Throw","Dagger Spray+1","Acrobatics"],"picked":"SKIP","floor":39},{"not_picked":["Deadly Poison+1","Outmaneuver"],"picked":"Noxious Fumes+1","floor":42},{"not_picked":["Backflip+1","Sucker Punch","Heel Hook+1"],"picked":"SKIP","floor":45},{"not_picked":["Bullet Time","Prepared"],"picked":"Footwork+1","floor":48}],"player_experience":7078,"relics_obtained":[{"floor":6,"key":"StoneCalendar"},{"floor":8,"key":"Blood Vial"},{"floor":9,"key":"Thread and Needle"},{"floor":11,"key":"Potion Belt"},{"floor":23,"key":"Orichalcum"},{"floor":26,"key":"Bottled Lightning"},{"floor":43,"key":"MawBank"},{"floor":47,"key":"Pantograph"}],"event_choices":[{"damage_healed":0,"gold_gain":0,"player_choice":"Success","damage_taken":3,"relics_obtained":["Torii"],"max_hp_gain":0,"max_hp_loss":0,"event_name":"Scrap Ooze","floor":2,"gold_loss":0},{"damage_healed":0,"gold_gain":0,"player_choice":"Take Damage","damage_taken":19,"relics_obtained":["Golden Idol"],"max_hp_gain":0,"max_hp_loss":0,"event_name":"Golden Idol","floor":5,"gold_loss":0},{"damage_healed":0,"gold_gain":0,"player_choice":"Entered Light","damage_taken":15,"max_hp_gain":0,"max_hp_loss":0,"event_name":"Shining Light","floor":13,"gold_loss":0,"cards_upgraded":["Defend_G","Strike_G"]},{"damage_healed":0,"gold_gain":0,"player_choice":"Read","damage_taken":0,"max_hp_gain":0,"max_hp_loss":0,"event_name":"The Library","floor":19,"gold_loss":0,"cards_obtained":["Prepared"]},{"damage_healed":0,"gold_gain":0,"player_choice":"Ignored","damage_taken":0,"max_hp_gain":0,"max_hp_loss":0,"event_name":"Cursed Tome","floor":20,"gold_loss":0},{"cards_removed":["Strike_G"],"damage_healed":0,"gold_gain":0,"player_choice":"Purged","damage_taken":0,"max_hp_gain":0,"max_hp_loss":0,"event_name":"Purifier","floor":36,"gold_loss":0},{"cards_removed":["Strike_G"],"damage_healed":0,"gold_gain":0,"player_choice":"Removed Attack","damage_taken":0,"max_hp_gain":0,"max_hp_loss":0,"event_name":"Falling","floor":38,"gold_loss":0},{"cards_removed":["Venomology"],"damage_healed":18,"gold_gain":0,"player_choice":"Offered Rare","damage_taken":0,"max_hp_gain":10,"max_hp_loss":0,"event_name":"Bonfire Elementals","floor":41,"gold_loss":0},{"damage_healed":0,"gold_gain":0,"player_choice":"Paid","damage_taken":0,"relics_obtained":["Red Mask"],"max_hp_gain":0,"max_hp_loss":0,"event_name":"Tomb of Lord Red Mask","floor":44,"gold_loss":277},{"damage_healed":0,"gold_gain":0,"player_choice":"Upgrade","damage_taken":0,"relics_obtained":["Mark of the Bloom"],"max_hp_gain":0,"max_hp_loss":0,"event_name":"MindBloom","floor":46,"gold_loss":0,"cards_upgraded":["Defend_G","Defend_G","Defend_G","Defend_G","Survivor","Neutralize","Terror","Prepared","Adrenaline","Prepared","Poisoned Stab","Blur"]}],"is_beta":false,"boss_relics":[{"not_picked":["Orrery","Cursed Key"],"picked":"Philosopher\u0027s Stone"},{"not_picked":["Snecko Eye","Runic Dome"],"picked":"Lizard Tail"}],"items_purged_floors":[4,22],"is_endless":false,"potions_floor_spawned":[6,7,14,21,31,33,39,42,45],"ascension_level":0}