{"path_per_floor":["M","?","$","?","M","R","E","M","T","R","M","$","?","?","R","B",null,"M","?","?","$","?"],"character_chosen":"IRONCLAD","items_purchased":["Iron Wave","Havoc","Juzu Bracelet"],"gold_per_floor":[112,112,11,11,30,30,66,85,85,85,104,44,219,219,219,345,345,370,285,285,168,168,168],"floor_reached":23,"campfire_rested":1,"playtime":605,"current_hp_per_floor":[55,55,55,55,54,54,27,32,32,32,38,38,38,23,45,38,65,50,57,57,57,57,0],"items_purged":["Defend_R"],"gold":168,"score":259,"play_id":"dabb0cf2-6b33-4f73-ade9-63a099cc0713","local_time":"20180519222254","is_prod":false,"is_daily":false,"chose_seed":false,"is_ascension_mode":true,"campfire_upgraded":2,"timestamp":1526761374,"campfire_choices":[{"data":"Iron Wave","floor":6,"key":"SMITH"},{"data":"Iron Wave","floor":10,"key":"SMITH"},{"floor":15,"key":"REST"}],"path_taken":["M","?","$","?","M","R","E","M","T","R","?","$","?","?","R","BOSS","M","?","?","?","?","E"],"build_version":"2018-05-17","seed_source_timestamp":3795827501296,"purchased_purges":1,"victory":false,"master_deck":["Strike_R+1","Strike_R+1","Strike_R+1","Strike_R+1","Strike_R+1","Defend_R+1","Defend_R+1","Defend_R+1","Bash","Thunderclap+1","Iron Wave+1","Havoc+1","Iron Wave+1","Carnage+1","Thunderclap","Immolate"],"max_hp_per_floor":[80,74,74,74,74,74,74,74,74,74,74,74,74,74,74,74,74,74,81,81,81,81,81],"relics":["Burning Blood","Golden Idol","The Courier","Omamori","Eternal Feather","Strawberry","Juzu Bracelet"],"card_choices":[{"not_picked":["Cleave","Combust"],"picked":"Thunderclap","floor":1},{"not_picked":["Wild Strike","Carnage"],"picked":"Iron Wave","floor":5},{"not_picked":["Dropkick","Rampage"],"picked":"Carnage","floor":7},{"not_picked":["Sentinel","Rupture","Shrug It Off"],"picked":"SKIP","floor":8},{"not_picked":["Combust","Perfected Strike"],"picked":"Thunderclap","floor":11},{"not_picked":["Brutality","Barricade"],"picked":"Immolate","floor":16},{"not_picked":["Flex","Headbutt","Searing Blow"],"picked":"SKIP","floor":18}],"player_experience":118971,"potions_floor_usage":[16,23],"damage_taken":[{"damage":23,"enemies":"Small Slimes","floor":1,"turns":4},{"damage":7,"enemies":"Jaw Worm","floor":5,"turns":3},{"damage":33,"enemies":"Gremlin Nob","floor":7,"turns":5},{"damage":1,"enemies":"Cultist","floor":8,"turns":3},{"damage":0,"enemies":"Blue Slaver","floor":11,"turns":2},{"damage":13,"enemies":"Slime Boss","floor":16,"turns":8},{"damage":21,"enemies":"Shell Parasite","floor":18,"turns":4},{"damage":65,"enemies":"Gremlin Leader","floor":23,"turns":5}],"relics_obtained":[{"floor":7,"key":"The Courier"},{"floor":9,"key":"Omamori"}],"event_choices":[{"event_name":"Golden Idol","player_choice":"Lose Max HP","floor":2,"damage_taken":0},{"event_name":"Living Wall","player_choice":"Grow","floor":4,"damage_taken":0},{"event_name":"Liars Game","player_choice":"agreed","floor":13,"damage_taken":0},{"event_name":"Shining Light","player_choice":"Entered Light","floor":14,"damage_taken":0},{"event_name":"Addict","player_choice":"Obtained Relic","floor":19,"damage_taken":0},{"event_name":"Ghosts","player_choice":"Ignored","floor":20,"damage_taken":0},{"event_name":"Back to Basics","player_choice":"Simplicity","floor":22,"damage_taken":0}],"boss_relics":[{"not_picked":["Runic Dome","Mark of Pain"],"picked":"Eternal Feather"}],"potions_floor_spawned":[8,11,18],"seed_played":"-7730536614721436629","killed_by":"Gremlin Leader","ascension_level":8,"potions_obtained":[{"floor":8,"key":"FearPotion"},{"floor":11,"key":"Explosive Potion"},{"floor":18,"key":"PowerPotion"}],"is_trial":false}