{"path_per_floor":["M","M","$","M","$","E","M","E","T","$","T","R","?","?","R","B",null,"M","?","M","$","T","R","E","R","T","E","R","$","M","E","R","B",null,"M","$","?","T","?","E","M","E","T","R","E","M","E","M","R","B"],"character_chosen":"IRONCLAD","items_purchased":["Offering","Dropkick","Flex","Warcry","Gremlin Horn","Dropkick","Tiny Chest","Apotheosis","Headbutt","Vajra"],"gold_per_floor":[219,230,230,245,19,54,74,106,106,61,61,61,61,61,61,157,157,172,222,232,86,133,133,159,159,185,217,217,11,26,352,352,456,456,475,8,8,8,8,42,58,84,84,84,110,120,148,162,162,162],"floor_reached":51,"campfire_rested":1,"playtime":2288,"current_hp_per_floor":[80,72,72,77,77,61,63,35,35,35,35,35,35,35,35,18,80,80,80,80,80,80,80,78,78,78,76,76,76,78,80,80,46,80,74,74,80,80,80,55,54,52,52,52,54,52,57,43,70,47],"items_purged":["Defend_R","Defend_R"],"gold":162,"score":1297,"play_id":"51d4c37f-6771-40ab-b8ba-c681c91e2d10","local_time":"20180518005048","is_prod":false,"is_daily":false,"chose_seed":false,"is_ascension_mode":true,"campfire_upgraded":5,"timestamp":1526597448,"path_taken":["M","M","$","M","$","E","M","E","T","$","?","R","?","?","R","BOSS","M","?","?","$","?","R","E","R","T","E","R","$","M","E","R","BOSS","M","$","?","?","?","E","M","E","T","R","E","M","E","M","R","BOSS"],"build_version":"2018-05-10","seed_source_timestamp":341815849632721,"purchased_purges":3,"victory":true,"master_deck":["Strike_R","Strike_R","Strike_R","Strike_R","Strike_R","Defend_R","Bash","Thunderclap+1","Pommel Strike+1","Headbutt+1","Offering+1","Dropkick+1","Seeing Red+1","Flex+1","Offering+1","Warcry+1","Flex+1","Clash+1","Offering+1","Heavy Blade+1","Exhume+1","Dropkick+1","Apotheosis+1","Headbutt+1","Warcry+1","Whirlwind+1","Thunderclap+1","Warcry+1"],"max_hp_per_floor":[80,80,80,80,80,80,80,80,80,80,80,80,80,80,80,80,80,80,80,80,80,80,80,80,80,80,80,80,80,80,80,80,80,80,80,80,86,86,86,86,86,86,86,86,86,86,93,93,93,93],"relics":["Burning Blood","Toxic Egg 2","Darkstone Periapt","Centennial Puzzle","Thread and Needle","Black Star","Happy Flower","Question Card","The Courier","Ancient Tea Set","Molten Egg 2","Paper Frog","Gremlin Horn","Peace Pipe","Old Coin","Orrery","Tiny Chest","Vajra","Bottled Flame","Toolbox","Pantograph","Smiling Mask","Self Forming Clay","Bottled Lightning","Kunai","Blue Candle","Lantern","Strawberry"],"card_choices":[{"not_picked":["Sword Boomerang","Infernal Blade"],"picked":"Thunderclap","floor":1},{"not_picked":["Twin Strike","Blood for Blood"],"picked":"Pommel Strike","floor":2},{"not_picked":["True Grit","Pommel Strike"],"picked":"Headbutt","floor":4},{"not_picked":["Immolate","Anger"],"picked":"Seeing Red","floor":7},{"not_picked":["Fiend Fire","Brutality"],"picked":"Offering","floor":16},{"not_picked":["Bloodletting","Cleave"],"picked":"Flex","floor":24},{"not_picked":["Blood for Blood","True Grit","Iron Wave"],"picked":"Clash","floor":27},{"not_picked":["Limit Break","Impervious","Bludgeon"],"picked":"Offering","floor":33},{"not_picked":["Carnage","Searing Blow","Havoc"],"picked":"Heavy Blade","floor":34},{"not_picked":["Havoc","Bloodletting","Twin Strike"],"picked":"Exhume","floor":34},{"not_picked":["Rampage","Heavy Blade","Shrug It Off"],"picked":"Seeing Red","floor":34},{"not_picked":["Sword Boomerang","Impervious","Blood for Blood"],"picked":"Warcry","floor":40},{"not_picked":["True Grit","Clash","Second Wind"],"picked":"Whirlwind","floor":41},{"not_picked":["Seeing Red","True Grit","Iron Wave"],"picked":"Thunderclap","floor":46},{"not_picked":["Rupture","Thunderclap","Carnage"],"picked":"Warcry","floor":48}],"player_experience":86095,"potions_floor_usage":[16,16,24,31,50,50,50],"damage_taken":[{"damage":6,"enemies":"Cultist","floor":1,"turns":4},{"damage":14,"enemies":"Jaw Worm","floor":2,"turns":3},{"damage":1,"enemies":"2 Louse","floor":4,"turns":2},{"damage":22,"enemies":"3 Sentries","floor":6,"turns":6},{"damage":4,"enemies":"2 Fungi Beasts","floor":7,"turns":2},{"damage":34,"enemies":"Lagavulin","floor":8,"turns":5},{"damage":23,"enemies":"Hexaghost","floor":16,"turns":4},{"damage":4,"enemies":"Shell Parasite","floor":18,"turns":1},{"damage":4,"enemies":"Chosen","floor":20,"turns":2},{"damage":8,"enemies":"Book of Stabbing","floor":24,"turns":2},{"damage":8,"enemies":"Slavers","floor":27,"turns":1},{"damage":4,"enemies":"Snake Plant","floor":30,"turns":1},{"damage":4,"enemies":"Gremlin Leader","floor":31,"turns":1},{"damage":40,"enemies":"Automaton","floor":33,"turns":5},{"damage":12,"enemies":"3 Shapes","floor":35,"turns":1},{"damage":31,"enemies":"Giant Head","floor":40,"turns":4},{"damage":7,"enemies":"Orb Walker","floor":41,"turns":2},{"damage":8,"enemies":"2 Orb Walkers","floor":42,"turns":1},{"damage":4,"enemies":"Nemesis","floor":45,"turns":1},{"damage":8,"enemies":"Maw","floor":46,"turns":1},{"damage":8,"enemies":"2 Orb Walkers","floor":47,"turns":1},{"damage":20,"enemies":"4 Shapes","floor":48,"turns":1},{"damage":61,"enemies":"Time Eater","floor":50,"turns":5}],"event_choices":[{"event_name":"The Woman in Blue","player_choice":"Bought 0 Potions","floor":13,"damage_taken":0},{"event_name":"Liars Game","player_choice":"disagreed","floor":14,"damage_taken":0},{"event_name":"The Joust","player_choice":"Bet on Murderer","floor":19,"damage_taken":0},{"event_name":"Wheel of Change","player_choice":"Curse","floor":37,"damage_taken":0}],"boss_relics":[{"not_picked":["Runic Dome","Black Blood"],"picked":"Black Star"},{"not_picked":["Runic Pyramid","Snecko Eye"],"picked":"Orrery"}],"potions_floor_spawned":[2,7,8,20,24,27,41,46,47],"seed_played":"848337409216458933","ascension_level":4,"is_trial":false}