{"gold_per_floor":[362,382,382,382,41,71,71,105,158,158,183,196,212,228,228,302,302,321,335,47,47,47,76,1,1],"floor_reached":25,"playtime":962,"items_purged":["Strike_G"],"score":506,"play_id":"522b0963-5353-4a08-b18d-ae06f9545fa3","local_time":"20190217165907","is_ascension_mode":true,"campfire_choices":[{"data":"Neutralize","floor":7,"key":"SMITH"},{"floor":10,"key":"REST"},{"data":"Deadly Poison","floor":15,"key":"SMITH"}],"neow_cost":"TEN_PERCENT_HP_LOSS","seed_source_timestamp":0,"circlet_count":0,"master_deck":["AscendersBane","Defend_G","Defend_G","Defend_G","Defend_G","Defend_G","Strike_G","Strike_G","Strike_G","Survivor","Neutralize+1","All Out Attack","Poisoned Stab","Footwork+1","PiercingWail","Noxious Fumes+1","Predator","Deadly Poison+1","Dodge and Roll","A Thousand Cuts+1","Cloak And Dagger","Escape Plan"],"special_seed":0,"relics":["Ring of the Snake","Bag of Marbles","Frozen Egg 2","Smiling Mask","Regal Pillow","Centennial Puzzle","Turnip","Sozu","Gremlin Horn","Enchiridion","Bird Faced Urn"],"potions_floor_usage":[6,16,23],"damage_taken":[{"damage":0,"enemies":"2 Louse","floor":1,"turns":3},{"damage":0,"enemies":"Small Slimes","floor":2,"turns":2},{"damage":17,"enemies":"Gremlin Nob","floor":6,"turns":5},{"damage":9,"enemies":"Lagavulin","floor":8,"turns":6},{"damage":16,"enemies":"3 Sentries","floor":11,"turns":6},{"damage":0,"enemies":"Jaw Worm","floor":12,"turns":6},{"damage":0,"enemies":"Looter","floor":13,"turns":4},{"damage":0,"enemies":"Exordium Wildlife","floor":14,"turns":1},{"damage":0,"enemies":"Hexaghost","floor":16,"turns":10},{"damage":1,"enemies":"Chosen","floor":18,"turns":5},{"damage":6,"enemies":"Spheric Guardian","floor":19,"turns":5},{"damage":24,"enemies":"Slavers","floor":23,"turns":3},{"damage":8,"enemies":"Snake Plant","floor":25,"turns":1}],"seed_played":"988810855209714814","potions_obtained":[{"floor":1,"key":"LiquidBronze"},{"floor":2,"key":"PowerPotion"},{"floor":11,"key":"SteroidPotion"},{"floor":12,"key":"Poison Potion"},{"floor":16,"key":"Energy Potion"}],"is_trial":false,"path_per_floor":["M","M","?","?","$","E","R","E","T","R","E","M","M","M","R","B",null,"M","M","$","?","?","E","?","M"],"character_chosen":"THE_SILENT","items_purchased":["Frozen Egg 2","Footwork+1","PiercingWail","Gremlin Horn"],"campfire_rested":1,"item_purchase_floors":[5,5,5,20],"current_hp_per_floor":[59,59,59,52,52,35,35,26,26,59,43,43,43,43,43,43,56,55,49,49,49,28,4,4,0],"gold":1,"neow_bonus":"TWO_FIFTY_GOLD","is_prod":false,"is_daily":false,"chose_seed":false,"campfire_upgraded":2,"win_rate":0,"timestamp":1550419147,"path_taken":["M","M","?","?","$","E","R","E","T","R","E","M","M","M","R","BOSS","M","M","$","?","?","E","?","?"],"build_version":"2019-01-23","purchased_purges":1,"victory":false,"max_hp_per_floor":[60,60,60,60,60,60,60,60,60,60,60,60,60,60,60,60,60,60,60,60,60,60,60,60,60],"card_choices":[{"not_picked":["Riddle With Holes","Deflect"],"picked":"All Out Attack","floor":1},{"not_picked":["Prepared","Quick Slash"],"picked":"Poisoned Stab","floor":2},{"not_picked":["Endless Agony","Underhanded Strike"],"picked":"Noxious Fumes+1","floor":6},{"not_picked":["Flying Knee","Acrobatics"],"picked":"Predator","floor":8},{"not_picked":["Quick Slash","Dagger Spray","Infinite Blades+1"],"picked":"SKIP","floor":11},{"not_picked":["Backstab","A Thousand Cuts+1"],"picked":"Deadly Poison","floor":12},{"not_picked":["Dagger Spray","Outmaneuver"],"picked":"Dodge and Roll","floor":13},{"not_picked":["Quick Slash","Outmaneuver","Concentrate"],"picked":"SKIP","floor":14},{"not_picked":["Die Die Die","Venomology"],"picked":"A Thousand Cuts+1","floor":16},{"not_picked":["Tactician","Slice"],"picked":"Cloak And Dagger","floor":18},{"not_picked":["Flying Knee+1","Endless Agony"],"picked":"Escape Plan","floor":19},{"not_picked":["Heel Hook","Reflex","Expertise"],"picked":"SKIP","floor":23}],"player_experience":470911,"relics_obtained":[{"floor":6,"key":"Smiling Mask"},{"floor":8,"key":"Regal Pillow"},{"floor":9,"key":"Centennial Puzzle"},{"floor":11,"key":"Turnip"},{"floor":22,"key":"Enchiridion"},{"floor":23,"key":"Bird Faced Urn"}],"event_choices":[{"damage_healed":0,"gold_gain":0,"player_choice":"Box","damage_taken":0,"relics_obtained":["Bag of Marbles"],"max_hp_gain":0,"max_hp_loss":0,"event_name":"Big Fish","floor":3,"gold_loss":0,"cards_obtained":["Regret"]},{"cards_removed":["Regret"],"damage_healed":0,"gold_gain":0,"player_choice":"Card Removal","damage_taken":7,"max_hp_gain":0,"max_hp_loss":0,"event_name":"Golden Wing","floor":4,"gold_loss":0},{"damage_healed":0,"gold_gain":0,"player_choice":"Ignored","damage_taken":0,"max_hp_gain":0,"max_hp_loss":0,"event_name":"Vampires","floor":21,"gold_loss":0},{"damage_healed":0,"gold_gain":0,"player_choice":"Obtained Book","damage_taken":21,"max_hp_gain":0,"max_hp_loss":0,"event_name":"Cursed Tome","floor":22,"gold_loss":0},{"cards_removed":["Strike_G"],"damage_healed":0,"gold_gain":0,"player_choice":"Gave Gold","damage_taken":0,"max_hp_gain":0,"max_hp_loss":0,"event_name":"Beggar","floor":24,"gold_loss":75}],"is_beta":false,"boss_relics":[{"not_picked":["Tiny House","Lizard Tail"],"picked":"Sozu"}],"items_purged_floors":[20],"is_endless":false,"potions_floor_spawned":[1,2,11,12,16,18],"killed_by":"Snake Plant","ascension_level":15}