{"gold_per_floor":[116,132,207,207,226,256,268,280,317,341,373,385,454,486,498,611,623,653,665,696,708,738,779,806,836,900,931,955,1002,1014,1040,1052,1169,1181,1206,1232,1255,42,57,57,83,83,83,110,124,142,157,257,257,257],"floor_reached":50,"playtime":15482,"items_purged":[],"score":627,"play_id":"0df9c8ce-7ad5-4d17-aca3-bb7f0de99747","local_time":"20190131030350","is_ascension_mode":false,"campfire_choices":[{"floor":7,"key":"REST"},{"data":"Loop","floor":12,"key":"SMITH"},{"data":"Hello World","floor":15,"key":"SMITH"},{"floor":30,"key":"REST"},{"floor":32,"key":"REST"},{"floor":40,"key":"REST"},{"floor":42,"key":"REST"},{"floor":49,"key":"REST"}],"neow_cost":"NONE","seed_source_timestamp":85687842766226,"circlet_count":0,"master_deck":["Strike_B","Strike_B","Strike_B","Strike_B","Defend_B","Defend_B","Defend_B","Zap+1","Dualcast","Barrage","Go for the Eyes","Hello World+1","Conserve Battery","Loop+1","Compile Driver","Cold Snap","Melter","Biased Cognition","Steam+1","Leap+1","Streamline+1","Sweeping Beam+1","Conserve Battery+1","Rainbow","Stack","Leap","Hologram","Biased Cognition","Creative AI","Chaos+1","Storm","Gash+1","Rip and Tear","Chrysalis","Storm","Reprogram","Impatience","Gash","Stack+1","Auto Shields+1","Darkness+1","Reboot","Stack+1","Beam Cell+1","Lockon","Compile Driver+1","Double Energy","Steam+1"],"relics":["Cracked Core","MawBank","Blood Vial","Potion Belt","Philosopher\u0027s Stone","MutagenicStrength","GremlinMask","Sundial","Pen Nib","Boot","Black Star","Prayer Wheel","Lantern","Strange Spoon","Bronze Scales","Regal Pillow","Question Card","Pantograph","Mango"],"potions_floor_usage":[22,23,28,28,29,29,33,36,39,44,44,44,50],"damage_taken":[{"damage":2,"enemies":"2 Louse","floor":1,"turns":3},{"damage":1,"enemies":"Small Slimes","floor":2,"turns":3},{"damage":0,"enemies":"Cultist","floor":5,"turns":3},{"damage":16,"enemies":"Lagavulin","floor":6,"turns":6},{"damage":0,"enemies":"Looter","floor":10,"turns":3},{"damage":8,"enemies":"Red Slaver","floor":11,"turns":3},{"damage":17,"enemies":"Lagavulin Event","floor":13,"turns":5},{"damage":9,"enemies":"3 Louse","floor":14,"turns":3},{"damage":27,"enemies":"The Guardian","floor":16,"turns":12},{"damage":0,"enemies":"Spheric Guardian","floor":18,"turns":1},{"damage":0,"enemies":"Chosen","floor":20,"turns":4},{"damage":15,"enemies":"Snecko","floor":22,"turns":5},{"damage":9,"enemies":"Book of Stabbing","floor":23,"turns":5},{"damage":18,"enemies":"Snake Plant","floor":24,"turns":4},{"damage":12,"enemies":"Chosen and Byrds","floor":25,"turns":7},{"damage":15,"enemies":"Centurion and Healer","floor":27,"turns":5},{"damage":12,"enemies":"Shelled Parasite and Fungi","floor":28,"turns":4},{"damage":6,"enemies":"Gremlin Leader","floor":29,"turns":6},{"damage":9,"enemies":"Snake Plant","floor":31,"turns":3},{"damage":35,"enemies":"Automaton","floor":33,"turns":10},{"damage":26,"enemies":"3 Shapes","floor":35,"turns":6},{"damage":25,"enemies":"3 Darklings","floor":36,"turns":6},{"damage":31,"enemies":"4 Shapes","floor":37,"turns":8},{"damage":0,"enemies":"Sphere and 2 Shapes","floor":39,"turns":6},{"damage":7,"enemies":"Nemesis","floor":41,"turns":7},{"damage":38,"enemies":"Reptomancer","floor":44,"turns":6},{"damage":32,"enemies":"3 Darklings","floor":45,"turns":8},{"damage":2,"enemies":"Transient","floor":46,"turns":5},{"damage":7,"enemies":"Maw","floor":47,"turns":7},{"damage":84,"enemies":"Awakened One","floor":50,"turns":14}],"seed_played":"-7544582481023998009","potions_obtained":[{"floor":2,"key":"Block Potion"},{"floor":5,"key":"Explosive Potion"},{"floor":10,"key":"Strength Potion"},{"floor":14,"key":"Explosive Potion"},{"floor":20,"key":"Swift Potion"},{"floor":24,"key":"AttackPotion"},{"floor":28,"key":"Explosive Potion"},{"floor":29,"key":"FocusPotion"},{"floor":35,"key":"Weak Potion"},{"floor":39,"key":"EssenceOfSteel"},{"floor":41,"key":"Ancient Potion"},{"floor":46,"key":"Explosive Potion"}],"is_trial":false,"path_per_floor":["?","?","?","M","?","?","?","M","?"],"character_chosen":"DEFECT","items_purchased":["Prayer Wheel","Lantern","Strange Spoon","Rip and Tear","Chrysalis","Block Potion","Storm","Reprogram","Impatience","Gash"],"campfire_rested":6,"item_purchase_floors":[38,38,38,38,38,38,38,38,38,38],"current_hp_per_floor":[80,79,68,68,68,52,76,76,76,78,72,72,57,50,50,25,82,82,82,82,82,67,60,44,34,34,21,11,7,31,24,48,15,82,56,33,4,4,6,30,25,64,64,42,12,12,7,7,50,0],"gold":257,"neow_bonus":"TEN_PERCENT_HP_BONUS","is_prod":false,"is_daily":false,"chose_seed":false,"campfire_upgraded":2,"win_rate":0.0,"timestamp":1548878630,"path_taken":["M","M","?","?","M","E","R","?","T","M","?","R","?","M","R","BOSS","M","?","M","?","M","E","?","M","T","M","M","E","R","M","R","BOSS","M","M","M","$","M","R","E","R","T","E","M","M","M","?","R","BOSS"],"build_version":"2019-01-23","purchased_purges":0,"victory":false,"max_hp_per_floor":[82,82,82,82,82,82,82,82,82,82,82,82,82,82,82,82,82,82,82,82,82,82,82,82,82,82,82,82,82,82,82,82,82,82,82,82,82,82,82,82,82,82,82,96,96,96,96,96,96,96],"card_choices":[{"not_picked":["Conserve Battery","Auto Shields"],"picked":"Barrage","floor":1},{"not_picked":["Blizzard","Scrape"],"picked":"Go for the Eyes","floor":2},{"not_picked":["Beam Cell","Darkness"],"picked":"Hello World","floor":5},{"not_picked":["Cold Snap","Gash"],"picked":"Conserve Battery","floor":6},{"not_picked":["Barrage","Scrape"],"picked":"Loop","floor":10},{"not_picked":["FTL","Cold Snap"],"picked":"Compile Driver","floor":11},{"not_picked":["Coolheaded","Loop"],"picked":"Cold Snap","floor":13},{"not_picked":["Reboot","Beam Cell"],"picked":"Melter","floor":14},{"not_picked":["Buffer","Multi-Cast"],"picked":"Biased Cognition","floor":16},{"not_picked":["Barrage","Melter"],"picked":"Steam+1","floor":18},{"not_picked":["Double Energy","Stack"],"picked":"Leap+1","floor":20},{"not_picked":["Melter","Loop+1"],"picked":"Streamline+1","floor":22},{"not_picked":["Reprogram","Consume"],"picked":"Sweeping Beam+1","floor":23},{"not_picked":["Barrage","Hologram"],"picked":"Conserve Battery+1","floor":24},{"not_picked":["Barrage","Coolheaded"],"picked":"Rainbow","floor":25},{"not_picked":["Chaos","Hello World"],"picked":"Stack","floor":27},{"not_picked":["Sweeping Beam","Stack"],"picked":"Leap","floor":28},{"not_picked":["Loop","Sweeping Beam"],"picked":"Hologram","floor":29},{"not_picked":["Barrage+1","Conserve Battery"],"picked":"Biased Cognition","floor":31},{"not_picked":["Electrodynamics","Rainbow"],"picked":"Creative AI","floor":33},{"not_picked":["Gash","Steam+1"],"picked":"Chaos+1","floor":35},{"not_picked":["Auto Shields","Steam+1"],"picked":"Storm","floor":36},{"not_picked":["Redo","Cold Snap"],"picked":"Gash+1","floor":37},{"not_picked":["Compile Driver","Steam"],"picked":"Stack+1","floor":39},{"not_picked":["Coolheaded","Cold Snap"],"picked":"Auto Shields+1","floor":39},{"not_picked":["Coolheaded+1","Steam+1"],"picked":"Darkness+1","floor":41},{"not_picked":["Lockon","Auto Shields+1","Coolheaded"],"picked":"Reboot","floor":44},{"not_picked":["Coolheaded+1","Sweeping Beam","Streamline"],"picked":"Stack+1","floor":45},{"not_picked":["Streamline+1","Hologram+1","Stack+1"],"picked":"Beam Cell+1","floor":45},{"not_picked":["Steam","Coolheaded","Conserve Battery"],"picked":"Lockon","floor":46},{"not_picked":["Cold Snap+1","Stack+1","Buffer"],"picked":"Compile Driver+1","floor":46},{"not_picked":["Hologram","Storm","Conserve Battery+1"],"picked":"Double Energy","floor":47},{"not_picked":["FTL+1","Go for the Eyes","Redo"],"picked":"Steam+1","floor":47}],"player_experience":16738,"relics_obtained":[{"floor":6,"key":"MawBank"},{"floor":9,"key":"Blood Vial"},{"floor":23,"key":"Sundial"},{"floor":26,"key":"Pen Nib"},{"floor":29,"key":"Boot"},{"floor":41,"key":"Bronze Scales"},{"floor":41,"key":"Regal Pillow"},{"floor":43,"key":"Question Card"},{"floor":44,"key":"Pantograph"},{"floor":44,"key":"Mango"}],"event_choices":[{"damage_healed":0,"gold_gain":75,"player_choice":"Gather Gold","damage_taken":11,"max_hp_gain":0,"max_hp_loss":0,"event_name":"World of Goop","floor":3,"gold_loss":0},{"damage_healed":0,"gold_gain":0,"player_choice":"Grow","damage_taken":0,"max_hp_gain":0,"max_hp_loss":0,"event_name":"Living Wall","floor":4,"gold_loss":0,"cards_upgraded":["Zap"]},{"cards_removed":["Defend_B"],"damage_healed":0,"gold_gain":0,"player_choice":"Offered Basic","damage_taken":0,"max_hp_gain":0,"max_hp_loss":0,"event_name":"Bonfire Elementals","floor":8,"gold_loss":0},{"damage_healed":0,"gold_gain":0,"player_choice":"Searched \u00272\u0027 times","damage_taken":0,"relics_obtained":["Potion Belt"],"max_hp_gain":0,"max_hp_loss":0,"event_name":"Dead Adventurer","floor":13,"gold_loss":0},{"damage_healed":0,"gold_gain":0,"player_choice":"Inject Mutagens","damage_taken":0,"relics_obtained":["MutagenicStrength"],"max_hp_gain":0,"max_hp_loss":0,"event_name":"Drug Dealer","floor":19,"gold_loss":0},{"damage_healed":0,"gold_gain":0,"player_choice":"Trade","damage_taken":0,"relics_obtained":["GremlinMask"],"max_hp_gain":0,"max_hp_loss":0,"event_name":"FaceTrader","floor":21,"gold_loss":0},{"damage_healed":0,"gold_gain":100,"player_choice":"Pray","damage_taken":0,"max_hp_gain":0,"max_hp_loss":0,"event_name":"Golden Shrine","floor":48,"gold_loss":0}],"is_beta":false,"boss_relics":[{"not_picked":["Empty Cage","Runic Pyramid"],"picked":"Philosopher\u0027s Stone"},{"not_picked":["Velvet Choker","Astrolabe"],"picked":"Black Star"}],"items_purged_floors":[],"is_endless":false,"potions_floor_spawned":[2,5,10,14,20,24,28,29,35,39,41,46],"killed_by":"Awakened One","ascension_level":0}