{"gold_per_floor":[110,110,110,110,31,60,14,33,33,59,72,88,105,133,133,231,231,245,258,272,272,272,272,298,317,365,365,394,407,432,449,449,546,546,561,561,572,572,585,615,630,658,658,658,692,112,112,141,141,141],"floor_reached":51,"playtime":3750,"items_purged":["Strike_G"],"score":1325,"play_id":"a1a8b3a0-e69f-47a9-9af6-7d1154b08542","local_time":"20190214170011","is_ascension_mode":true,"campfire_choices":[{"data":"Well Laid Plans","floor":15,"key":"SMITH"},{"data":"Footwork","floor":23,"key":"SMITH"},{"data":"RitualDagger","floor":32,"key":"SMITH"},{"data":"Footwork","floor":49,"key":"SMITH"}],"neow_cost":"NONE","seed_source_timestamp":100030543502300,"circlet_count":0,"master_deck":["Defend_G","Defend_G","Defend_G","Defend_G","Defend_G","Survivor","Neutralize","Well Laid Plans+1","Infinite Blades","Terror","Backflip","Backstab+1","Quick Slash+1","Deadly Poison+1","Burst+1","Cloak And Dagger+1","Blur+1","Footwork+1","Poisoned Stab","Ghostly+1","Ghostly+1","Ghostly+1","Ghostly+1","Ghostly+1","Backflip+1","RitualDagger+1","PiercingWail+1","Infinite Blades+1","Night Terror+1","Flash of Steel","Finesse+1","Master of Strategy+1","Noxious Fumes+1","PiercingWail+1","Footwork+1","Backflip+1","Dodge and Roll+1","Cloak And Dagger+1","Secret Technique+1","Noxious Fumes","Predator+1"],"relics":["Sozu","StoneCalendar","Centennial Puzzle","Toxic Egg 2","Oddly Smooth Stone","Mango","Philosopher\u0027s Stone","Anchor","Orichalcum","Ornamental Fan","Bag of Marbles","Coffee Dripper","Bottled Tornado","Juzu Bracelet","Smiling Mask","Whetstone","Bottled Flame","Mummified Hand"],"potions_floor_usage":[],"damage_taken":[{"damage":2,"enemies":"Jaw Worm","floor":1,"turns":5},{"damage":26,"enemies":"3 Sentries","floor":6,"turns":7},{"damage":0,"enemies":"Small Slimes","floor":8,"turns":4},{"damage":2,"enemies":"Lagavulin","floor":10,"turns":7},{"damage":0,"enemies":"2 Louse","floor":11,"turns":4},{"damage":8,"enemies":"Gremlin Gang","floor":12,"turns":5},{"damage":2,"enemies":"3 Louse","floor":13,"turns":2},{"damage":14,"enemies":"3 Sentries","floor":14,"turns":6},{"damage":0,"enemies":"Slime Boss","floor":16,"turns":7},{"damage":4,"enemies":"Spheric Guardian","floor":18,"turns":5},{"damage":4,"enemies":"3 Byrds","floor":19,"turns":4},{"damage":5,"enemies":"Snecko","floor":20,"turns":4},{"damage":5,"enemies":"Book of Stabbing","floor":24,"turns":6},{"damage":0,"enemies":"Snake Plant","floor":25,"turns":5},{"damage":0,"enemies":"Slavers","floor":28,"turns":7},{"damage":0,"enemies":"Chosen and Byrds","floor":29,"turns":7},{"damage":0,"enemies":"Book of Stabbing","floor":30,"turns":8},{"damage":0,"enemies":"Shelled Parasite and Fungi","floor":31,"turns":5},{"damage":0,"enemies":"Collector","floor":33,"turns":9},{"damage":16,"enemies":"3 Darklings","floor":35,"turns":7},{"damage":12,"enemies":"3 Shapes","floor":37,"turns":3},{"damage":0,"enemies":"Maw","floor":39,"turns":8},{"damage":0,"enemies":"Nemesis","floor":40,"turns":7},{"damage":0,"enemies":"3 Darklings","floor":41,"turns":8},{"damage":0,"enemies":"Reptomancer","floor":42,"turns":7},{"damage":11,"enemies":"Nemesis","floor":45,"turns":5},{"damage":0,"enemies":"Reptomancer","floor":48,"turns":9},{"damage":14,"enemies":"Donu and Deca","floor":50,"turns":10}],"seed_played":"-779042891511988019","potions_obtained":[],"is_trial":false,"path_per_floor":["M","?","?","?","$","E","$","M","T","E","M","M","M","E","R","B",null,"M","M","M","?","?","R","E","M","T","?","E","M","E","M","R","B",null,"M","?","M","?","M","E","M","E","T","?","E","$","?","E","R","B",null],"character_chosen":"THE_SILENT","items_purchased":["Infinite Blades","Backflip","Secret Technique+1","Bottled Flame","Noxious Fumes"],"campfire_rested":0,"item_purchase_floors":[5,7,46,46,46],"current_hp_per_floor":[68,61,61,61,61,35,35,35,35,33,33,25,23,23,23,23,69,65,61,56,56,42,42,37,37,37,31,31,31,31,31,31,31,39,23,13,1,52,52,52,52,52,52,52,41,41,41,41,41,27],"gold":141,"neow_bonus":"BOSS_RELIC","is_prod":false,"is_daily":false,"chose_seed":false,"campfire_upgraded":4,"win_rate":0,"timestamp":1550160011,"path_taken":["M","?","?","?","$","E","$","?","T","E","M","M","M","E","R","BOSS","M","M","M","?","?","R","E","M","T","?","E","?","E","M","R","BOSS","M","?","M","?","M","E","?","E","T","?","E","$","?","E","R","BOSS"],"build_version":"2019-01-23","purchased_purges":1,"victory":true,"max_hp_per_floor":[70,70,70,70,70,70,70,70,70,70,70,70,70,84,84,84,84,84,84,84,84,42,42,42,42,42,42,42,42,42,42,42,42,42,42,42,42,52,52,52,52,52,52,52,52,52,52,52,52,52],"card_choices":[{"not_picked":["Predator","Dagger Throw"],"picked":"Well Laid Plans","floor":1},{"not_picked":["Underhanded Strike","Choke"],"picked":"Terror","floor":6},{"not_picked":["Tactician","Underhanded Strike","Concentrate"],"picked":"SKIP","floor":8},{"not_picked":["Sucker Punch","Outmaneuver+1"],"picked":"Bullet Time+1","floor":10},{"not_picked":["Poisoned Stab","Bane"],"picked":"Dagger Spray","floor":11},{"not_picked":["Setup+1","Flechettes"],"picked":"Backstab","floor":12},{"not_picked":["Dagger Spray","Underhanded Strike"],"picked":"Quick Slash","floor":13},{"not_picked":["Quick Slash","Setup+1"],"picked":"Deadly Poison+1","floor":14},{"not_picked":["Die Die Die","After Image"],"picked":"Burst+1","floor":16},{"not_picked":["Well Laid Plans","Bane"],"picked":"Cloak And Dagger+1","floor":18},{"not_picked":["Accuracy","Outmaneuver+1","Slice"],"picked":"SKIP","floor":19},{"not_picked":["Flying Knee","Poisoned Stab"],"picked":"Blur+1","floor":20},{"not_picked":["Skewer","Finisher+1"],"picked":"Backflip+1","floor":24},{"not_picked":["Prepared+1","Well Laid Plans","Slice"],"picked":"SKIP","floor":25},{"not_picked":["Prepared+1","Sucker Punch+1","Flechettes"],"picked":"SKIP","floor":28},{"not_picked":["Cloak And Dagger+1","A Thousand Cuts"],"picked":"PiercingWail+1","floor":29},{"not_picked":["Cloak And Dagger+1","Poisoned Stab"],"picked":"Infinite Blades+1","floor":30},{"not_picked":["Underhanded Strike","Blade Dance+1","Slice"],"picked":"SKIP","floor":31},{"not_picked":["Bullet Time+1","Unload"],"picked":"Night Terror+1","floor":33},{"not_picked":["Terror+1","Infinite Blades+1","Reflex+1"],"picked":"SKIP","floor":35},{"not_picked":["Mind Blast","Chrysalis+1"],"picked":"Flash of Steel","floor":36},{"not_picked":["Trip+1","Purity+1"],"picked":"Finesse+1","floor":36},{"not_picked":["Deep Breath+1","Finesse+1"],"picked":"Master of Strategy+1","floor":36},{"not_picked":["Blade Dance+1","Bane+1"],"picked":"Noxious Fumes+1","floor":37},{"not_picked":["Underhanded Strike","Blade Dance+1"],"picked":"PiercingWail+1","floor":39},{"not_picked":["Dagger Spray","Prepared+1"],"picked":"Footwork","floor":40},{"not_picked":["Blade Dance+1","Footwork+1"],"picked":"Backflip+1","floor":41},{"not_picked":["Bane","Tools of the Trade"],"picked":"Dodge and Roll+1","floor":42},{"not_picked":["Underhanded Strike","Bane+1"],"picked":"Cloak And Dagger+1","floor":45},{"not_picked":["Dash","Flechettes+1"],"picked":"Predator+1","floor":48}],"player_experience":405834,"relics_obtained":[{"floor":6,"key":"Centennial Puzzle"},{"floor":9,"key":"Toxic Egg 2"},{"floor":10,"key":"Oddly Smooth Stone"},{"floor":14,"key":"Mango"},{"floor":24,"key":"Anchor"},{"floor":26,"key":"Orichalcum"},{"floor":28,"key":"Ornamental Fan"},{"floor":30,"key":"Bag of Marbles"},{"floor":40,"key":"Bottled Tornado"},{"floor":42,"key":"Juzu Bracelet"},{"floor":43,"key":"Smiling Mask"},{"floor":45,"key":"Whetstone"},{"floor":48,"key":"Mummified Hand"}],"event_choices":[{"cards_removed":["Strike_G"],"damage_healed":0,"gold_gain":0,"player_choice":"Card Removal","damage_taken":7,"max_hp_gain":0,"max_hp_loss":0,"event_name":"Golden Wing","floor":2,"gold_loss":0},{"damage_healed":0,"gold_gain":0,"cards_transformed":["Strike_G"],"player_choice":"Change","damage_taken":0,"max_hp_gain":0,"max_hp_loss":0,"event_name":"Living Wall","floor":3,"gold_loss":0,"cards_obtained":["Reflex"]},{"cards_removed":["Reflex"],"damage_healed":0,"gold_gain":0,"player_choice":"Gave Card","damage_taken":0,"relics_obtained":["StoneCalendar"],"max_hp_gain":0,"max_hp_loss":0,"event_name":"WeMeetAgain","floor":4,"gold_loss":0},{"damage_healed":0,"gold_gain":0,"cards_transformed":["Strike_G","Strike_G"],"player_choice":"Became Test Subject","damage_taken":0,"max_hp_gain":0,"max_hp_loss":0,"event_name":"Drug Dealer","floor":21,"gold_loss":0,"cards_obtained":["Footwork","Poisoned Stab"]},{"damage_healed":0,"gold_gain":0,"player_choice":"Became a Ghost","damage_taken":0,"max_hp_gain":0,"max_hp_loss":42,"event_name":"Ghosts","floor":22,"gold_loss":0,"cards_obtained":["Ghostly","Ghostly","Ghostly","Ghostly","Ghostly"]},{"damage_healed":0,"gold_gain":0,"player_choice":"Joined the Cult","damage_taken":6,"max_hp_gain":0,"max_hp_loss":0,"event_name":"Nest","floor":27,"gold_loss":0,"cards_obtained":["RitualDagger"]},{"damage_healed":0,"gold_gain":0,"player_choice":"Memory 3","damage_taken":10,"max_hp_gain":0,"max_hp_loss":0,"event_name":"SensoryStone","floor":36,"gold_loss":0},{"cards_removed":["Bullet Time"],"damage_healed":41,"gold_gain":0,"player_choice":"Offered Rare","damage_taken":0,"max_hp_gain":10,"max_hp_loss":0,"event_name":"Bonfire Elementals","floor":38,"gold_loss":0},{"damage_healed":0,"gold_gain":0,"player_choice":"Ignored","damage_taken":0,"max_hp_gain":0,"max_hp_loss":0,"event_name":"Tomb of Lord Red Mask","floor":44,"gold_loss":0},{"cards_removed":["Dagger Spray"],"damage_healed":0,"gold_gain":0,"player_choice":"Removed Attack","damage_taken":0,"max_hp_gain":0,"max_hp_loss":0,"event_name":"Falling","floor":47,"gold_loss":0}],"is_beta":false,"boss_relics":[{"not_picked":["Pandora\u0027s Box","Ectoplasm"],"picked":"Philosopher\u0027s Stone"},{"not_picked":["WristBlade","Tiny House"],"picked":"Coffee Dripper"}],"items_purged_floors":[46],"is_endless":false,"potions_floor_spawned":[1,11,12,16,19,28,29,30,35,40,41,48],"ascension_level":5}