{"gold_per_floor":[218,293,218,230,245,270,270,287,311,339,358,358],"floor_reached":12,"playtime":522,"items_purged":["Defend_R"],"score":90,"play_id":"1941e187-197d-4b4a-a88f-55f1279dcb38","local_time":"20190215053801","is_ascension_mode":false,"campfire_choices":[{"floor":7,"key":"REST"}],"neow_cost":"NONE","seed_source_timestamp":73372976444298,"circlet_count":0,"master_deck":["Strike_R","Strike_R","Strike_R","Strike_R","Strike_R","Defend_R","Defend_R","Defend_R","Bash","Twin Strike","Headbutt","Pommel Strike","Warcry"],"relics":["Burning Blood","Omamori","Ancient Tea Set","Potion Belt"],"potions_floor_usage":[],"damage_taken":[{"damage":0,"enemies":"Small Slimes","floor":1,"turns":4},{"damage":1,"enemies":"Cultist","floor":4,"turns":3},{"damage":6,"enemies":"2 Louse","floor":5,"turns":3},{"damage":27,"enemies":"Gremlin Nob","floor":6,"turns":4},{"damage":11,"enemies":"Red Slaver","floor":8,"turns":3},{"damage":40,"enemies":"Lagavulin","floor":10,"turns":6},{"damage":14,"enemies":"Blue Slaver","floor":11,"turns":3},{"damage":33,"enemies":"Exordium Thugs","floor":12,"turns":3}],"seed_played":"6449264895110382353","potions_obtained":[{"floor":8,"key":"SteroidPotion"},{"floor":10,"key":"Dexterity Potion"},{"floor":11,"key":"SkillPotion"}],"is_trial":false,"path_per_floor":["M","?","$","M","M","E","R","M","T","E","M","M"],"character_chosen":"IRONCLAD","items_purchased":[],"campfire_rested":1,"item_purchase_floors":[],"current_hp_per_floor":[80,72,72,77,77,56,80,75,75,41,33,0],"gold":358,"neow_bonus":"HUNDRED_GOLD","is_prod":false,"is_daily":false,"chose_seed":false,"campfire_upgraded":0,"win_rate":0.0,"timestamp":1550176681,"path_taken":["M","?","$","M","M","E","R","M","T","E","M","M"],"build_version":"2019-01-23","purchased_purges":1,"victory":false,"max_hp_per_floor":[80,80,80,80,80,80,80,80,80,80,80,80],"card_choices":[{"not_picked":["Thunderclap","Warcry"],"picked":"Twin Strike","floor":1},{"not_picked":["Feel No Pain","Heavy Blade"],"picked":"Headbutt","floor":4},{"not_picked":["Entrench","Metallicize"],"picked":"Pommel Strike","floor":5},{"not_picked":["Havoc","Rampage"],"picked":"Warcry","floor":6},{"not_picked":["Warcry","Heavy Blade","True Grit"],"picked":"SKIP","floor":8},{"not_picked":["Flex","Anger","True Grit"],"picked":"SKIP","floor":10},{"not_picked":["Heavy Blade","Entrench","Infernal Blade"],"picked":"SKIP","floor":11}],"player_experience":28338,"relics_obtained":[{"floor":6,"key":"Omamori"},{"floor":9,"key":"Ancient Tea Set"},{"floor":10,"key":"Potion Belt"}],"event_choices":[{"damage_healed":0,"gold_gain":75,"player_choice":"Touch","damage_taken":8,"max_hp_gain":0,"max_hp_loss":0,"event_name":"FaceTrader","floor":2,"gold_loss":0}],"is_beta":false,"boss_relics":[],"items_purged_floors":[3],"is_endless":false,"potions_floor_spawned":[8,10,11],"killed_by":"Exordium Thugs","ascension_level":0}