{"gold_per_floor":[109,127,127,52,52,80,92,111,111,136,136,149,164,64,64,167,167,181,96,60,79,0,0,27,42,42,42,57,67,67,96,96,200,200,200,200,212,212,1211,1236,101,101,128,151,191,203,225,66,66,66],"floor_reached":50,"playtime":2308,"items_purged":["Strike_R","Strike_R","Normality","Normality"],"score":1025,"play_id":"3a3ef11a-e880-4cbe-bfa6-2782ba3fda71","local_time":"20190127020903","is_ascension_mode":true,"campfire_choices":[{"data":"1","floor":11,"key":"LIFT"},{"data":"Limit Break","floor":15,"key":"SMITH"},{"data":"2","floor":23,"key":"LIFT"},{"floor":27,"key":"REST"},{"data":"True Grit","floor":30,"key":"SMITH"},{"data":"3","floor":32,"key":"LIFT"},{"data":"Infernal Blade","floor":42,"key":"SMITH"},{"floor":46,"key":"REST"},{"floor":49,"key":"REST"}],"neow_cost":"NONE","seed_source_timestamp":163760937216338,"circlet_count":0,"master_deck":["Strike_R","Strike_R","Strike_R","Defend_R","Defend_R","Defend_R","Defend_R","Bash","Infernal Blade+1","Shrug It Off","Carnage","True Grit+1","Thunderclap","Limit Break+1","Heavy Blade","Offering","Flex","Whirlwind+1","Intimidate","Iron Wave","Battle Trance","Double Tap","True Grit+1","Ghostly Armor","Body Slam+1","True Grit+1","True Grit+1","Battle Trance","Deep Breath"],"relics":["Burning Blood","NeowsBlessing","FaceOfCleric","Girya","Du-Vu Doll","Magic Flower","Black Star","Smiling Mask","Regal Pillow","Pen Nib","Letter Opener","Torii","Juzu Bracelet","Velvet Choker","Art of War","The Courier","Lee\u0027s Waffle","Bronze Scales","Calipers","Gambling Chip","Bag of Preparation","Bottled Lightning","MawBank","Prayer Wheel","Frozen Egg 2"],"potions_floor_usage":[16,16,24,31,31,33,35],"damage_taken":[{"damage":0,"enemies":"Jaw Worm","floor":1,"turns":1},{"damage":0,"enemies":"Cultist","floor":2,"turns":1},{"damage":0,"enemies":"Lagavulin","floor":6,"turns":2},{"damage":0,"enemies":"2 Louse","floor":7,"turns":3},{"damage":6,"enemies":"Blue Slaver","floor":8,"turns":3},{"damage":62,"enemies":"3 Sentries","floor":10,"turns":13},{"damage":7,"enemies":"Looter","floor":12,"turns":4},{"damage":7,"enemies":"3 Louse","floor":13,"turns":3},{"damage":39,"enemies":"The Guardian","floor":16,"turns":13},{"damage":51,"enemies":"Shell Parasite","floor":18,"turns":10},{"damage":7,"enemies":"Chosen","floor":21,"turns":4},{"damage":6,"enemies":"Gremlin Leader","floor":24,"turns":5},{"damage":28,"enemies":"Centurion and Healer","floor":25,"turns":6},{"damage":12,"enemies":"Snake Plant","floor":28,"turns":3},{"damage":30,"enemies":"3 Cultists","floor":29,"turns":6},{"damage":26,"enemies":"Slavers","floor":31,"turns":2},{"damage":20,"enemies":"Collector","floor":33,"turns":5},{"damage":0,"enemies":"3 Darklings","floor":35,"turns":1},{"damage":18,"enemies":"Orb Walker","floor":37,"turns":3},{"damage":38,"enemies":"Nemesis","floor":40,"turns":7},{"damage":29,"enemies":"Spire Growth","floor":44,"turns":4},{"damage":54,"enemies":"Reptomancer","floor":45,"turns":6},{"damage":80,"enemies":"Writhing Mass","floor":47,"turns":8},{"damage":86,"enemies":"Time Eater","floor":50,"turns":5}],"seed_played":"-5980877616325229616","potions_obtained":[{"floor":2,"key":"FearPotion"},{"floor":10,"key":"PowerPotion"},{"floor":12,"key":"SkillPotion"},{"floor":13,"key":"EssenceOfSteel"},{"floor":18,"key":"Swift Potion"},{"floor":21,"key":"Strength Potion"},{"floor":25,"key":"SkillPotion"},{"floor":33,"key":"SmokeBomb"},{"floor":44,"key":"Fire Potion"}],"is_trial":false,"path_per_floor":["M","M","?","$","?","E","M","M","T","E","R","M","M","$","R","B",null,"M","?","$","M","?","R","E","M","T","R","M","M","R","E","R","B",null,"M","?","M","?","?","E","$","R","T","M","E","R","M","$","R","B"],"character_chosen":"IRONCLAD","items_purchased":["Whirlwind","Lee\u0027s Waffle","Bronze Scales","Calipers","Gambling Chip","Bag of Preparation","Bottled Lightning","Battle Trance","Deep Breath"],"campfire_rested":3,"item_purchase_floors":[20,41,41,41,41,41,41,48,48],"current_hp_per_floor":[78,80,80,80,85,86,87,88,88,33,33,37,41,41,41,13,72,32,32,32,36,36,36,41,24,24,67,66,47,47,32,32,23,81,92,92,85,85,85,58,110,110,110,92,49,97,28,28,76,0],"gold":66,"neow_bonus":"THREE_ENEMY_KILL","is_prod":false,"is_daily":false,"chose_seed":false,"campfire_upgraded":3,"win_rate":0,"timestamp":1548547743,"path_taken":["M","M","?","?","?","E","M","M","T","E","R","M","M","$","R","BOSS","M","?","$","M","?","R","E","M","T","R","M","M","R","E","R","BOSS","M","?","M","?","?","E","$","R","T","M","E","R","M","$","R","BOSS"],"build_version":"2019-01-23","purchased_purges":4,"victory":false,"max_hp_per_floor":[80,80,80,80,85,86,87,88,88,89,89,90,91,91,91,92,92,93,93,93,94,94,94,95,96,96,96,97,98,98,99,99,100,100,101,101,102,102,102,103,110,110,110,111,112,112,113,113,113,113],"card_choices":[{"not_picked":["Warcry","Pummel"],"picked":"Infernal Blade","floor":1},{"not_picked":["Rage","Second Wind","Twin Strike"],"picked":"SKIP","floor":2},{"not_picked":["Rage","Wild Strike"],"picked":"Shrug It Off","floor":6},{"not_picked":["Cleave","Warcry"],"picked":"Carnage","floor":7},{"not_picked":["Clash","Anger"],"picked":"True Grit","floor":8},{"not_picked":["Power Through","Clothesline"],"picked":"Thunderclap","floor":10},{"not_picked":["Battle Trance","Perfected Strike"],"picked":"Limit Break","floor":12},{"not_picked":["Carnage","Iron Wave"],"picked":"Heavy Blade","floor":13},{"not_picked":["Bludgeon","Limit Break"],"picked":"Offering","floor":16},{"not_picked":["Iron Wave","Power Through"],"picked":"Flex","floor":18},{"not_picked":["Cleave","Clash","Evolve"],"picked":"SKIP","floor":21},{"not_picked":["Flex+1","Iron Wave"],"picked":"Intimidate","floor":24},{"not_picked":["Second Wind+1","Corruption+1","Sentinel"],"picked":"SKIP","floor":25},{"not_picked":["Wild Strike+1","Body Slam"],"picked":"Sword Boomerang+1","floor":28},{"not_picked":["Heavy Blade","Twin Strike"],"picked":"Iron Wave","floor":29},{"not_picked":["Heavy Blade","Blood for Blood+1"],"picked":"Battle Trance","floor":31},{"not_picked":["Immolate","Dark Embrace"],"picked":"Double Tap","floor":33},{"not_picked":["Battle Trance+1","Warcry"],"picked":"True Grit+1","floor":37},{"not_picked":["Corruption+1","Wild Strike+1"],"picked":"Ghostly Armor","floor":40},{"not_picked":["Iron Wave","Inflame","Combust+1"],"picked":"SKIP","floor":44},{"not_picked":["Headbutt+1","Limit Break"],"picked":"Body Slam+1","floor":45},{"not_picked":["Shockwave","Clothesline"],"picked":"True Grit+1","floor":47},{"not_picked":["Heavy Blade+1","Anger+1"],"picked":"True Grit+1","floor":47}],"player_experience":151925,"relics_obtained":[{"floor":6,"key":"Girya"},{"floor":9,"key":"Du-Vu Doll"},{"floor":10,"key":"Magic Flower"},{"floor":24,"key":"Regal Pillow"},{"floor":24,"key":"Pen Nib"},{"floor":26,"key":"Letter Opener"},{"floor":31,"key":"Torii"},{"floor":31,"key":"Juzu Bracelet"},{"floor":40,"key":"Art of War"},{"floor":40,"key":"The Courier"},{"floor":43,"key":"MawBank"},{"floor":45,"key":"Prayer Wheel"},{"floor":45,"key":"Frozen Egg 2"}],"event_choices":[{"damage_healed":0,"gold_gain":0,"player_choice":"Trade","damage_taken":0,"relics_obtained":["FaceOfCleric"],"max_hp_gain":0,"max_hp_loss":0,"event_name":"FaceTrader","floor":3,"gold_loss":0},{"damage_healed":0,"gold_gain":0,"player_choice":"Donut","damage_taken":0,"max_hp_gain":5,"max_hp_loss":0,"event_name":"Big Fish","floor":5,"gold_loss":0},{"damage_healed":0,"gold_gain":0,"player_choice":"Obtained Relic","damage_taken":0,"relics_obtained":["Smiling Mask"],"max_hp_gain":0,"max_hp_loss":0,"event_name":"Addict","floor":19,"gold_loss":85},{"damage_healed":0,"gold_gain":0,"player_choice":"Paid Fearfully","damage_taken":0,"max_hp_gain":0,"max_hp_loss":0,"event_name":"Masked Bandits","floor":22,"gold_loss":79},{"cards_removed":["Sword Boomerang"],"damage_healed":0,"gold_gain":0,"player_choice":"Removed Attack","damage_taken":0,"max_hp_gain":0,"max_hp_loss":0,"event_name":"Falling","floor":36,"gold_loss":0},{"damage_healed":0,"gold_gain":0,"player_choice":"Forge","damage_taken":0,"max_hp_gain":0,"max_hp_loss":0,"event_name":"Accursed Blacksmith","floor":38,"gold_loss":0,"cards_upgraded":["Whirlwind"]},{"damage_healed":0,"gold_gain":999,"player_choice":"Gold","damage_taken":0,"max_hp_gain":0,"max_hp_loss":0,"event_name":"MindBloom","floor":39,"gold_loss":0,"cards_obtained":["Normality","Normality"]}],"is_beta":false,"boss_relics":[{"not_picked":["Empty Cage","Snecko Eye"],"picked":"Black Star"},{"not_picked":["Runic Pyramid","Busted Crown"],"picked":"Velvet Choker"}],"items_purged_floors":[4,14,41,48],"is_endless":false,"potions_floor_spawned":[2,10,12,13,18,21,25,33,35,44],"killed_by":"Time Eater","ascension_level":8}