{"gold_per_floor":[111,137,149,161,98,98,123,123,123,203,237,237,25,80,80,177,177,214,253,253,253,146,197,222],"floor_reached":24,"playtime":619,"items_purged":["Regret"],"score":536,"play_id":"cdc0adab-b63b-4bc7-ab8a-ed66f904b603","local_time":"20190211132041","is_ascension_mode":true,"campfire_choices":[{"data":"Bash","floor":6,"key":"SMITH"},{"data":"Flame Barrier","floor":8,"key":"SMITH"},{"data":"HandOfGreed","floor":15,"key":"SMITH"}],"neow_cost":"NONE","seed_source_timestamp":410900070939300,"circlet_count":0,"master_deck":["AscendersBane","Strike_R","Strike_R","Strike_R","Strike_R","Strike_R","Defend_R","Defend_R","Defend_R","Defend_R","Bash+1","Flame Barrier+1","Uppercut+1","HandOfGreed+1","Carnage","Armaments+1","Bandage Up","Clothesline"],"relics":["Burning Blood","NeowsBlessing","MawBank","Bronze Scales","Bird Faced Urn","Bottled Flame","Omamori","Cursed Key","Bag of Preparation"],"potions_floor_usage":[16,23,23],"damage_taken":[{"damage":0,"enemies":"Cultist","floor":1,"turns":1},{"damage":0,"enemies":"Gremlin Nob","floor":7,"turns":1},{"damage":0,"enemies":"3 Sentries","floor":11,"turns":2},{"damage":4,"enemies":"Small Slimes","floor":14,"turns":4},{"damage":24,"enemies":"The Guardian","floor":16,"turns":9},{"damage":23,"enemies":"Shell Parasite","floor":18,"turns":4},{"damage":28,"enemies":"2 Thieves","floor":19,"turns":4},{"damage":14,"enemies":"Gremlin Leader","floor":23,"turns":9},{"damage":14,"enemies":"Cultist and Chosen","floor":24,"turns":3}],"seed_played":"-2820793962512094410","potions_obtained":[{"floor":1,"key":"Energy Potion"},{"floor":7,"key":"SteroidPotion"},{"floor":19,"key":"Weak Potion"}],"is_trial":false,"path_per_floor":["M","T","$","?","$","R","E","R","T","?","E","?","$","M","R","B",null,"M","M","?","?","$","E","M"],"character_chosen":"IRONCLAD","items_purchased":["HandOfGreed","Bandage Up"],"campfire_rested":0,"item_purchase_floors":[13,22],"current_hp_per_floor":[74,74,74,74,74,74,75,75,75,75,75,75,75,75,75,57,71,54,32,11,11,11,7,0],"gold":222,"neow_bonus":"THREE_ENEMY_KILL","is_prod":false,"is_daily":false,"chose_seed":false,"campfire_upgraded":3,"win_rate":0,"timestamp":1549887641,"path_taken":["M","?","$","?","$","R","E","R","T","?","E","?","?","M","R","BOSS","M","?","?","?","$","E","M"],"build_version":"2019-01-23","purchased_purges":1,"victory":false,"max_hp_per_floor":[75,75,75,75,75,75,75,75,75,75,75,75,75,75,75,75,75,75,75,80,80,80,80,80],"card_choices":[{"not_picked":["Reckless Charge","Spot Weakness","Fire Breathing"],"picked":"SKIP","floor":1},{"not_picked":["Warcry","Impervious"],"picked":"Flame Barrier","floor":7},{"not_picked":["Warcry","Dual Wield"],"picked":"Uppercut","floor":11},{"not_picked":["Havoc","Thunderclap"],"picked":"Carnage","floor":14},{"not_picked":["Shrug It Off","Burning Pact"],"picked":"Armaments","floor":18},{"not_picked":["Pummel+1","Sever Soul","Ghostly Armor"],"picked":"SKIP","floor":19},{"not_picked":["Twin Strike","Bloodletting"],"picked":"Clothesline","floor":23}],"player_experience":363519,"relics_obtained":[{"floor":2,"key":"MawBank"},{"floor":7,"key":"Bird Faced Urn"},{"floor":9,"key":"Bottled Flame"},{"floor":11,"key":"Omamori"},{"floor":23,"key":"Bag of Preparation"}],"event_choices":[{"damage_healed":0,"gold_gain":0,"player_choice":"Box","damage_taken":0,"relics_obtained":["Bronze Scales"],"max_hp_gain":0,"max_hp_loss":0,"event_name":"Big Fish","floor":4,"gold_loss":0,"cards_obtained":["Regret"]},{"damage_healed":0,"gold_gain":80,"player_choice":"Gained Gold","damage_taken":0,"max_hp_gain":0,"max_hp_loss":0,"event_name":"Golden Wing","floor":10,"gold_loss":0},{"damage_healed":0,"gold_gain":0,"player_choice":"Grow","damage_taken":0,"max_hp_gain":0,"max_hp_loss":0,"event_name":"Living Wall","floor":12,"gold_loss":0,"cards_upgraded":["Uppercut"]},{"damage_healed":0,"gold_gain":0,"player_choice":"Shed Blood","damage_taken":26,"max_hp_gain":5,"max_hp_loss":0,"event_name":"Forgotten Altar","floor":20,"gold_loss":0},{"damage_healed":0,"gold_gain":0,"player_choice":"Upgraded","damage_taken":0,"max_hp_gain":0,"max_hp_loss":0,"event_name":"Upgrade Shrine","floor":21,"gold_loss":0,"cards_upgraded":["Armaments"]}],"is_beta":false,"boss_relics":[{"not_picked":["Tiny House","Runic Dome"],"picked":"Cursed Key"}],"items_purged_floors":[5],"is_endless":false,"potions_floor_spawned":[1,7,19],"killed_by":"Cultist and Chosen","ascension_level":20}