{"gold_per_floor":[118,43,59,69,81,111,127,154,154,154,167,167,167,182,182,182],"floor_reached":16,"playtime":527,"items_purged":["Regret"],"score":182,"play_id":"c4a0d293-56ad-4109-b587-8c09e9753092","local_time":"20190212004918","is_ascension_mode":true,"campfire_choices":[{"data":"Armaments","floor":10,"key":"SMITH"},{"data":"True Grit","floor":12,"key":"SMITH"},{"data":"Limit Break","floor":15,"key":"SMITH"}],"neow_cost":"CURSE","seed_source_timestamp":563318199427778,"circlet_count":0,"master_deck":["AscendersBane","Strike_R","Strike_R","Strike_R","Strike_R","Strike_R","Defend_R","Defend_R","Defend_R","Defend_R","Bash","Iron Wave","True Grit","Infernal Blade","Spot Weakness","Disarm","Armaments+1","Warcry","True Grit+1","Limit Break+1"],"relics":["Burning Blood","Du-Vu Doll","Letter Opener","Nunchaku","Happy Flower","Kunai"],"potions_floor_usage":[16],"damage_taken":[{"damage":0,"enemies":"Cultist","floor":1,"turns":2},{"damage":0,"enemies":"Small Slimes","floor":3,"turns":4},{"damage":11,"enemies":"Jaw Worm","floor":4,"turns":4},{"damage":27,"enemies":"Exordium Thugs","floor":5,"turns":5},{"damage":26,"enemies":"3 Sentries","floor":6,"turns":8},{"damage":0,"enemies":"2 Fungi Beasts","floor":7,"turns":3},{"damage":30,"enemies":"Gremlin Nob","floor":8,"turns":5},{"damage":0,"enemies":"Blue Slaver","floor":11,"turns":5},{"damage":11,"enemies":"Large Slime","floor":14,"turns":6},{"damage":20,"enemies":"Slime Boss","floor":16,"turns":6}],"seed_played":"232262410604170865","potions_obtained":[{"floor":1,"key":"FearPotion"},{"floor":3,"key":"Energy Potion"}],"is_trial":false,"path_per_floor":["M","$","M","M","M","E","M","E","T","R","M","R","T","M","R","B"],"character_chosen":"IRONCLAD","items_purchased":[],"campfire_rested":0,"item_purchase_floors":[],"current_hp_per_floor":[78,78,80,75,54,34,40,16,16,16,22,22,22,17,17,0],"gold":182,"neow_bonus":"ONE_RARE_RELIC","is_prod":false,"is_daily":false,"chose_seed":false,"campfire_upgraded":3,"win_rate":0,"timestamp":1549925358,"path_taken":["M","$","?","M","M","E","M","E","T","R","M","R","?","M","R","BOSS"],"build_version":"2019-01-23","purchased_purges":1,"victory":false,"max_hp_per_floor":[80,80,80,80,80,80,80,80,80,80,80,80,80,80,80,80],"card_choices":[{"not_picked":["Hemokinesis","Clash"],"picked":"Iron Wave","floor":1},{"not_picked":["Anger","Flex"],"picked":"True Grit","floor":3},{"not_picked":["Heavy Blade","Feed"],"picked":"Infernal Blade","floor":4},{"not_picked":["Clash","Body Slam"],"picked":"Spot Weakness","floor":5},{"not_picked":["Rage","Wild Strike"],"picked":"Disarm","floor":6},{"not_picked":["Clash","Feel No Pain"],"picked":"Armaments","floor":7},{"not_picked":["Combust","Bloodletting"],"picked":"Warcry","floor":8},{"not_picked":["Twin Strike","Rupture"],"picked":"True Grit","floor":11},{"not_picked":["Pommel Strike","Clash"],"picked":"Limit Break","floor":14}],"player_experience":189677,"relics_obtained":[{"floor":6,"key":"Letter Opener"},{"floor":8,"key":"Nunchaku"},{"floor":9,"key":"Happy Flower"},{"floor":13,"key":"Kunai"}],"event_choices":[],"is_beta":false,"boss_relics":[],"items_purged_floors":[2],"is_endless":false,"potions_floor_spawned":[1,3,7,8,14],"killed_by":"Slime Boss","ascension_level":12}