{"gold_per_floor":[109,84,99,118,118,152,180,267,304,316,328,356,368,461,473,584,596,620,644,44,44],"floor_reached":21,"playtime":1614,"items_purged":["Regret"],"score":197,"play_id":"7239b894-0a3b-4e81-ad53-f59caceeaa62","local_time":"20190122185933","is_ascension_mode":true,"campfire_choices":[{"data":"1","floor":11,"key":"LIFT"},{"floor":13,"key":"REST"},{"data":"2","floor":15,"key":"LIFT"}],"neow_cost":"NONE","seed_source_timestamp":684720835068293,"circlet_count":0,"master_deck":["Defend_G","Defend_G","Defend_G","Defend_G","Defend_G","Strike_G","Strike_G","Strike_G","Strike_G","Strike_G","Survivor","Neutralize","Terror","Blade Dance","Blade Dance","Deadly Poison","Burst","Flying Knee","Sucker Punch","Corpse Explosion","Calculated Gamble","Poisoned Stab","Mayhem+1","Distraction","Dagger Spray","Poisoned Stab"],"relics":["Ring of the Snake","Art of War","MawBank","Bag of Preparation","Girya","Frozen Egg 2","White Beast Statue","TwistedFunnel"],"potions_floor_usage":[6,19,21],"damage_taken":[{"damage":0,"enemies":"Cultist","floor":1,"turns":4},{"damage":6,"enemies":"Jaw Worm","floor":3,"turns":4},{"damage":9,"enemies":"Small Slimes","floor":4,"turns":4},{"damage":7,"enemies":"Gremlin Nob","floor":6,"turns":4},{"damage":4,"enemies":"Looter","floor":7,"turns":3},{"damage":6,"enemies":"2 Fungi Beasts","floor":12,"turns":3},{"damage":24,"enemies":"Hexaghost","floor":16,"turns":9},{"damage":32,"enemies":"Spheric Guardian","floor":18,"turns":5},{"damage":30,"enemies":"2 Thieves","floor":19,"turns":3},{"damage":16,"enemies":"Colosseum Slavers","floor":21,"turns":3}],"seed_played":"-4918105145711271129","potions_obtained":[{"floor":4,"key":"Block Potion"},{"floor":18,"key":"Swift Potion"},{"floor":19,"key":"EssenceOfSteel"}],"is_trial":false,"path_per_floor":["M","$","M","M","?","E","M","?","T","?","R","M","R","T","R","B",null,"M","M","$","?"],"character_chosen":"THE_SILENT","items_purchased":["Blade Dance","TwistedFunnel","Mayhem+1","Distraction","Dagger Spray","Poisoned Stab"],"campfire_rested":1,"item_purchase_floors":[2,20,20,20,20,20],"current_hp_per_floor":[77,77,71,62,62,55,51,40,40,33,33,27,50,50,50,26,77,45,15,15,0],"gold":44,"neow_bonus":"TEN_PERCENT_HP_BONUS","is_prod":false,"is_daily":false,"chose_seed":false,"campfire_upgraded":0,"win_rate":0,"timestamp":1548154773,"path_taken":["M","$","M","M","?","E","M","?","T","?","R","M","R","?","R","BOSS","M","M","$","?"],"build_version":"2019-01-17v2","purchased_purges":1,"victory":false,"max_hp_per_floor":[77,77,77,77,77,77,77,77,77,77,77,77,77,77,77,77,77,77,77,77,77],"card_choices":[{"not_picked":["Dodge and Roll","Backflip"],"picked":"Terror","floor":1},{"not_picked":["Dagger Spray","Dodge and Roll"],"picked":"Blade Dance","floor":3},{"not_picked":["Blade Dance","Dagger Spray"],"picked":"Deadly Poison","floor":4},{"not_picked":["Flechettes","PiercingWail"],"picked":"Burst","floor":6},{"not_picked":["Backflip","Escape Plan"],"picked":"Flying Knee","floor":7},{"not_picked":["Blur","Riddle With Holes"],"picked":"Sucker Punch","floor":12},{"not_picked":["Adrenaline","A Thousand Cuts+1"],"picked":"Corpse Explosion","floor":16},{"not_picked":["Slice","Expertise+1"],"picked":"Calculated Gamble","floor":18},{"not_picked":["All Out Attack","Bane"],"picked":"Poisoned Stab","floor":19}],"player_experience":65762,"relics_obtained":[{"floor":6,"key":"MawBank"},{"floor":9,"key":"Bag of Preparation"},{"floor":14,"key":"Frozen Egg 2"}],"event_choices":[{"damage_healed":0,"gold_gain":0,"player_choice":"Box","damage_taken":0,"relics_obtained":["Art of War"],"max_hp_gain":0,"max_hp_loss":0,"event_name":"Big Fish","floor":5,"gold_loss":0,"cards_obtained":["Regret"]},{"damage_healed":0,"gold_gain":75,"player_choice":"Gather Gold","damage_taken":11,"max_hp_gain":0,"max_hp_loss":0,"event_name":"World of Goop","floor":8,"gold_loss":0},{"damage_healed":0,"gold_gain":0,"player_choice":"Success","damage_taken":7,"relics_obtained":["Girya"],"max_hp_gain":0,"max_hp_loss":0,"event_name":"Scrap Ooze","floor":10,"gold_loss":0},{"damage_healed":0,"gold_gain":0,"player_choice":"Fight","damage_taken":0,"max_hp_gain":0,"max_hp_loss":0,"event_name":"Colosseum","floor":21,"gold_loss":0}],"is_beta":false,"boss_relics":[{"not_picked":["Ectoplasm","Black Star"],"picked":"White Beast Statue"}],"items_purged_floors":[20],"is_endless":false,"potions_floor_spawned":[4,18,19],"killed_by":"Colosseum Slavers","ascension_level":2}