{"gold_per_floor":[209,209,209,224,224,258,258,273,298,310,324,324,324,344,344,446,446,456,473,162,172,172,172,182,182,182,36,71,71,89,101,101,201,201,214,234,234,234,252,252,272,272,272,292,292,99,99,24,24,24],"floor_reached":50,"playtime":3074,"items_purged":["Barrage+1"],"score":544,"play_id":"756d0adb-8875-49c0-8962-61d164bcd2fa","local_time":"20180625231208","is_ascension_mode":false,"campfire_choices":[{"floor":7,"key":"REST"},{"floor":12,"key":"REST"},{"data":"Redo","floor":15,"key":"SMITH"},{"floor":23,"key":"REST"},{"data":"Scrape","floor":32,"key":"SMITH"},{"floor":40,"key":"REST"},{"data":"Buffer","floor":42,"key":"SMITH"},{"data":"Scrape","floor":45,"key":"SMITH"},{"data":"Loop","floor":49,"key":"SMITH"}],"neow_cost":"NONE","seed_source_timestamp":967065123223701,"circlet_count":0,"master_deck":["Defend_B","Defend_B","Defend_B","Zap+1","Hello World+1","Redo+1","Leap","Stack","Gash","Machine Learning","Go for the Eyes","Electrodynamics","Tempest+1","Conserve Battery+1","Scrape+1","Reinforced Body+1","Streamline","BootSequence+1","Bite","Bite","Bite","Bite","Bite","Gash","Compile Driver","Conserve Battery+1","Stack+1","Rebound+1","All For One","Leap+1","Scrape+1","Madness+1","Madness+1","Genetic Algorithm+1","Buffer+1","Stack+1","Ball Lightning+1","Redo+1","Loop+1","Stack+1","Finesse+1"],"relics":["Cracked Core","Bronze Scales","Oddly Smooth Stone","Toxic Egg 2","Lizard Tail","Prayer Wheel","Bird Faced Urn","Blood Vial","Red Mask","White Beast Statue","Mercury Hourglass"],"potions_floor_usage":[16,21,33,33,39,50,50],"damage_taken":[{"damage":5,"enemies":"Small Slimes","floor":1,"turns":3},{"damage":6,"enemies":"Jaw Worm","floor":4,"turns":4},{"damage":36,"enemies":"Gremlin Nob","floor":6,"turns":4},{"damage":0,"enemies":"Cultist","floor":8,"turns":3},{"damage":2,"enemies":"2 Fungi Beasts","floor":10,"turns":4},{"damage":12,"enemies":"Blue Slaver","floor":11,"turns":2},{"damage":0,"enemies":"3 Louse","floor":14,"turns":3},{"damage":15,"enemies":"Hexaghost","floor":16,"turns":8},{"damage":35,"enemies":"Shell Parasite","floor":18,"turns":5},{"damage":14,"enemies":"Spheric Guardian","floor":19,"turns":4},{"damage":13,"enemies":"Snake Plant","floor":21,"turns":3},{"damage":41,"enemies":"Cultist and Chosen","floor":24,"turns":5},{"damage":22,"floor":28,"turns":4},{"damage":6,"enemies":"Slaver and Parasite","floor":30,"turns":6},{"damage":1,"enemies":"Centurion and Healer","floor":31,"turns":6},{"damage":27,"enemies":"Collector","floor":33,"turns":11},{"damage":17,"enemies":"3 Darklings","floor":35,"turns":5},{"damage":1,"enemies":"Orb Walker","floor":36,"turns":4},{"damage":48,"enemies":"Maw","floor":39,"turns":8},{"damage":5,"enemies":"4 Shapes","floor":41,"turns":8},{"damage":5,"enemies":"Sphere and 2 Shapes","floor":44,"turns":3},{"damage":76,"enemies":"Donu and Deca","floor":50,"turns":7}],"seed_played":"-1447841403013837498","potions_obtained":[{"floor":1,"key":"Weak Potion"},{"floor":4,"key":"Fire Potion"},{"floor":10,"key":"LiquidBronze"},{"floor":16,"key":"Block Potion"},{"floor":21,"key":"SpeedPotion"},{"floor":33,"key":"Regen Potion"},{"floor":35,"key":"Strength Potion"},{"floor":39,"key":"SmokeBomb"},{"floor":41,"key":"Dexterity Potion"},{"floor":44,"key":"Fire Potion"},{"floor":47,"key":"Block Potion"}],"is_trial":false,"path_per_floor":["M","?","?","M","?","E","R","M","T","M","M","R","T","M","R","B",null,"M","M","$","M","?","R","M","?","T","$","?","?","M","M","R","B",null,"M","M","?","?","M","R","M","R","T","M","R","$","?","$","R"],"character_chosen":"DEFECT","items_purchased":["Prayer Wheel","Blood Vial","Loop","Stack+1","Finesse+1"],"campfire_rested":4,"item_purchase_floors":[20,27,46,46,46],"current_hp_per_floor":[70,70,55,49,49,13,35,35,35,33,21,43,43,43,43,28,75,40,26,26,13,4,26,37,37,37,37,23,23,33,52,52,39,52,41,46,39,39,23,38,41,41,41,46,46,46,46,46,46,0],"gold":24,"neow_bonus":"HUNDRED_GOLD","is_prod":false,"is_daily":false,"chose_seed":false,"campfire_upgraded":5,"win_rate":0.0,"timestamp":1529935928,"path_taken":["M","?","?","M","?","E","R","M","T","M","M","R","?","M","R","BOSS","M","M","$","M","?","R","M","?","T","?","?","?","?","M","R","BOSS","M","M","?","?","M","R","M","R","T","?","R","?","?","$","R","BOSS"],"build_version":"2018-06-21v2","purchased_purges":1,"victory":false,"max_hp_per_floor":[75,75,75,75,75,75,75,75,75,75,75,75,75,75,75,75,75,75,75,75,75,75,75,75,52,52,52,52,52,52,52,52,52,52,52,52,52,52,52,52,52,52,52,52,52,52,52,52,52,52],"card_choices":[{"not_picked":["Chill","Capacitor"],"picked":"Hello World","floor":1},{"not_picked":["Lockon","Turbo"],"picked":"Redo","floor":4},{"not_picked":["Reprogram","Hologram"],"picked":"Leap","floor":6},{"not_picked":["Doom and Gloom","Leap"],"picked":"Stack","floor":8},{"not_picked":["Steam","Defragment"],"picked":"Gash","floor":10},{"not_picked":["Cold Snap","Darkness"],"picked":"Machine Learning","floor":11},{"not_picked":["Glacier+1","Darkness+1"],"picked":"Go for the Eyes","floor":14},{"not_picked":["Rainbow+1","Biased Cognition"],"picked":"Electrodynamics","floor":16},{"not_picked":["Cold Snap","Defragment"],"picked":"Tempest+1","floor":18},{"not_picked":["Leap+1","Streamline"],"picked":"Conserve Battery+1","floor":19},{"not_picked":["Beam Cell","Lockon"],"picked":"Scrape","floor":21},{"not_picked":["Beam Cell","Streamline"],"picked":"Reinforced Body+1","floor":21},{"not_picked":["Compile Driver","Static Discharge"],"picked":"Streamline","floor":24},{"not_picked":["Chill+1","Go for the Eyes+1"],"picked":"BootSequence+1","floor":24},{"not_picked":["Rebound","Reprogram+1"],"picked":"Gash","floor":28},{"not_picked":["Hello World+1","Steam+1"],"picked":"Compile Driver","floor":30},{"not_picked":["Compile Driver","Scrape"],"picked":"Conserve Battery+1","floor":30},{"not_picked":["Reprogram+1","Compile Driver+1"],"picked":"Stack+1","floor":31},{"not_picked":["Fusion+1","Turbo+1"],"picked":"Rebound+1","floor":31},{"not_picked":["Fission+1","Electrodynamics"],"picked":"All For One","floor":33},{"not_picked":["Hologram+1","Compile Driver"],"picked":"Barrage+1","floor":35},{"not_picked":["Sweeping Beam+1","Rip and Tear"],"picked":"Heatsinks","floor":35},{"not_picked":["Fusion+1","Steam+1"],"picked":"Leap+1","floor":36},{"not_picked":["Go for the Eyes","Undo+1"],"picked":"Scrape","floor":36},{"not_picked":["Defragment","Go for the Eyes"],"picked":"Genetic Algorithm+1","floor":39},{"not_picked":["Sunder","Defragment"],"picked":"Buffer","floor":39},{"not_picked":["Beam Cell+1","Ball Lightning"],"picked":"Stack+1","floor":41},{"not_picked":["Leap+1","Stack+1"],"picked":"Ball Lightning+1","floor":41},{"not_picked":["Doom and Gloom+1","Steam Power+1"],"picked":"Redo+1","floor":44},{"not_picked":["Rebound","Beam Cell","Coolheaded+1"],"picked":"SKIP","floor":44}],"player_experience":32242,"relics_obtained":[{"floor":6,"key":"Bronze Scales"},{"floor":9,"key":"Oddly Smooth Stone"},{"floor":13,"key":"Toxic Egg 2"},{"floor":26,"key":"Bird Faced Urn"},{"floor":28,"key":"Red Mask"},{"floor":43,"key":"Mercury Hourglass"}],"event_choices":[{"event_name":"Golden Wing","player_choice":"Ignored","floor":2,"damage_taken":0},{"event_name":"Shining Light","player_choice":"Entered Light","floor":3,"damage_taken":0},{"event_name":"Bonfire Elementals","player_choice":"BASIC","floor":5,"damage_taken":0},{"event_name":"Cursed Tome","player_choice":"Stopped","floor":22,"damage_taken":0},{"event_name":"Vampires","player_choice":"Became a vampire","floor":25,"damage_taken":0},{"event_name":"Masked Bandits","player_choice":"Fought over 36 gold","floor":28,"damage_taken":0},{"event_name":"Purifier","player_choice":"One Purge","floor":29,"damage_taken":0},{"event_name":"Winding Halls","player_choice":"Embrace Madness","floor":37,"damage_taken":0},{"event_name":"Falling","player_choice":"Removed Power","floor":38,"damage_taken":0},{"event_name":"The Lab","player_choice":"Got Potions","floor":47,"damage_taken":0}],"boss_relics":[{"not_picked":["Calling Bell","Fusion Hammer"],"picked":"Lizard Tail"},{"not_picked":["Black Star","Busted Crown"],"picked":"White Beast Statue"}],"items_purged_floors":[48],"is_endless":false,"potions_floor_spawned":[1,4,10,16,19,21,24,31,33,35,36,39,41,44],"killed_by":"Donu and Deca","ascension_level":0}