{"gold_per_floor":[111,121,46,46,46,79,91,91,91,120,137,157,192,211,211,310,310,322,332,332],"floor_reached":20,"playtime":767,"items_purged":["Strike_R"],"score":320,"play_id":"8dcd7fa5-6428-4e97-b8d7-61ba5deb2f70","local_time":"20190202162138","is_ascension_mode":true,"campfire_choices":[{"data":"Juggernaut","floor":8,"key":"SMITH"},{"data":"Demon Form","floor":15,"key":"SMITH"}],"neow_cost":"NONE","seed_source_timestamp":240064302083099,"circlet_count":0,"master_deck":["Strike_R","Strike_R","Defend_R","Defend_R","Defend_R","Defend_R","Bash","Shrug It Off","Spot Weakness","Double Tap","Juggernaut+1","True Grit","Iron Wave","Demon Form+1","Shrug It Off","Reaper","Armaments","Thunderclap+1"],"relics":["Burning Blood","NeowsBlessing","Nunchaku","Darkstone Periapt","Ginger","Bag of Preparation","Mark of Pain"],"potions_floor_usage":[16,16],"damage_taken":[{"damage":0,"enemies":"Cultist","floor":1,"turns":1},{"damage":0,"enemies":"Small Slimes","floor":2,"turns":1},{"damage":0,"enemies":"Gremlin Nob","floor":6,"turns":1},{"damage":11,"enemies":"2 Louse","floor":7,"turns":3},{"damage":38,"enemies":"Lagavulin","floor":10,"turns":8},{"damage":4,"enemies":"Looter","floor":11,"turns":3},{"damage":5,"enemies":"Large Slime","floor":12,"turns":7},{"damage":27,"enemies":"3 Sentries","floor":13,"turns":10},{"damage":7,"enemies":"3 Louse","floor":14,"turns":4},{"damage":21,"enemies":"The Guardian","floor":16,"turns":11},{"damage":4,"enemies":"Shell Parasite","floor":18,"turns":6},{"damage":13,"enemies":"Spheric Guardian","floor":19,"turns":4},{"damage":66,"enemies":"Masked Bandits","floor":20,"turns":3}],"seed_played":"3952543795499271399","potions_obtained":[{"floor":2,"key":"Ancient Potion"},{"floor":6,"key":"Ancient Potion"},{"floor":10,"key":"BloodPotion"},{"floor":11,"key":"EssenceOfSteel"}],"is_trial":false,"path_per_floor":["M","M","$","?","?","E","M","R","T","E","M","M","E","M","R","B",null,"M","M","?"],"character_chosen":"IRONCLAD","items_purchased":[],"campfire_rested":0,"item_purchase_floors":[],"current_hp_per_floor":[78,80,80,73,73,79,74,74,74,42,44,45,24,23,23,16,64,70,63,0],"gold":332,"neow_bonus":"THREE_ENEMY_KILL","is_prod":false,"is_daily":false,"chose_seed":false,"campfire_upgraded":2,"win_rate":0,"timestamp":1549120898,"path_taken":["M","M","?","?","?","E","M","R","T","E","M","M","E","M","R","BOSS","M","M","?"],"build_version":"2019-01-23","purchased_purges":1,"victory":false,"max_hp_per_floor":[80,80,80,80,80,80,80,80,80,80,80,80,80,80,80,80,80,80,80,80],"card_choices":[{"not_picked":["Thunderclap","Sword Boomerang"],"picked":"Shrug It Off","floor":1},{"not_picked":["Shrug It Off","Clash"],"picked":"Spot Weakness","floor":2},{"not_picked":["Twin Strike","Heavy Blade"],"picked":"Juggernaut","floor":6},{"not_picked":["Seeing Red","Clash"],"picked":"True Grit","floor":7},{"not_picked":["Anger","Blood for Blood"],"picked":"Iron Wave","floor":10},{"not_picked":["Sword Boomerang","Havoc"],"picked":"Demon Form","floor":11},{"not_picked":["Second Wind","Havoc","Twin Strike"],"picked":"SKIP","floor":12},{"not_picked":["Bloodletting","Blood for Blood","Hemokinesis"],"picked":"SKIP","floor":13},{"not_picked":["Warcry","Heavy Blade"],"picked":"Shrug It Off","floor":14},{"not_picked":["Berserk","Brutality"],"picked":"Reaper","floor":16},{"not_picked":["Cleave","Twin Strike"],"picked":"Armaments","floor":18},{"not_picked":["Flex","Cleave"],"picked":"Thunderclap+1","floor":19}],"player_experience":159841,"relics_obtained":[{"floor":6,"key":"Nunchaku"},{"floor":9,"key":"Darkstone Periapt"},{"floor":10,"key":"Ginger"},{"floor":13,"key":"Bag of Preparation"}],"event_choices":[{"cards_removed":["Strike_R"],"damage_healed":0,"gold_gain":0,"player_choice":"Card Removal","damage_taken":7,"max_hp_gain":0,"max_hp_loss":0,"event_name":"Golden Wing","floor":4,"gold_loss":0},{"damage_healed":0,"gold_gain":0,"cards_transformed":["Strike_R"],"player_choice":"Transformed","damage_taken":0,"max_hp_gain":0,"max_hp_loss":0,"event_name":"Transmorgrifier","floor":5,"gold_loss":0,"cards_obtained":["Double Tap"]},{"damage_healed":0,"gold_gain":0,"player_choice":"Fought Bandits","damage_taken":0,"max_hp_gain":0,"max_hp_loss":0,"event_name":"Masked Bandits","floor":20,"gold_loss":0}],"is_beta":false,"boss_relics":[{"not_picked":["Calling Bell","Empty Cage"],"picked":"Mark of Pain"}],"items_purged_floors":[3],"is_endless":false,"potions_floor_spawned":[2,6,10,11],"killed_by":"Masked Bandits","ascension_level":9}