{"gold_per_floor":[219,219,144,157,168,168,203,203,203,215,233,233,233,252,252,350,350,364,187,187,187,201,201,221,221,221,235,38,54,54,68,68,172,172,189,268,268,288,303,303,318,318,342,375,375,394,244,244,244,244],"floor_reached":51,"playtime":4517,"items_purged":["Strike_G","Strike_G","Strike_G","Doubt"],"score":713,"play_id":"64052ad5-e16e-4240-a412-4cab490c6389","local_time":"20190217200255","is_ascension_mode":true,"campfire_choices":[{"data":"Calculated Gamble","floor":6,"key":"SMITH"},{"data":"Neutralize","floor":8,"key":"SMITH"},{"data":"Survivor","floor":13,"key":"SMITH"},{"floor":15,"key":"REST"},{"data":"Noxious Fumes","floor":23,"key":"SMITH"},{"floor":25,"key":"REST"},{"floor":32,"key":"REST"},{"data":"Footwork","floor":40,"key":"SMITH"},{"floor":42,"key":"REST"},{"data":"Dash","floor":49,"key":"SMITH"}],"neow_cost":"NONE","seed_source_timestamp":294029543653966,"circlet_count":0,"master_deck":["Defend_G","Defend_G","Defend_G","Defend_G","Defend_G","Survivor+1","Neutralize+1","Bouncing Flask+1","Calculated Gamble+1","Acrobatics+1","Adrenaline+1","Noxious Fumes+1","Acrobatics+1","Footwork+1","Dash+1","Backflip+1","After Image","Parasite","Outmaneuver+1","Backflip+1"],"relics":["Ring of the Snake","Mummified Hand","Toxic Egg 2","Lizard Tail","Tingsha","Cursed Key","Tiny Chest","Orichalcum","Unceasing Top"],"potions_floor_usage":[18,22,29,33,33,41,50,50],"damage_taken":[{"damage":0,"enemies":"Jaw Worm","floor":1,"turns":6},{"damage":1,"enemies":"Cultist","floor":4,"turns":4},{"damage":2,"enemies":"Small Slimes","floor":5,"turns":5},{"damage":4,"enemies":"Lagavulin","floor":7,"turns":7},{"damage":0,"enemies":"3 Louse","floor":10,"turns":4},{"damage":0,"enemies":"Exordium Wildlife","floor":11,"turns":7},{"damage":13,"enemies":"Lots of Slimes","floor":14,"turns":7},{"damage":21,"enemies":"The Guardian","floor":16,"turns":8},{"damage":0,"enemies":"Shell Parasite","floor":18,"turns":6},{"damage":0,"enemies":"Chosen","floor":22,"turns":4},{"damage":23,"enemies":"Centurion and Healer","floor":24,"turns":8},{"damage":15,"enemies":"3 Cultists","floor":27,"turns":6},{"damage":0,"enemies":"Shelled Parasite and Fungi","floor":29,"turns":5},{"damage":0,"enemies":"Centurion and Healer","floor":31,"turns":5},{"damage":50,"enemies":"Champ","floor":33,"turns":14},{"damage":2,"enemies":"Orb Walker","floor":35,"turns":4},{"damage":0,"enemies":"3 Darklings","floor":38,"turns":5},{"damage":0,"enemies":"Maw","floor":39,"turns":6},{"damage":7,"enemies":"Spire Growth","floor":41,"turns":4},{"damage":53,"enemies":"Nemesis","floor":44,"turns":9},{"damage":6,"enemies":"Sphere and 2 Shapes","floor":46,"turns":6},{"damage":0,"enemies":"Awakened One","floor":50,"turns":14}],"seed_played":"-6205911187010765141","potions_obtained":[{"floor":1,"key":"PowerPotion"},{"floor":7,"key":"SteroidPotion"},{"floor":14,"key":"Block Potion"},{"floor":16,"key":"FearPotion"},{"floor":18,"key":"SpeedPotion"},{"floor":27,"key":"LiquidBronze"},{"floor":31,"key":"SpeedPotion"},{"floor":38,"key":"Fire Potion"},{"floor":39,"key":"GhostInAJar"}],"is_trial":false,"path_per_floor":["M","?","$","M","M","R","E","R","T","M","M","?","R","M","R","B",null,"M","$","?","?","M","R","M","R","T","M","$","M","?","M","R","B",null,"M","T","?","M","M","R","M","R","T","E","?","M","$","?","R","B",null],"character_chosen":"THE_SILENT","items_purchased":["Noxious Fumes","Footwork"],"campfire_rested":4,"item_purchase_floors":[19,28],"current_hp_per_floor":[70,70,70,69,67,67,63,63,63,63,63,63,63,50,70,49,70,70,70,70,57,57,57,34,56,56,41,41,41,41,41,63,13,75,73,73,73,73,73,73,66,75,75,22,66,60,60,60,60,60],"gold":244,"neow_bonus":"HUNDRED_GOLD","is_prod":false,"is_daily":false,"chose_seed":false,"campfire_upgraded":6,"win_rate":0,"timestamp":1550401375,"path_taken":["M","?","$","M","?","R","E","R","T","M","M","?","R","?","R","BOSS","M","$","?","?","M","R","M","R","T","M","?","M","?","?","R","BOSS","M","?","?","M","M","R","M","R","T","E","?","M","?","?","R","BOSS"],"build_version":"2019-01-23","purchased_purges":4,"victory":true,"max_hp_per_floor":[70,70,70,70,70,70,70,70,70,70,70,70,70,70,70,70,70,70,70,70,75,75,75,75,75,75,75,75,75,75,75,75,75,75,75,75,75,75,75,75,75,75,75,75,66,66,66,66,66,66],"card_choices":[{"not_picked":["Sucker Punch","Tactician"],"picked":"Bouncing Flask","floor":1},{"not_picked":["All Out Attack","Distraction"],"picked":"Calculated Gamble","floor":4},{"not_picked":["Calculated Gamble","PiercingWail","Cloak And Dagger"],"picked":"SKIP","floor":5},{"not_picked":["Caltrops","Terror","Dodge and Roll"],"picked":"SKIP","floor":7},{"not_picked":["Quick Slash","Phantasmal Killer+1","Prepared+1"],"picked":"SKIP","floor":10},{"not_picked":["Endless Agony","Dagger Throw","Slice"],"picked":"SKIP","floor":11},{"not_picked":["Outmaneuver+1","Quick Slash"],"picked":"Acrobatics+1","floor":14},{"not_picked":["Unload","Corpse Explosion+1"],"picked":"Adrenaline+1","floor":16},{"not_picked":["Flying Knee","Slice","Cloak And Dagger+1"],"picked":"SKIP","floor":18},{"not_picked":["Expertise+1","Leg Sweep+1","Sucker Punch+1"],"picked":"SKIP","floor":22},{"not_picked":["Sucker Punch+1","Distraction+1","Predator"],"picked":"SKIP","floor":24},{"not_picked":["PiercingWail+1","Dodge and Roll+1"],"picked":"Acrobatics+1","floor":27},{"not_picked":["Skewer","Predator","Dash+1"],"picked":"SKIP","floor":29},{"not_picked":["Bouncing Flask+1","Acrobatics+1"],"picked":"Backflip+1","floor":31},{"not_picked":["Unload","Bullet Time+1"],"picked":"After Image","floor":33},{"not_picked":["Deadly Poison+1","Riddle With Holes","Backstab"],"picked":"SKIP","floor":35},{"not_picked":["Bouncing Flask+1","Deflect+1","Flechettes"],"picked":"SKIP","floor":38},{"not_picked":["Deflect+1","Infinite Blades"],"picked":"Outmaneuver+1","floor":39},{"not_picked":["Distraction+1","Slice","Flechettes"],"picked":"SKIP","floor":41},{"not_picked":["Prepared+1","Corpse Explosion+1","Cloak And Dagger+1"],"picked":"SKIP","floor":44},{"not_picked":["PiercingWail+1","Deadly Poison+1"],"picked":"Backflip+1","floor":46}],"player_experience":99822,"relics_obtained":[{"floor":7,"key":"Mummified Hand"},{"floor":9,"key":"Toxic Egg 2"},{"floor":26,"key":"Tingsha"},{"floor":36,"key":"Tiny Chest"},{"floor":43,"key":"Orichalcum"},{"floor":44,"key":"Unceasing Top"}],"event_choices":[{"cards_removed":["Strike_G"],"damage_healed":0,"gold_gain":0,"player_choice":"Offered Basic","damage_taken":0,"max_hp_gain":0,"max_hp_loss":0,"event_name":"Bonfire Elementals","floor":2,"gold_loss":0},{"damage_healed":0,"gold_gain":0,"player_choice":"Forge","damage_taken":0,"max_hp_gain":0,"max_hp_loss":0,"event_name":"Accursed Blacksmith","floor":12,"gold_loss":0,"cards_upgraded":["Bouncing Flask"]},{"damage_healed":0,"gold_gain":0,"player_choice":"Ignored","damage_taken":0,"max_hp_gain":0,"max_hp_loss":0,"event_name":"Vampires","floor":20,"gold_loss":0},{"damage_healed":0,"gold_gain":0,"player_choice":"Shed Blood","damage_taken":18,"max_hp_gain":5,"max_hp_loss":0,"event_name":"Forgotten Altar","floor":21,"gold_loss":0},{"damage_healed":0,"gold_gain":0,"cards_transformed":["Strike_G"],"player_choice":"Transformed","damage_taken":0,"max_hp_gain":0,"max_hp_loss":0,"event_name":"Transmorgrifier","floor":30,"gold_loss":0,"cards_obtained":["Dash"]},{"damage_healed":0,"gold_gain":0,"player_choice":"Ignored","damage_taken":0,"max_hp_gain":0,"max_hp_loss":0,"event_name":"Mysterious Sphere","floor":37,"gold_loss":0},{"damage_healed":66,"gold_gain":0,"player_choice":"Heal","damage_taken":0,"max_hp_gain":0,"max_hp_loss":9,"event_name":"The Moai Head","floor":45,"gold_loss":0},{"damage_healed":0,"gold_gain":0,"player_choice":"Memory 1","damage_taken":0,"max_hp_gain":0,"max_hp_loss":0,"event_name":"SensoryStone","floor":48,"gold_loss":0}],"is_beta":false,"boss_relics":[{"not_picked":["Velvet Choker","Runic Dome"],"picked":"Lizard Tail"},{"not_picked":["Eternal Feather","Calling Bell"],"picked":"Cursed Key"}],"items_purged_floors":[3,19,28,47],"is_endless":false,"potions_floor_spawned":[1,7,14,16,18,27,31,38,39],"ascension_level":1}