{"path_per_floor":["M","?","$","M","M","R","E","M","T","M","R","E","M","M","R"],"character_chosen":"THE_SILENT","items_purchased":["Terror"],"gold_per_floor":[114,114,45,65,82,82,110,123,123,133,133,463,476,488,488],"floor_reached":16,"campfire_rested":2,"playtime":1120,"current_hp_per_floor":[66,66,66,64,60,60,37,32,32,23,44,22,22,16,37],"items_purged":[],"gold":488,"play_id":"bc086dc3-6a5a-47f0-9f38-d0102c5f93d1","is_prod":false,"is_daily":false,"campfire_rituals":0,"campfire_upgraded":1,"is_hardmode":false,"path_taken":["M","?","$","M","M","R","E","M","T","M","R","E","?","M","R","BOSS"],"build_version":"2018-01-11-PROD1","purchased_purges":0,"victory":false,"master_deck":["Defend_G","Defend_G","Defend_G","Defend_G","Defend_G","Strike_G","Strike_G","Strike_G","Strike_G","Survivor","Neutralize","Acrobatics","Endless Agony","Terror","Quick Slash","Dagger Spray","Dash","Flying Knee","Catalyst","Blur","Predator","Leg Sweep"],"max_hp_per_floor":[70,70,70,70,70,70,70,70,70,70,70,70,70,70,70],"relics":["Ring of the Snake","Bag of Preparation","Bottled Flame","Smiling Mask","Old Coin"],"campfire_meditates":0,"card_choices":[{"not_picked":["Prepared","PiercingWail"],"picked":"Acrobatics"},{"not_picked":["Prepared","Doppelganger"],"picked":"Quick Slash"},{"not_picked":["Terror","Sucker Punch"],"picked":"Dagger Spray"},{"not_picked":["Deadly Poison","Doppelganger"],"picked":"Dash"},{"not_picked":["Crippling Poison","Footwork"],"picked":"Flying Knee"},{"not_picked":["Leg Sweep","Dodge and Roll"],"picked":"Catalyst"},{"not_picked":["Backflip","Infinite Blades"],"picked":"Blur"},{"not_picked":["Deadly Poison","Outmaneuver"],"picked":"Predator"},{"not_picked":["Acrobatics","Backflip"],"picked":"Leg Sweep"}],"player_experience":11236,"potions_floor_usage":[],"damage_taken":[{"damage":4,"enemies":"Jaw Worm","floor":1,"turns":6},{"damage":2,"enemies":"Blue Slaver","floor":4,"turns":6},{"damage":4,"enemies":"Cultist","floor":5,"turns":3},{"damage":23,"enemies":"Lagavulin","floor":7,"turns":8},{"damage":5,"enemies":"Lots of Slimes","floor":8,"turns":2},{"damage":9,"enemies":"2 Fungi Beasts","floor":10,"turns":2},{"damage":22,"enemies":"Gremlin Nob","floor":12,"turns":4},{"damage":0,"enemies":"Exordium Wildlife","floor":13,"turns":1},{"damage":6,"enemies":"3 Louse","floor":14,"turns":3},{"damage":40,"enemies":"Slime Boss","floor":16,"turns":11}],"event_choices":[{"event_name":"Transmorgrifier","player_choice":"Transform","floor":2,"damage_taken":0}],"boss_relics":[],"potions_floor_spawned":[4,7,10],"seed_played":"2859971546836606520","killed_by":"Slime Boss","is_trial":false}