{"gold_per_floor":[112,124,140,215,225,225,242,242],"floor_reached":8,"playtime":383,"items_purged":[],"score":93,"play_id":"a2db0842-8ba7-43b5-aa09-13e9bc37349f","local_time":"20190210013116","is_ascension_mode":true,"campfire_choices":[{"floor":6,"key":"REST"}],"neow_cost":"NONE","seed_source_timestamp":2048774425613757,"circlet_count":0,"master_deck":["AscendersBane","Strike_B","Strike_B","Strike_B","Strike_B","Defend_B","Defend_B","Defend_B","Defend_B","Zap+1","Dualcast","Conserve Battery","Coolheaded","Capacitor","Capacitor"],"relics":["Cracked Core"],"potions_floor_usage":[3],"damage_taken":[{"damage":5,"enemies":"2 Louse","floor":1,"turns":3},{"damage":12,"enemies":"Small Slimes","floor":2,"turns":3},{"damage":0,"enemies":"Jaw Worm","floor":3,"turns":5},{"damage":6,"enemies":"Looter","floor":5,"turns":2},{"damage":37,"enemies":"Gremlin Gang","floor":7,"turns":7},{"damage":23,"enemies":"3 Sentries","floor":8,"turns":4}],"seed_played":"4464558707945485832","potions_obtained":[{"floor":1,"key":"Fruit Juice"},{"floor":7,"key":"Dexterity Potion"}],"is_trial":false,"path_per_floor":["M","M","M","?","M","R","M","?"],"character_chosen":"DEFECT","items_purchased":[],"campfire_rested":1,"item_purchase_floors":[],"current_hp_per_floor":[59,47,52,41,35,57,20,0],"gold":242,"neow_bonus":"UPGRADE_CARD","is_prod":false,"is_daily":false,"chose_seed":false,"campfire_upgraded":0,"win_rate":0,"timestamp":1549729876,"path_taken":["M","M","M","?","M","R","M","?"],"build_version":"2019-01-23","purchased_purges":0,"victory":false,"max_hp_per_floor":[71,71,76,76,76,76,76,76],"card_choices":[{"not_picked":["Fusion","Stack","Sweeping Beam"],"picked":"SKIP","floor":1},{"not_picked":["Steam","Reprogram"],"picked":"Conserve Battery","floor":2},{"not_picked":["Steam Power","Melter"],"picked":"Coolheaded","floor":3},{"not_picked":["Rebound","Coolheaded"],"picked":"Capacitor","floor":5},{"not_picked":["Gash","Static Discharge"],"picked":"Capacitor","floor":7}],"player_experience":608920,"relics_obtained":[],"event_choices":[{"damage_healed":0,"gold_gain":75,"player_choice":"Gather Gold","damage_taken":11,"max_hp_gain":0,"max_hp_loss":0,"event_name":"World of Goop","floor":4,"gold_loss":0},{"damage_healed":0,"gold_gain":0,"player_choice":"Searched \u00271\u0027 times","damage_taken":0,"max_hp_gain":0,"max_hp_loss":0,"event_name":"Dead Adventurer","floor":8,"gold_loss":0}],"is_beta":false,"boss_relics":[],"items_purged_floors":[],"is_endless":false,"potions_floor_spawned":[1,7],"killed_by":"3 Sentries","ascension_level":17}