{"gold_per_floor":[15,26,41,58,76,107,107,133,156,156,156,175,175,190,190,295,295,295],"floor_reached":18,"playtime":1882,"items_purged":[],"score":226,"play_id":"bf286f3b-2be6-40fd-b64e-a4432940836c","local_time":"20190214142734","is_ascension_mode":true,"campfire_choices":[{"data":"Blade Dance","floor":7,"key":"SMITH"},{"floor":13,"key":"REST"},{"data":"Prepared","floor":15,"key":"SMITH"}],"neow_cost":"NO_GOLD","seed_source_timestamp":877485394461359,"circlet_count":0,"master_deck":["Defend_G","Defend_G","Defend_G","Defend_G","Defend_G","Strike_G","Strike_G","Strike_G","Strike_G","Survivor","Neutralize","Thinking Ahead","Impatience","Deflect","Cloak And Dagger","Deflect","Crippling Poison","Blade Dance+1","Noxious Fumes","Underhanded Strike","Parasite","Footwork","Prepared+1","Tools of the Trade","Clumsy","Regret","Doubt"],"relics":["Ring of the Snake","Ancient Tea Set","Potion Belt","Blood Vial","Calling Bell","Anchor","Matryoshka","FossilizedHelix"],"potions_floor_usage":[6,6],"damage_taken":[{"damage":0,"enemies":"Cultist","floor":1,"turns":4},{"damage":0,"enemies":"2 Louse","floor":2,"turns":4},{"damage":0,"enemies":"Jaw Worm","floor":3,"turns":3},{"damage":2,"enemies":"Exordium Wildlife","floor":4,"turns":4},{"damage":0,"enemies":"Blue Slaver","floor":5,"turns":5},{"damage":20,"enemies":"3 Sentries","floor":6,"turns":13},{"damage":34,"enemies":"Gremlin Nob","floor":8,"turns":5},{"damage":4,"enemies":"3 Louse","floor":12,"turns":5},{"damage":0,"enemies":"Exordium Wildlife","floor":14,"turns":5},{"damage":45,"enemies":"The Guardian","floor":16,"turns":14},{"damage":58,"enemies":"Spheric Guardian","floor":18,"turns":9}],"seed_played":"-8887235463396348403","potions_obtained":[{"floor":3,"key":"Swift Potion"},{"floor":4,"key":"FearPotion"},{"floor":8,"key":"Weak Potion"},{"floor":14,"key":"Block Potion"},{"floor":16,"key":"SteroidPotion"}],"is_trial":false,"path_per_floor":["M","M","M","M","M","E","R","E","T","?","?","M","R","M","R","B",null,"M"],"character_chosen":"THE_SILENT","items_purchased":[],"campfire_rested":1,"item_purchase_floors":[],"current_hp_per_floor":[63,63,63,61,61,41,41,7,7,7,24,22,43,45,45,2,53,0],"gold":295,"neow_bonus":"RANDOM_COLORLESS_2","is_prod":false,"is_daily":false,"chose_seed":false,"campfire_upgraded":2,"win_rate":0,"timestamp":1550132854,"path_taken":["M","M","?","M","M","E","R","E","T","?","?","M","R","M","R","BOSS","M"],"build_version":"2019-01-23","purchased_purges":0,"victory":false,"max_hp_per_floor":[70,70,70,70,70,70,70,70,70,70,70,70,70,70,70,70,70,70],"card_choices":[{"not_picked":["Flying Knee","Eviscerate"],"picked":"Deflect","floor":1},{"not_picked":["Distraction","Poisoned Stab","Eviscerate"],"picked":"SKIP","floor":2},{"not_picked":["Setup","Blade Dance"],"picked":"Cloak And Dagger","floor":3},{"not_picked":["Cloak And Dagger","Dodge and Roll"],"picked":"Deflect","floor":4},{"not_picked":["Poisoned Stab","Blade Dance"],"picked":"Crippling Poison","floor":5},{"not_picked":["Footwork","Masterful Stab"],"picked":"Blade Dance","floor":6},{"not_picked":["Phantasmal Killer","Cloak And Dagger"],"picked":"Noxious Fumes","floor":8},{"not_picked":["Blade Dance","Setup"],"picked":"Footwork","floor":12},{"not_picked":["Flying Knee","Skewer"],"picked":"Prepared","floor":14},{"not_picked":["Wraith Form v2","Burst"],"picked":"Tools of the Trade","floor":16}],"player_experience":804361,"relics_obtained":[{"floor":6,"key":"Ancient Tea Set"},{"floor":8,"key":"Potion Belt"},{"floor":9,"key":"Blood Vial"},{"floor":17,"key":"Anchor"},{"floor":17,"key":"Matryoshka"},{"floor":17,"key":"FossilizedHelix"}],"event_choices":[{"damage_healed":0,"gold_gain":0,"cards_transformed":["Strike_G"],"player_choice":"Change","damage_taken":0,"max_hp_gain":0,"max_hp_loss":0,"event_name":"Living Wall","floor":10,"gold_loss":0,"cards_obtained":["Underhanded Strike"]},{"damage_healed":17,"gold_gain":0,"player_choice":"Healed and dodged fight","damage_taken":0,"max_hp_gain":0,"max_hp_loss":0,"event_name":"Mushrooms","floor":11,"gold_loss":0,"cards_obtained":["Parasite"]}],"is_beta":false,"boss_relics":[{"not_picked":["Coffee Dripper","Orrery"],"picked":"Calling Bell"}],"items_purged_floors":[],"is_endless":false,"potions_floor_spawned":[3,4,8,14,16],"killed_by":"Spheric Guardian","ascension_level":6}