{"gold_per_floor":[366,376,376,262,41,41,61,77,77,77,103,130,130,130,130,231,231,244,255,265,9,9,44,44,44,44,59,90,15,15,33,33,131,131,143,55,73,93,113,142,142,157,182,182,197,223,255,287,299,311],"floor_reached":51,"playtime":1615,"items_purged":["Defend_R","Defend_R","Strike_R","Strike_R","Defend_R+1"],"score":949,"play_id":"10f082c9-209a-4130-9b41-c15c270ac9a3","local_time":"20181006235151","is_ascension_mode":false,"campfire_choices":[{"data":"Dropkick","floor":6,"key":"SMITH"},{"data":"Dropkick","floor":13,"key":"SMITH"},{"data":"Offering","floor":15,"key":"SMITH"},{"floor":24,"key":"REST"},{"floor":32,"key":"REST"},{"floor":41,"key":"REST"},{"floor":44,"key":"REST"},{"floor":49,"key":"REST"}],"neow_cost":"CURSE","seed_source_timestamp":0,"circlet_count":0,"master_deck":["Bash","Dropkick+1","Dropkick+1","Offering+1","Thunderclap"],"special_seed":0,"relics":["Burning Blood","Tiny Chest","Happy Flower","Shuriken","Regal Pillow","Mercury Hourglass","Fusion Hammer","Membership Card","Ginger","War Paint","Empty Cage","Bag of Preparation","Oddly Smooth Stone","MawBank"],"potions_floor_usage":[16,16],"damage_taken":[{"damage":7.0,"enemies":"2 Louse","floor":1.0,"turns":3.0},{"damage":0.0,"enemies":"Small Slimes","floor":2.0,"turns":3.0},{"damage":0,"enemies":"Cultist","floor":7,"turns":2},{"damage":16,"enemies":"Large Slime","floor":8,"turns":3},{"damage":26,"enemies":"Lagavulin","floor":11,"turns":6},{"damage":45,"enemies":"The Guardian","floor":16,"turns":5},{"damage":16,"enemies":"Shell Parasite","floor":18,"turns":2},{"damage":6,"enemies":"2 Thieves","floor":19,"turns":3},{"damage":22,"enemies":"Snake Plant","floor":20,"turns":2},{"damage":19,"enemies":"Gremlin Leader","floor":23,"turns":3},{"damage":6,"enemies":"Chosen and Byrds","floor":27,"turns":1},{"damage":17,"enemies":"Book of Stabbing","floor":28,"turns":2},{"damage":6,"enemies":"Snecko","floor":31,"turns":1},{"damage":6,"enemies":"Collector","floor":33,"turns":1},{"damage":6,"enemies":"3 Darklings","floor":35,"turns":1},{"damage":0,"enemies":"Orb Walker","floor":37,"turns":1},{"damage":21,"enemies":"Sphere and 2 Shapes","floor":38,"turns":1},{"damage":0,"enemies":"Reptomancer","floor":39,"turns":1},{"damage":0,"enemies":"Giant Head","floor":40,"turns":1},{"damage":0,"enemies":"Maw","floor":42,"turns":1},{"damage":12,"enemies":"4 Shapes","floor":45,"turns":1},{"damage":6,"enemies":"2 Orb Walkers","floor":46,"turns":1},{"damage":0,"enemies":"Transient","floor":47,"turns":1},{"damage":0,"enemies":"Spire Growth","floor":48,"turns":1},{"damage":0,"enemies":"Awakened One","floor":50,"turns":2}],"seed_played":"9093660543353815326","potions_obtained":[{"floor":2.0,"key":"PowerPotion"},{"floor":8,"key":"Swift Potion"},{"floor":19,"key":"SpeedPotion"},{"floor":23,"key":"Block Potion"},{"floor":27,"key":"AttackPotion"},{"floor":31,"key":"AttackPotion"},{"floor":39,"key":"Swift Potion"},{"floor":46,"key":"Block Potion"}],"is_trial":false,"path_per_floor":["M","M","?","$","$","R","M","M","T","$","E","T","R","T","R","B",null,"M","M","M","$","$","E","R","?","T","M","E","$","?","M","R","B",null,"M","$","M","M","M","E","R","M","T","R","M","E","M","M","R","B"],"character_chosen":"IRONCLAD","items_purchased":["Dropkick","Tiny Chest","Membership Card"],"campfire_rested":5,"item_purchase_floors":[4,5,21],"current_hp_per_floor":[79,80,73,73,73,73,77,67,67,67,47,47,47,47,47,8,77,67,67,51,51,51,38,76,76,76,76,65,65,65,65,77,77,77,77,77,77,62,68,74,77,77,77,77,71,71,77,77,77,77],"gold":323,"neow_bonus":"TWO_FIFTY_GOLD","is_prod":false,"is_daily":false,"chose_seed":false,"campfire_upgraded":3,"win_rate":0,"timestamp":1538862711,"path_taken":["M","M","?","?","$","R","M","M","T","$","E","?","R","?","R","BOSS","M","M","?","?","$","E","R","?","T","?","E","$","?","?","R","BOSS","M","$","M","M","M","E","R","M","T","R","M","E","?","M","R","BOSS"],"build_version":"2018-10-04v2","purchased_purges":5,"victory":true,"max_hp_per_floor":[80,80,77,77,77,77,77,77,77,77,77,77,77,77,77,77,77,77,77,77,77,77,77,77,77,77,77,77,77,77,77,77,77,77,77,77,77,77,77,77,77,77,77,77,77,77,77,77,77,77],"card_choices":[{"not_picked":["Hemokinesis","Body Slam"],"picked":"Dropkick","floor":1.0},{"not_picked":["Heavy Blade","Anger","Headbutt"],"picked":"SKIP","floor":2.0},{"not_picked":["Warcry","Heavy Blade","Headbutt"],"picked":"SKIP","floor":7},{"not_picked":["Burning Pact","True Grit","Fire Breathing"],"picked":"SKIP","floor":8},{"not_picked":["Sentinel","Rupture"],"picked":"Offering","floor":11},{"not_picked":["Armaments","Power Through+1","Flex"],"picked":"SKIP","floor":18},{"not_picked":["Corruption+1","Twin Strike"],"picked":"Thunderclap","floor":19},{"not_picked":["Flex+1","Intimidate","Sword Boomerang"],"picked":"SKIP","floor":20},{"not_picked":["True Grit","Iron Wave","Battle Trance"],"picked":"SKIP","floor":23},{"not_picked":["Corruption","Twin Strike+1","Flame Barrier+1"],"picked":"SKIP","floor":27},{"not_picked":["Iron Wave+1","Combust+1","Infernal Blade"],"picked":"SKIP","floor":28},{"not_picked":["Infernal Blade+1","Thunderclap","Havoc+1"],"picked":"SKIP","floor":31},{"not_picked":["Havoc","Shrug It Off+1","Anger"],"picked":"SKIP","floor":35},{"not_picked":["Body Slam+1","Headbutt+1","Clothesline"],"picked":"SKIP","floor":37},{"not_picked":["Spot Weakness+1","Shockwave","Corruption+1"],"picked":"SKIP","floor":38},{"not_picked":["Iron Wave","Wild Strike","Shrug It Off+1"],"picked":"SKIP","floor":39},{"not_picked":["Double Tap","Feed","Iron Wave"],"picked":"SKIP","floor":40},{"not_picked":["Evolve","Ghostly Armor","Thunderclap"],"picked":"SKIP","floor":42},{"not_picked":["Pommel Strike","Perfected Strike","Flex"],"picked":"SKIP","floor":45},{"not_picked":["Iron Wave+1","Wild Strike","Double Tap"],"picked":"SKIP","floor":46},{"not_picked":["Burning Pact","Cleave+1","Sever Soul"],"picked":"SKIP","floor":47},{"not_picked":["Pommel Strike","Warcry+1","Rage"],"picked":"SKIP","floor":48}],"player_experience":225607,"relics_obtained":[{"floor":9,"key":"Happy Flower"},{"floor":11,"key":"Shuriken"},{"floor":12,"key":"Regal Pillow"},{"floor":14,"key":"Mercury Hourglass"},{"floor":26,"key":"Ginger"},{"floor":28,"key":"War Paint"},{"floor":40,"key":"Bag of Preparation"},{"floor":43,"key":"Oddly Smooth Stone"},{"floor":46,"key":"MawBank"}],"event_choices":[{"event_name":"Golden Wing","player_choice":"Card Removal","floor":3.0,"damage_taken":0.0},{"event_name":"Back to Basics","player_choice":"Elegance","floor":25,"damage_taken":0},{"event_name":"Wheel of Change","player_choice":"Card Removal","floor":30,"damage_taken":0}],"is_beta":false,"boss_relics":[{"not_picked":["Sozu","White Beast Statue"],"picked":"Fusion Hammer"},{"not_picked":["Mark of Pain","Runic Pyramid"],"picked":"Empty Cage"}],"items_purged_floors":[4,5,21,29,36],"is_endless":false,"potions_floor_spawned":[2,8,19,23,27,28,31,35,37,39,46,48],"ascension_level":0}