{"gold_per_floor":[110,125,136,211,225,225,225,46,121,134,145,145,158,158,158,235,235,249,38,38,48,61,91,91,109,109,109,136,136,154,154,154,226,226,242,242,242,252,265,265,293,102,155,155,155,64,94,42,42,42],"floor_reached":51,"playtime":2247,"items_purged":["Strike_B","Strike_B"],"score":1333,"play_id":"e946d7f6-2b8e-4224-b437-53ac43bbea41","local_time":"20180916133422","is_ascension_mode":true,"campfire_choices":[{"data":"Loop","floor":6.0,"key":"SMITH"},{"data":"White Noise","floor":12.0,"key":"SMITH"},{"data":"Defragment","floor":15.0,"key":"SMITH"},{"data":"Heatsinks","floor":24.0,"key":"SMITH"},{"data":"Rainbow","floor":27.0,"key":"SMITH"},{"data":"Darkness","floor":29.0,"key":"SMITH"},{"data":"Zap","floor":32.0,"key":"SMITH"},{"data":"Amplify","floor":40,"key":"SMITH"},{"data":"Dualcast","floor":44,"key":"SMITH"},{"floor":49,"key":"REST"}],"neow_cost":"","seed_source_timestamp":0,"circlet_count":0,"master_deck":["Defend_B","Defend_B","Defend_B","Defend_B","Zap+1","Dualcast+1","AscendersBane","Ball Lightning","Go for the Eyes","Gash","Loop+1","White Noise+1","Heatsinks+1","Darkness+1","Coolheaded","Defragment+1","Rainbow+1","Coolheaded","Self Repair","Cold Snap","Coolheaded","Coolheaded+1","Hologram","Melter+1","Cold Snap","Electrodynamics","Gash","Madness","Madness","Double Energy+1","Amplify+1","Conserve Battery+1","Chaos+1","Storm","Conserve Battery+1","Redo+1"],"special_seed":0,"relics":["Cracked Core","Meat on the Bone","Sozu","MutagenicStrength","Happy Flower","Bird Faced Urn","Blood Vial","Inserter","PreservedInsect","Toxic Egg 2","Ancient Tea Set","Regal Pillow"],"potions_floor_usage":[],"damage_taken":[{"damage":0.0,"enemies":"Small Slimes","floor":1.0,"turns":3.0},{"damage":1.0,"enemies":"2 Louse","floor":2.0,"turns":3.0},{"damage":7.0,"enemies":"Jaw Worm","floor":3.0,"turns":3.0},{"damage":11.0,"enemies":"Blue Slaver","floor":5.0,"turns":3.0},{"damage":2.0,"enemies":"Exordium Thugs","floor":10.0,"turns":4.0},{"damage":8.0,"enemies":"Large Slime","floor":11.0,"turns":4.0},{"damage":6.0,"enemies":"3 Louse","floor":13.0,"turns":3.0},{"damage":34.0,"enemies":"The Guardian","floor":16.0,"turns":10.0},{"damage":34.0,"enemies":"2 Thieves","floor":18.0,"turns":5.0},{"damage":0.0,"enemies":"Spheric Guardian","floor":21.0,"turns":3.0},{"damage":19.0,"enemies":"3 Cultists","floor":22.0,"turns":8.0},{"damage":20.0,"enemies":"Book of Stabbing","floor":23.0,"turns":4.0},{"damage":0.0,"enemies":"Snecko","floor":25.0,"turns":4.0},{"damage":40.0,"enemies":"Slavers","floor":28.0,"turns":9.0},{"damage":8.0,"enemies":"Shelled Parasite and Fungi","floor":30.0,"turns":7.0},{"damage":71.0,"enemies":"Automaton","floor":33.0,"turns":9.0},{"damage":24.0,"enemies":"3 Darklings","floor":35.0,"turns":4.0},{"damage":14,"enemies":"Orb Walker","floor":38,"turns":4},{"damage":16,"enemies":"Spire Growth","floor":39,"turns":5},{"damage":16,"enemies":"Giant Head","floor":41,"turns":7},{"damage":50,"enemies":"Nemesis","floor":47,"turns":5},{"damage":80,"enemies":"Awakened One","floor":50,"turns":18}],"seed_played":"-2740853709705674576","potions_obtained":[{"floor":2.0,"key":"Swift Potion"},{"floor":3.0,"key":"Fire Potion"},{"floor":13.0,"key":"Strength Potion"},{"floor":16.0,"key":"EssenceOfSteel"}],"is_trial":false,"path_per_floor":["M","M","M","?","M","R","?","$","T","M","M","R","M","?","R","B",null,"M","$","?","M","M","E","R","M","T","R","E","R","M","?","R","B",null,"M","?","?","M","M","R","E","$","T","R","?","$","E","$","R","B"],"character_chosen":"DEFECT","items_purchased":["White Noise","Heatsinks","Self Repair","Cold Snap","Chaos+1","Storm","Redo+1"],"campfire_rested":1,"item_purchase_floors":[8,8,19,19,42,46,48],"current_hp_per_floor":[64,63,56,45,34,34,27,27,27,37,41,41,47,52,52,30,65,43,43,43,50,50,49,49,56,56,56,45,45,60,60,60,27,64,59,45,45,50,57,57,66,66,66,66,66,66,49,49,76,18],"gold":42,"neow_bonus":"","is_prod":false,"is_daily":false,"chose_seed":false,"campfire_upgraded":9,"win_rate":0,"timestamp":1537097662,"path_taken":["M","M","M","?","M","R","?","$","T","M","?","R","M","?","R","BOSS","M","$","?","M","M","E","R","M","T","R","E","R","?","?","R","BOSS","M","?","?","M","M","R","E","$","T","R","?","$","E","$","R","BOSS"],"build_version":"2018-09-12","purchased_purges":2,"victory":true,"max_hp_per_floor":[71,71,71,71,71,71,71,71,71,71,71,71,71,76,76,76,76,76,76,76,76,76,76,76,76,76,76,76,76,76,76,76,76,76,76,76,76,76,76,76,76,76,76,76,76,76,76,76,76,76],"card_choices":[{"not_picked":["Lockon","Gash"],"picked":"Ball Lightning","floor":1.0},{"not_picked":["Double Energy","Stack"],"picked":"Go for the Eyes","floor":2.0},{"not_picked":["Barrage","Rebound"],"picked":"Gash","floor":3.0},{"not_picked":["Biased Cognition","Stack"],"picked":"Loop","floor":5.0},{"not_picked":["Sweeping Beam","Leap"],"picked":"Darkness","floor":10.0},{"not_picked":["Recycle","Fusion"],"picked":"Coolheaded","floor":11.0},{"not_picked":["Force Field","Cold Snap"],"picked":"Defragment","floor":13.0},{"not_picked":["Fission","Meteor Strike"],"picked":"Rainbow","floor":16.0},{"not_picked":["Beam Cell+1","Steam"],"picked":"Coolheaded","floor":18.0},{"not_picked":["Ball Lightning","Undo"],"picked":"Coolheaded","floor":21.0},{"not_picked":["Compile Driver","Turbo","Multi-Cast"],"picked":"SKIP","floor":22.0},{"not_picked":["Doom and Gloom","Beam Cell"],"picked":"Coolheaded+1","floor":23.0},{"not_picked":["Steam","Rebound","Cold Snap"],"picked":"SKIP","floor":25.0},{"not_picked":["Go for the Eyes","Rebound"],"picked":"Hologram","floor":28.0},{"not_picked":["Steam","Seek"],"picked":"Melter+1","floor":30.0},{"not_picked":["Meteor Strike","Hyperbeam"],"picked":"Electrodynamics","floor":33.0},{"not_picked":["Sunder","Go for the Eyes"],"picked":"Gash","floor":35.0},{"not_picked":["Ball Lightning","Cold Snap"],"picked":"Double Energy+1","floor":38},{"not_picked":["Chaos","Sunder"],"picked":"Amplify","floor":39},{"not_picked":["Rainbow","Beam Cell"],"picked":"Conserve Battery","floor":41},{"not_picked":["Self Repair","Auto Shields+1"],"picked":"Conserve Battery+1","floor":47}],"player_experience":645112,"relics_obtained":[{"floor":9.0,"key":"Meat on the Bone"},{"floor":23.0,"key":"Happy Flower"},{"floor":26.0,"key":"Bird Faced Urn"},{"floor":28.0,"key":"Blood Vial"},{"floor":41,"key":"Toxic Egg 2"},{"floor":43,"key":"Ancient Tea Set"},{"floor":47,"key":"Regal Pillow"}],"event_choices":[{"event_name":"World of Goop","player_choice":"Gather Gold","floor":4.0,"damage_taken":0.0},{"event_name":"Golden Wing","player_choice":"Card Removal","floor":7.0,"damage_taken":0.0},{"event_name":"Big Fish","player_choice":"Donut","floor":14.0,"damage_taken":0.0},{"event_name":"Drug Dealer","player_choice":"Inject Mutagens","floor":20.0,"damage_taken":0.0},{"event_name":"Transmorgrifier","player_choice":"Transform","floor":31.0,"damage_taken":0.0},{"event_name":"Winding Halls","player_choice":"Embrace Madness","floor":36.0,"damage_taken":0.0},{"event_name":"WeMeetAgain","player_choice":"Potion","floor":37.0,"damage_taken":0.0},{"event_name":"Tomb of Lord Red Mask","player_choice":"Ignored","floor":45,"damage_taken":0}],"is_beta":true,"boss_relics":[{"not_picked":["Snecko Eye","Tiny House"],"picked":"Sozu"},{"not_picked":["Empty Cage","Pandora\u0027s Box"],"picked":"Inserter"}],"items_purged_floors":[19,42],"is_endless":false,"potions_floor_spawned":[2,3,13,16,21,25,30,39],"ascension_level":16}