{"gold_per_floor":[115,115,265,279,354,354,354,354,401,459,459,486,486],"floor_reached":13,"playtime":118,"items_purged":[],"score":227,"play_id":"747252b6-e104-48aa-90ed-6b174023a997","local_time":"20191008151143","is_ascension_mode":true,"campfire_choices":[{"data":"Dagger Spray","floor":6.0,"key":"SMITH"},{"data":"Prepared","floor":8.0,"key":"SMITH"},{"data":"Survivor","floor":11.0,"key":"SMITH"}],"neow_cost":"NONE","seed_source_timestamp":271335811196590,"circlet_count":0,"master_deck":["AscendersBane","Strike_G","Strike_G","Strike_G","Strike_G","Defend_G","Defend_G","Defend_G","Defend_G","Defend_G","Survivor+1","Neutralize","Prepared+1","Dagger Spray+1","Dodge and Roll"],"special_seed":0,"relics":["Ring of the Snake","NeowsBlessing","Spirit Poop","Anchor","Tiny Chest","Bronze Scales"],"potions_floor_usage":[12,12],"damage_taken":[{"damage":0.0,"enemies":"Small Slimes","floor":1.0,"turns":1.0},{"damage":0.0,"enemies":"Jaw Worm","floor":4.0,"turns":1.0},{"damage":0.0,"enemies":"3 Sentries","floor":10.0,"turns":1.0},{"damage":30,"enemies":"Gremlin Nob","floor":12,"turns":4},{"damage":0,"enemies":"Cultist","floor":13,"turns":1}],"seed_played":"1005775832065879575","potions_obtained":[{"floor":4.0,"key":"AttackPotion"},{"floor":10.0,"key":"SkillPotion"}],"is_trial":false,"path_per_floor":["M","?","?","M","?","R","?","R","T","E","R","E","M"],"character_chosen":"THE_SILENT","items_purchased":[],"campfire_rested":0,"item_purchase_floors":[],"current_hp_per_floor":[59,59,59,59,48,48,48,48,48,48,48,18,18],"gold":486,"neow_bonus":"THREE_ENEMY_KILL","is_prod":false,"is_daily":false,"chose_seed":false,"campfire_upgraded":3,"win_rate":0,"timestamp":1570540303,"path_taken":["M","?","?","M","?","R","?","R","T","E","R","E","M"],"build_version":"2019-10-07","purchased_purges":0,"victory":false,"max_hp_per_floor":[66,66,66,66,66,66,66,66,66,66,66,66,66],"card_choices":[{"not_picked":["Underhanded Strike","Outmaneuver","Concentrate"],"picked":"SKIP","floor":1.0},{"not_picked":["Calculated Gamble","Choke"],"picked":"Dagger Spray","floor":4.0},{"not_picked":["Sucker Punch","Flechettes","Outmaneuver"],"picked":"SKIP","floor":10.0},{"not_picked":["Quick Slash","Slice"],"picked":"Dodge and Roll","floor":12}],"player_experience":837539,"relics_obtained":[{"floor":9.0,"key":"Anchor"},{"floor":10.0,"key":"Tiny Chest"},{"floor":12,"key":"Bronze Scales"}],"event_choices":[{"damage_healed":0.0,"max_hp_gain":0.0,"max_hp_loss":0.0,"gold_gain":0.0,"cards_transformed":["Strike_G"],"event_name":"Living Wall","player_choice":"Change","floor":2.0,"gold_loss":0.0,"damage_taken":0.0,"cards_obtained":["Prepared"]},{"damage_healed":0.0,"max_hp_gain":0.0,"max_hp_loss":0.0,"gold_gain":150.0,"event_name":"Liars Game","player_choice":"AGREE","floor":3.0,"gold_loss":0.0,"damage_taken":0.0,"cards_obtained":["Doubt"]},{"damage_healed":0.0,"max_hp_gain":0.0,"max_hp_loss":0.0,"gold_gain":75.0,"event_name":"World of Goop","player_choice":"Gather Gold","floor":5.0,"gold_loss":0.0,"damage_taken":11.0},{"cards_removed":["Doubt"],"damage_healed":0.0,"max_hp_gain":0.0,"max_hp_loss":0.0,"gold_gain":0.0,"event_name":"Bonfire Elementals","player_choice":"Offered Curse","floor":7.0,"gold_loss":0.0,"damage_taken":0.0,"relics_obtained":["Spirit Poop"]}],"is_beta":true,"boss_relics":[],"items_purged_floors":[],"is_endless":false,"potions_floor_spawned":[4,10],"killed_by":"Cultist","ascension_level":20}