{"gold_per_floor":[117,141,141,157,157,157,174,201,252,266,266,266,297,297,297,297],"floor_reached":16,"playtime":251,"items_purged":[],"score":133,"play_id":"9de15c69-1796-468c-a463-535a7ce0c84b","local_time":"20181107002654","is_ascension_mode":false,"campfire_choices":[{"floor":6,"key":"RECALL"},{"data":"Finisher","floor":12,"key":"SMITH"},{"data":"Cloak And Dagger","floor":15,"key":"SMITH"}],"neow_cost":"NONE","seed_source_timestamp":309946363175319,"circlet_count":0,"master_deck":["Defend_G","Defend_G","Defend_G","Defend_G","Defend_G","Strike_G","Strike_G","Strike_G","Strike_G","Strike_G","Survivor","Neutralize","Blade Dance+1","Poisoned Stab","Finisher+1","Dagger Spray","Cloak And Dagger+1"],"relics":["Ring of the Snake","NeowsBlessing","Potion Belt","Bag of Marbles","Blood Vial","Anchor","Darkstone Periapt","Bag of Preparation"],"potions_floor_usage":[8,13],"damage_taken":[{"damage":0,"enemies":"Cultist","floor":1,"turns":1},{"damage":0,"enemies":"2 Louse","floor":4,"turns":1},{"damage":0,"enemies":"Jaw Worm","floor":7,"turns":1},{"damage":13,"enemies":"Gremlin Nob","floor":8,"turns":4},{"damage":0,"enemies":"Exordium Wildlife","floor":10,"turns":2},{"damage":0,"enemies":"3 Sentries","floor":13,"turns":4},{"damage":46,"enemies":"Hexaghost","floor":16,"turns":11}],"seed_played":"8560220262493553560","potions_obtained":[{"floor":4,"key":"Poison Potion"},{"floor":8,"key":"Dexterity Potion"},{"floor":10,"key":"SteroidPotion"}],"is_trial":false,"path_per_floor":["M","T","?","M","?","R","M","E","T","M","T","R","E","?","R","B"],"character_chosen":"THE_SILENT","items_purchased":[],"campfire_rested":0,"item_purchase_floors":[],"current_hp_per_floor":[70,70,63,63,63,63,63,50,50,52,52,52,54,54,54,10],"gold":297,"neow_bonus":"THREE_ENEMY_KILL","is_prod":false,"is_daily":false,"chose_seed":false,"campfire_upgraded":2,"win_rate":0,"timestamp":1541546814,"path_taken":["M","?","?","M","?","R","?","E","T","?","?","R","E","?","R","BOSS"],"build_version":"2018-11-05","purchased_purges":0,"victory":false,"max_hp_per_floor":[70,70,70,70,70,70,70,70,70,70,70,70,70,70,70,70],"card_choices":[{"not_picked":["Dagger Spray","Acrobatics"],"picked":"Blade Dance","floor":1},{"not_picked":["Expertise","Deflect","Skewer"],"picked":"SKIP","floor":4},{"not_picked":["Blade Dance","Slice"],"picked":"Poisoned Stab","floor":7},{"not_picked":["Cloak And Dagger","Leg Sweep"],"picked":"Finisher","floor":8},{"not_picked":["Noxious Fumes","Prepared"],"picked":"Dagger Spray","floor":10},{"not_picked":["Deadly Poison","Prepared"],"picked":"Cloak And Dagger","floor":13}],"player_experience":753106,"relics_obtained":[{"floor":2,"key":"Potion Belt"},{"floor":8,"key":"Blood Vial"},{"floor":9,"key":"Anchor"},{"floor":13,"key":"Darkstone Periapt"}],"event_choices":[{"damage_healed":0,"gold_gain":0,"player_choice":"Success","damage_taken":7,"relics_obtained":["Bag of Marbles"],"max_hp_gain":0,"max_hp_loss":0,"event_name":"Scrap Ooze","floor":3,"gold_loss":0},{"damage_healed":0,"gold_gain":0,"player_choice":"Grow","damage_taken":0,"max_hp_gain":0,"max_hp_loss":0,"event_name":"Living Wall","floor":5,"gold_loss":0,"cards_upgraded":["Blade Dance"]},{"damage_healed":0,"gold_gain":0,"player_choice":"Gave Potion","damage_taken":0,"relics_obtained":["Bag of Preparation"],"max_hp_gain":0,"max_hp_loss":0,"event_name":"WeMeetAgain","floor":14,"gold_loss":0}],"is_beta":true,"boss_relics":[],"items_purged_floors":[],"is_endless":false,"potions_floor_spawned":[4,8,10],"killed_by":"Hexaghost","ascension_level":0}