{"gold_per_floor":[112,37,55,55,55,80,36,54,54,71,97,97,132,1,1,79,79,55,55],"floor_reached":19,"playtime":521,"items_purged":[],"score":420,"play_id":"254a07ea-2f0e-4c3c-ab7d-40e6df6c2cc9","local_time":"20181126121758","is_ascension_mode":true,"campfire_choices":[{"floor":12,"key":"DIG"},{"floor":15,"key":"REST"}],"neow_cost":"NONE","seed_source_timestamp":1542198484985,"circlet_count":0,"master_deck":["AscendersBane","Defend_G","Defend_G","Defend_G","Defend_G","Defend_G","Strike_G","Strike_G","Strike_G","Strike_G","Survivor","Neutralize","Poisoned Stab","Blade Dance","Noxious Fumes","Poisoned Stab","Bane","Choke","Footwork","Catalyst","Adrenaline","Acrobatics"],"relics":["Ring of the Snake","NeowsBlessing","PreservedInsect","Shovel","Incense Burner","Blood Vial","Gremlin Horn","Ornamental Fan","Bag of Marbles","HoveringKite"],"potions_floor_usage":[11,16,19],"damage_taken":[{"damage":0,"enemies":"Small Slimes","floor":1,"turns":1},{"damage":0,"enemies":"Jaw Worm","floor":3,"turns":1},{"damage":0,"enemies":"Lagavulin","floor":6,"turns":1},{"damage":0,"enemies":"Cultist","floor":8,"turns":4},{"damage":14,"enemies":"Large Slime","floor":10,"turns":7},{"damage":8,"enemies":"Gremlin Nob","floor":11,"turns":4},{"damage":18,"enemies":"3 Sentries","floor":13,"turns":5},{"damage":24,"enemies":"The Guardian","floor":16,"turns":10},{"damage":16,"enemies":"2 Thieves","floor":18,"turns":4},{"damage":17,"enemies":"Colosseum Slavers","floor":19,"turns":5},{"damage":16,"enemies":"Colosseum Nobs","floor":19,"turns":4}],"seed_played":"1897291949918767425","potions_obtained":[{"floor":6,"key":"GhostInAJar"},{"floor":8,"key":"LiquidBronze"},{"floor":13,"key":"Poison Potion"}],"is_trial":false,"path_per_floor":["M","?","M","T","T","E","$","M","T","M","E","R","E","$","R","B",null,"M","?"],"character_chosen":"THE_SILENT","items_purchased":["Noxious Fumes","Footwork","Catalyst"],"campfire_rested":1,"item_purchase_floors":[7,14,14],"current_hp_per_floor":[59,59,59,59,59,59,59,59,59,47,41,41,25,25,44,22,55,41,12],"gold":55,"neow_bonus":"THREE_ENEMY_KILL","is_prod":false,"is_daily":false,"chose_seed":false,"campfire_upgraded":0,"win_rate":0,"timestamp":1543231078,"path_taken":["M","?","M","?","?","E","$","M","T","?","E","R","E","$","R","BOSS","M","?"],"build_version":"2018-11-15","purchased_purges":0,"victory":false,"max_hp_per_floor":[66,66,66,66,66,66,66,66,66,66,66,66,66,66,66,66,66,66,66],"card_choices":[{"not_picked":["Flying Knee","Infinite Blades"],"picked":"Poisoned Stab","floor":1},{"not_picked":["Underhanded Strike","Eviscerate","Cloak And Dagger"],"picked":"SKIP","floor":3},{"not_picked":["Storm of Steel","Underhanded Strike"],"picked":"Blade Dance","floor":6},{"not_picked":["PiercingWail","Masterful Stab","Deflect"],"picked":"SKIP","floor":8},{"not_picked":["Slice","Calculated Gamble"],"picked":"Poisoned Stab","floor":10},{"not_picked":["Masterful Stab","Noxious Fumes"],"picked":"Bane","floor":11},{"not_picked":["Flying Knee","Well Laid Plans"],"picked":"Choke","floor":13},{"not_picked":["Unload","Die Die Die"],"picked":"Adrenaline","floor":16},{"not_picked":["Dodge and Roll","Eviscerate"],"picked":"Acrobatics","floor":18}],"player_experience":776387,"relics_obtained":[{"floor":4,"key":"PreservedInsect"},{"floor":5,"key":"Shovel"},{"floor":6,"key":"Incense Burner"},{"floor":9,"key":"Blood Vial"},{"floor":11,"key":"Gremlin Horn"},{"floor":12,"key":"Ornamental Fan"},{"floor":13,"key":"Bag of Marbles"}],"event_choices":[{"cards_removed":["Strike_G"],"damage_healed":0,"gold_gain":0,"player_choice":"Card Removal","damage_taken":0,"max_hp_gain":0,"max_hp_loss":0,"event_name":"The Cleric","floor":2,"gold_loss":75},{"damage_healed":0,"gold_gain":0,"player_choice":"Fight","damage_taken":0,"max_hp_gain":0,"max_hp_loss":0,"event_name":"Colosseum","floor":19,"gold_loss":0},{"damage_healed":0,"gold_gain":0,"player_choice":"Fought Nobs","damage_taken":0,"max_hp_gain":0,"max_hp_loss":0,"event_name":"Colosseum","floor":19,"gold_loss":0}],"is_beta":true,"boss_relics":[{"not_picked":["Coffee Dripper","Eternal Feather"],"picked":"HoveringKite"}],"items_purged_floors":[],"is_endless":false,"potions_floor_spawned":[6,8,13,19],"killed_by":"Colosseum Nobs","ascension_level":20}