{"gold_per_floor":[114,114,130,130,26,26,51,51,107,125,6,35,35,45,45,123,123,139,139,189,189,209,209,45,68,147,177,177,177],"floor_reached":29,"playtime":723,"items_purged":[],"score":579,"play_id":"c851aefa-3be1-4847-b9a0-ffecf84e8c91","local_time":"20181101150649","is_ascension_mode":true,"campfire_choices":[{"data":"Poisoned Stab","floor":6.0,"key":"SMITH"},{"floor":8.0,"key":"REST"},{"data":"Catalyst","floor":13.0,"key":"SMITH"},{"data":"Noxious Fumes","floor":15.0,"key":"SMITH"},{"floor":23,"key":"REST"},{"floor":28,"key":"REST"}],"neow_cost":"NONE","seed_source_timestamp":363567599654609,"circlet_count":0,"master_deck":["AscendersBane","Defend_G","Defend_G","Defend_G","Defend_G","Defend_G","Strike_G","Strike_G","Survivor","Neutralize","Dodge and Roll","Deadly Poison","Poisoned Stab+1","Malaise","Catalyst+1","Leg Sweep","Noxious Fumes+1","Dodge and Roll","Deadly Poison","Corpse Explosion","Footwork"],"special_seed":0,"relics":["Ring of the Snake","Potion Belt","Dodecahedron","Tiny Chest","Smiling Mask","Empty Cage","Lantern","Ancient Tea Set","Question Card","Bronze Scales"],"potions_floor_usage":[27],"damage_taken":[{"damage":1.0,"enemies":"Cultist","floor":1.0,"turns":3.0},{"damage":1.0,"enemies":"Small Slimes","floor":3.0,"turns":4.0},{"damage":36.0,"enemies":"3 Sentries","floor":7.0,"turns":17.0},{"damage":2.0,"enemies":"Jaw Worm","floor":10.0,"turns":5.0},{"damage":18.0,"enemies":"Lagavulin","floor":12.0,"turns":5.0},{"damage":2.0,"enemies":"Large Slime","floor":14.0,"turns":7.0},{"damage":0.0,"enemies":"Slime Boss","floor":16.0,"turns":5.0},{"damage":15.0,"enemies":"3 Byrds","floor":18.0,"turns":5.0},{"damage":14,"enemies":"Shell Parasite","floor":22,"turns":6},{"damage":34,"enemies":"Book of Stabbing","floor":27,"turns":8},{"damage":31,"enemies":"Gremlin Leader","floor":29,"turns":2}],"seed_played":"5964257323364420942","potions_obtained":[{"floor":3.0,"key":"Dexterity Potion"},{"floor":10.0,"key":"SneckoOil"},{"floor":14.0,"key":"GhostInAJar"},{"floor":16.0,"key":"Strength Potion"}],"is_trial":false,"path_per_floor":["M","?","M","?","$","R","E","R","T","M","$","E","R","M","R","B",null,"M","?","?","?","M","R","$","T","T","E","R","E"],"character_chosen":"THE_SILENT","items_purchased":["Deadly Poison","Poisoned Stab","Leg Sweep","Noxious Fumes","Lantern"],"campfire_rested":3,"item_purchase_floors":[5,5,11,11,24],"current_hp_per_floor":[58,51,50,50,50,50,14,33,33,31,31,13,13,11,11,11,52,37,37,37,37,23,42,42,42,42,8,27,0],"gold":177,"neow_bonus":"RANDOM_COMMON_RELIC","is_prod":false,"is_daily":false,"chose_seed":false,"campfire_upgraded":3,"win_rate":0,"timestamp":1541081209,"path_taken":["M","?","M","?","$","R","E","R","T","M","?","E","R","M","R","BOSS","M","?","?","?","M","R","$","?","T","E","R","E"],"build_version":"2018-10-31v2","purchased_purges":0,"victory":false,"max_hp_per_floor":[66,66,66,66,66,66,66,66,66,66,66,66,66,66,66,66,66,66,66,66,66,66,66,66,66,66,66,66,66],"card_choices":[{"not_picked":["Deflect","Flying Knee"],"picked":"Dodge and Roll","floor":1.0},{"not_picked":["Dagger Spray","Dagger Throw","Acrobatics"],"picked":"SKIP","floor":3.0},{"not_picked":["Unload","Finisher"],"picked":"Malaise","floor":7.0},{"not_picked":["Underhanded Strike","Tactician"],"picked":"Catalyst","floor":10.0},{"not_picked":["Eviscerate","Dagger Spray"],"picked":"Dodge and Roll","floor":12.0},{"not_picked":["Die Die Die","Quick Slash"],"picked":"Deadly Poison","floor":14.0},{"not_picked":["A Thousand Cuts","Phantasmal Killer"],"picked":"Corpse Explosion","floor":16.0},{"not_picked":["Outmaneuver","Distraction","Deflect"],"picked":"SKIP","floor":18.0},{"not_picked":["Dagger Throw","Bane","Acrobatics"],"picked":"SKIP","floor":22},{"not_picked":["Wraith Form v2","Reflex","Leg Sweep"],"picked":"Footwork","floor":27}],"player_experience":733442,"relics_obtained":[{"floor":7.0,"key":"Dodecahedron"},{"floor":9.0,"key":"Tiny Chest"},{"floor":12.0,"key":"Smiling Mask"},{"floor":25,"key":"Ancient Tea Set"},{"floor":26,"key":"Question Card"},{"floor":27,"key":"Bronze Scales"}],"event_choices":[{"cards_removed":["Strike_G"],"damage_healed":0.0,"max_hp_gain":0.0,"max_hp_loss":0.0,"gold_gain":0.0,"event_name":"Golden Wing","player_choice":"Card Removal","floor":2.0,"gold_loss":0.0,"damage_taken":7.0},{"damage_healed":0.0,"max_hp_gain":0.0,"max_hp_loss":0.0,"gold_gain":0.0,"event_name":"The Cleric","player_choice":"Leave","floor":4.0,"gold_loss":0.0,"damage_taken":0.0},{"damage_healed":0.0,"max_hp_gain":0.0,"max_hp_loss":0.0,"gold_gain":0.0,"event_name":"The Mausoleum","player_choice":"Ignored","floor":19.0,"gold_loss":0.0,"damage_taken":0.0},{"damage_healed":0.0,"max_hp_gain":0.0,"max_hp_loss":0.0,"gold_gain":50.0,"event_name":"Nest","player_choice":"Stole From Cult","floor":20.0,"gold_loss":0.0,"damage_taken":0.0},{"damage_healed":0,"gold_gain":0,"player_choice":"Ignored","damage_taken":0,"max_hp_gain":0,"max_hp_loss":0,"event_name":"Cursed Tome","floor":21,"gold_loss":0}],"is_beta":true,"boss_relics":[{"not_picked":["Black Star","Runic Pyramid"],"picked":"Empty Cage"}],"items_purged_floors":[],"is_endless":false,"potions_floor_spawned":[3,10,14,16],"killed_by":"Gremlin Leader","ascension_level":19}