{"gold_per_floor":[110,110,110,110,110,145,145,37,61,61,93,109,120,146,146,225,225,244,6,24,42,92,118,118,135,135,135,154,154,154,168,168,239,239,255,82,97,97,13,38,38,50,127,127,127,127,162,112,112,112],"floor_reached":50,"playtime":966,"items_purged":["Defend_R"],"score":1222,"play_id":"5b66669f-ce83-4cb9-b538-7eacac96f91d","local_time":"20191010183633","is_ascension_mode":true,"campfire_choices":[{"data":"Flex","floor":7.0,"key":"SMITH"},{"data":"Flex","floor":10.0,"key":"SMITH"},{"data":"Heavy Blade","floor":15.0,"key":"SMITH"},{"data":"Flex","floor":24.0,"key":"SMITH"},{"data":"Feed","floor":27.0,"key":"SMITH"},{"data":"Uppercut","floor":32.0,"key":"SMITH"},{"data":"Heavy Blade","floor":41,"key":"SMITH"},{"data":"Perfected Strike","floor":49,"key":"SMITH"}],"neow_cost":"NONE","seed_source_timestamp":24236167857626,"circlet_count":0,"master_deck":["AscendersBane","Strike_R+1","Strike_R+1","Strike_R+1","Strike_R+1","Strike_R+1","Defend_R+1","Defend_R+1","Defend_R+1","Bash+1","Flex+1","Whirlwind","Flex+1","Twin Strike","Twin Strike","Thunderclap","Heavy Blade+1","Feed+1","Carnage+1","Flex+1","Twin Strike+1","Uppercut+1","Feed","Heavy Blade+1","Heavy Blade+1","Writhe","Perfected Strike+1","Pommel Strike","Parasite","Bandage Up"],"special_seed":0,"relics":["Burning Blood","NeowsBlessing","Ginger","Regal Pillow","Pantograph","Coffee Dripper","Brimstone","Boot","Sundial","Cursed Key","DollysMirror","Centennial Puzzle","Molten Egg 2","Letter Opener"],"potions_floor_usage":[35,46],"damage_taken":[{"damage":0.0,"enemies":"2 Louse","floor":1.0,"turns":1.0},{"damage":0.0,"enemies":"Lagavulin","floor":6.0,"turns":1.0},{"damage":0.0,"enemies":"Gremlin Nob","floor":11.0,"turns":1.0},{"damage":7.0,"enemies":"Jaw Worm","floor":12.0,"turns":2.0},{"damage":0.0,"enemies":"Cultist","floor":13.0,"turns":2.0},{"damage":15.0,"enemies":"3 Sentries","floor":14.0,"turns":3.0},{"damage":53.0,"enemies":"Hexaghost","floor":16.0,"turns":8.0},{"damage":12.0,"enemies":"Chosen","floor":18.0,"turns":3.0},{"damage":12.0,"enemies":"2 Thieves","floor":20.0,"turns":2.0},{"damage":22.0,"enemies":"Shelled Parasite and Fungi","floor":21.0,"turns":2.0},{"damage":27.0,"enemies":"Slavers","floor":23.0,"turns":3.0},{"damage":27.0,"enemies":"Snake Plant","floor":25.0,"turns":2.0},{"damage":15.0,"enemies":"Centurion and Healer","floor":28.0,"turns":2.0},{"damage":0.0,"enemies":"Snecko","floor":31.0,"turns":2.0},{"damage":54.0,"enemies":"Automaton","floor":33.0,"turns":6.0},{"damage":12,"enemies":"Orb Walker","floor":35,"turns":2},{"damage":0,"enemies":"3 Darklings","floor":37,"turns":2},{"damage":33,"enemies":"Giant Head","floor":40,"turns":5},{"damage":0,"enemies":"Transient","floor":42,"turns":6},{"damage":0,"enemies":"4 Shapes","floor":46,"turns":1},{"damage":2,"enemies":"Reptomancer","floor":47,"turns":3},{"damage":101,"enemies":"Time Eater","floor":50,"turns":4}],"seed_played":"6227278926063923123","potions_obtained":[{"floor":12.0,"key":"Block Potion"},{"floor":13.0,"key":"DuplicationPotion"},{"floor":14.0,"key":"Weak Potion"},{"floor":16.0,"key":"Strength Potion"},{"floor":18.0,"key":"BloodPotion"},{"floor":20.0,"key":"ElixirPotion"},{"floor":33.0,"key":"GamblersBrew"},{"floor":40,"key":"DuplicationPotion"},{"floor":42,"key":"SmokeBomb"}],"is_trial":false,"path_per_floor":["M","?","?","?","$","E","R","$","T","R","E","M","M","E","R","B",null,"M","$","M","M","?","E","R","M","T","R","M","?","?","M","R","B",null,"M","$","M","?","$","E","R","M","T","?","?","M","E","?","R","B"],"character_chosen":"IRONCLAD","items_purchased":["Flex","Twin Strike","Brimstone","DollysMirror","Perfected Strike","Flex"],"campfire_rested":0,"item_purchase_floors":[8,8,19,36,39,39],"current_hp_per_floor":[74,79,79,75,75,80,80,80,80,80,80,79,80,71,71,33,68,65,65,62,46,46,45,45,24,24,24,15,33,33,39,39,16,71,65,65,71,89,89,62,62,68,68,68,68,74,81,81,81,0],"gold":112,"neow_bonus":"THREE_ENEMY_KILL","is_prod":false,"is_daily":false,"chose_seed":false,"campfire_upgraded":8,"win_rate":0,"timestamp":1570725393,"path_taken":["M","?","?","?","$","E","R","$","T","R","E","M","M","E","R","BOSS","M","$","M","M","?","E","R","M","T","R","M","?","?","M","R","BOSS","M","$","M","?","$","E","R","M","T","?","?","?","E","?","R","BOSS"],"build_version":"2019-10-09","purchased_purges":1,"victory":false,"max_hp_per_floor":[75,80,80,80,80,80,80,80,80,80,80,80,80,80,80,80,80,83,83,86,86,86,89,89,89,89,89,89,89,89,89,89,89,89,89,89,89,89,89,89,89,89,89,89,89,89,92,92,92,92],"card_choices":[{"not_picked":["Clash","Armaments"],"picked":"Flex","floor":1.0},{"not_picked":["Perfected Strike","Intimidate"],"picked":"Whirlwind","floor":6.0},{"not_picked":["Infernal Blade","Rupture"],"picked":"Twin Strike","floor":11.0},{"not_picked":["Ghostly Armor","Dropkick"],"picked":"Thunderclap","floor":12.0},{"not_picked":["Hemokinesis","Body Slam"],"picked":"Heavy Blade","floor":13.0},{"not_picked":["Fire Breathing","Clothesline","Iron Wave"],"picked":"SKIP","floor":14.0},{"not_picked":["Barricade","Double Tap"],"picked":"Feed","floor":16.0},{"not_picked":["Clash","True Grit"],"picked":"Carnage","floor":18.0},{"not_picked":["Armaments","Iron Wave+1"],"picked":"Flex","floor":20.0},{"not_picked":["Anger","Thunderclap","Armaments"],"picked":"SKIP","floor":21.0},{"not_picked":["Rupture","Sword Boomerang","Blood for Blood+1"],"picked":"SKIP","floor":23.0},{"not_picked":["Armaments","Dropkick"],"picked":"Twin Strike+1","floor":25.0},{"not_picked":["Evolve","Warcry+1","Juggernaut"],"picked":"SKIP","floor":28.0},{"not_picked":["Sever Soul+1","Rage"],"picked":"Uppercut","floor":31.0},{"not_picked":["Barricade","Juggernaut"],"picked":"Feed","floor":33.0},{"not_picked":["Anger","Sword Boomerang"],"picked":"Heavy Blade","floor":35},{"not_picked":["Body Slam","True Grit","Combust+1"],"picked":"SKIP","floor":37},{"not_picked":["Flex","Body Slam"],"picked":"Pommel Strike","floor":40},{"not_picked":["Feel No Pain","Sever Soul","True Grit"],"picked":"SKIP","floor":42},{"not_picked":["Mind Blast+1","Dark Shackles"],"picked":"Bandage Up","floor":45},{"not_picked":["Dropkick+1","Twin Strike+1","Fiend Fire+1"],"picked":"SKIP","floor":47}],"player_experience":840011,"relics_obtained":[{"floor":6.0,"key":"Ginger"},{"floor":11.0,"key":"Regal Pillow"},{"floor":14.0,"key":"Pantograph"},{"floor":23.0,"key":"Boot"},{"floor":26.0,"key":"Sundial"},{"floor":40,"key":"Centennial Puzzle"},{"floor":43,"key":"Molten Egg 2"},{"floor":47,"key":"Letter Opener"}],"event_choices":[{"damage_healed":0.0,"max_hp_gain":5.0,"max_hp_loss":0.0,"gold_gain":0.0,"event_name":"Big Fish","player_choice":"Donut","floor":2.0,"gold_loss":0.0,"damage_taken":0.0},{"damage_healed":0.0,"max_hp_gain":0.0,"max_hp_loss":0.0,"gold_gain":0.0,"event_name":"The Cleric","player_choice":"Leave","floor":3.0,"gold_loss":0.0,"damage_taken":0.0},{"damage_healed":0.0,"max_hp_gain":0.0,"max_hp_loss":0.0,"gold_gain":0.0,"event_name":"The Woman in Blue","player_choice":"Bought 0 Potions","floor":4.0,"gold_loss":0.0,"damage_taken":0.0},{"damage_healed":0.0,"max_hp_gain":0.0,"max_hp_loss":0.0,"gold_gain":50.0,"event_name":"Nest","player_choice":"Stole From Cult","floor":22.0,"gold_loss":0.0,"damage_taken":0.0},{"damage_healed":18.0,"max_hp_gain":0.0,"max_hp_loss":0.0,"gold_gain":0.0,"event_name":"The Library","player_choice":"Heal","floor":29.0,"gold_loss":0.0,"damage_taken":0.0},{"damage_healed":0.0,"max_hp_gain":0.0,"max_hp_loss":0.0,"gold_gain":0.0,"event_name":"Back to Basics","player_choice":"Simplicity","floor":30.0,"gold_loss":0.0,"damage_taken":0.0,"cards_upgraded":["Strike_R","Strike_R","Strike_R","Strike_R","Strike_R","Defend_R","Defend_R","Defend_R"]},{"damage_healed":18,"gold_gain":0,"player_choice":"Writhe","damage_taken":0,"max_hp_gain":0,"max_hp_loss":0,"event_name":"Winding Halls","floor":38,"gold_loss":0,"cards_obtained":["Writhe"]},{"cards_removed":["Flex"],"damage_healed":0,"gold_gain":0,"player_choice":"Removed Skill","damage_taken":0,"max_hp_gain":0,"max_hp_loss":0,"event_name":"Falling","floor":44,"gold_loss":0},{"damage_healed":0,"gold_gain":0,"player_choice":"Memory 1","damage_taken":0,"max_hp_gain":0,"max_hp_loss":0,"event_name":"SensoryStone","floor":45,"gold_loss":0},{"damage_healed":0,"gold_gain":0,"player_choice":"Upgraded Two","damage_taken":0,"max_hp_gain":0,"max_hp_loss":0,"event_name":"Designer","floor":48,"gold_loss":50,"cards_upgraded":["Bash","Carnage"]}],"is_beta":true,"boss_relics":[{"not_picked":["Calling Bell","Mark of Pain"],"picked":"Coffee Dripper"},{"not_picked":["Runic Cube","SlaversCollar"],"picked":"Cursed Key"}],"items_purged_floors":[19],"is_endless":false,"potions_floor_spawned":[12,13,14,16,18,20,21,33,40,42,46],"killed_by":"Time Eater","ascension_level":20}