{"gold_per_floor":[109,123,136,153,118,147,147,180,180,54,76,92,111,122,122,222,222,232,232,250,263,281,281,281,206,230,247,247,267,73,105,105,206,206,223,238,1237,885,899,899,311,311,362,362,2,2,19,0,0,0],"floor_reached":51,"playtime":3280,"items_purged":["Normality","Normality","Writhe"],"score":1081,"play_id":"b4a7d70e-ae03-4744-b9d4-5b12c6bfdc9a","local_time":"20180812001350","is_ascension_mode":true,"campfire_choices":[{"data":"Streamline","floor":7,"key":"SMITH"},{"data":"Zap","floor":15,"key":"SMITH"},{"data":"Buffer","floor":23,"key":"SMITH"},{"data":"Go for the Eyes","floor":28,"key":"SMITH"},{"data":"Gash","floor":32,"key":"SMITH"},{"data":"Capacitor","floor":40,"key":"SMITH"},{"data":"Mayhem","floor":42,"key":"SMITH"},{"data":"Creative AI","floor":44,"key":"SMITH"},{"data":"Heatsinks","floor":49,"key":"SMITH"}],"neow_cost":"","seed_source_timestamp":15845428809134,"circlet_count":0,"master_deck":["Strike_B","Strike_B+1","Strike_B","Defend_B","Defend_B","Defend_B","Defend_B","Zap+1","Dualcast","AscendersBane","Glacier","Ball Lightning+1","Gash+1","Streamline+1","Self Repair","Self Repair","Go for the Eyes+1","Conserve Battery","Echo Form","Gash","Electrodynamics","Glacier","Buffer+1","Chill+1","Necronomicurse","Glacier+1","Creative AI+1","Capacitor+1","Mayhem+1","Heatsinks+1"],"relics":["Cracked Core","Centennial Puzzle","Pear","Singing Bowl","Odd Mushroom","Coffee Dripper","Blue Candle","Necronomicon","Bronze Scales","Runic Capacitor","Juzu Bracelet","Cursed Key","Whetstone","Art of War","Pen Nib","Ancient Tea Set","Lantern","Red Mask"],"potions_floor_usage":[4,8,16,16,21,31,35,50,50],"damage_taken":[{"damage":0,"enemies":"Small Slimes","floor":1,"turns":3},{"damage":10,"enemies":"2 Louse","floor":2,"turns":3},{"damage":2,"enemies":"Jaw Worm","floor":3,"turns":3},{"damage":9,"enemies":"3 Louse","floor":4,"turns":2},{"damage":23,"enemies":"Gremlin Nob","floor":6,"turns":4},{"damage":15,"enemies":"3 Sentries","floor":8,"turns":9},{"damage":8,"floor":11,"turns":4},{"damage":6,"enemies":"Exordium Wildlife","floor":12,"turns":2},{"damage":5,"enemies":"Blue Slaver","floor":13,"turns":4},{"damage":14,"enemies":"Red Slaver","floor":14,"turns":3},{"damage":37,"enemies":"The Guardian","floor":16,"turns":9},{"damage":14,"enemies":"2 Thieves","floor":18,"turns":4},{"damage":7,"enemies":"3 Byrds","floor":20,"turns":2},{"damage":8,"enemies":"3 Cultists","floor":21,"turns":4},{"damage":6,"enemies":"Snecko","floor":22,"turns":6},{"damage":14,"enemies":"Chosen and Byrds","floor":27,"turns":4},{"damage":10,"enemies":"3 Cultists","floor":29,"turns":5},{"damage":30,"enemies":"Gremlin Leader","floor":31,"turns":6},{"damage":20,"enemies":"Automaton","floor":33,"turns":14},{"damage":0,"enemies":"Flame Bruiser 1 Orb","floor":35,"turns":9},{"damage":3,"enemies":"Orb Walker","floor":36,"turns":4},{"damage":9,"enemies":"Jaw Worm Horde","floor":39,"turns":6},{"damage":32,"enemies":"Spire Growth","floor":47,"turns":6},{"damage":20,"enemies":"Donu and Deca","floor":50,"turns":10}],"seed_played":"-8801846199870906879","potions_obtained":[{"floor":1,"key":"AttackPotion"},{"floor":3,"key":"Dexterity Potion"},{"floor":11,"key":"PowerPotion"},{"floor":12,"key":"SteroidPotion"},{"floor":14,"key":"Regen Potion"},{"floor":16,"key":"Energy Potion"},{"floor":20,"key":"AttackPotion"},{"floor":22,"key":"EssenceOfSteel"},{"floor":33,"key":"Swift Potion"},{"floor":39,"key":"FocusPotion"}],"is_trial":false,"path_per_floor":["M","M","M","M","?","E","R","E","T","$","?","M","M","M","R","B",null,"M","?","M","M","M","R","?","?","T","M","R","M","$","E","R","B",null,"M","M","?","$","M","R","$","R","T","R","$","?","M","?","R","B"],"character_chosen":"DEFECT","items_purchased":["Self Repair","Go for the Eyes","Runic Capacitor","Whetstone","Capacitor","Energy Potion","Art of War","Pen Nib","Mayhem","Lantern","Heatsinks"],"campfire_rested":0,"item_purchase_floors":[10,10,30,38,38,38,41,41,41,45,45],"current_hp_per_floor":[68,58,56,47,65,42,42,44,44,44,43,39,41,34,34,26,72,67,67,74,80,88,88,72,72,72,65,65,71,71,57,57,51,83,95,97,97,97,97,97,97,97,97,97,97,97,88,88,88,82],"gold":0,"neow_bonus":"","is_prod":false,"is_daily":false,"chose_seed":false,"campfire_upgraded":9,"win_rate":0,"timestamp":1534025630,"path_taken":["M","M","M","M","?","E","R","E","T","$","?","M","M","M","R","BOSS","M","?","M","M","M","R","?","?","T","?","R","M","$","E","R","BOSS","M","M","?","$","M","R","$","R","T","R","?","?","M","?","R","BOSS"],"build_version":"2018-08-08","purchased_purges":3,"victory":true,"max_hp_per_floor":[75,75,75,75,75,75,75,85,85,85,85,87,87,87,87,87,87,89,89,89,89,89,89,89,89,89,89,89,91,91,93,93,93,93,95,97,97,97,99,99,99,99,99,99,99,99,101,101,101,101],"card_choices":[{"not_picked":["Lockon","Leap"],"picked":"Glacier","floor":1},{"not_picked":["Gash","Turbo"],"picked":"Ball Lightning","floor":2},{"not_picked":["Genetic Algorithm","Recycle"],"picked":"Gash","floor":3},{"not_picked":["Hologram","Redo"],"picked":"Streamline","floor":4},{"not_picked":["Chill","Melter"],"picked":"Self Repair","floor":6},{"not_picked":["Biased Cognition","Scrape","Stack"],"picked":"SKIP","floor":8},{"not_picked":["Turbo","Rebound"],"picked":"Conserve Battery","floor":11},{"not_picked":["Redo","Stack","Tempest"],"picked":"Singing Bowl","floor":12},{"not_picked":["Rebound","Melter"],"picked":"Echo Form","floor":13},{"not_picked":["Turbo","Rebound"],"picked":"Gash","floor":14},{"not_picked":["Buffer","Core Surge"],"picked":"Electrodynamics","floor":16},{"not_picked":["Beam Cell","Streamline","Ball Lightning"],"picked":"Singing Bowl","floor":18},{"not_picked":["Ball Lightning","Turbo"],"picked":"Glacier","floor":20},{"not_picked":["BootSequence","Steam"],"picked":"Buffer","floor":21},{"not_picked":["Doom and Gloom","Barrage"],"picked":"Chill+1","floor":22},{"not_picked":["Rebound+1","Static Discharge"],"picked":"Glacier+1","floor":27},{"not_picked":["Turbo+1","Rebound","Coolheaded+1"],"picked":"Singing Bowl","floor":29},{"not_picked":["Stack","Biased Cognition","Redo"],"picked":"Singing Bowl","floor":31},{"not_picked":["Amplify","Echo Form"],"picked":"Creative AI","floor":33},{"not_picked":["Blizzard","Go for the Eyes","Aggregate"],"picked":"Singing Bowl","floor":35},{"not_picked":["Conserve Battery","Streamline","Compile Driver"],"picked":"Singing Bowl","floor":36},{"not_picked":["Double Energy","Leap","Static Discharge+1"],"picked":"Singing Bowl","floor":39},{"not_picked":["Compile Driver","Turbo","Static Discharge+1"],"picked":"Singing Bowl","floor":47}],"player_experience":521794,"relics_obtained":[{"floor":6,"key":"Centennial Puzzle"},{"floor":8,"key":"Pear"},{"floor":9,"key":"Singing Bowl"},{"floor":11,"key":"Odd Mushroom"},{"floor":24,"key":"Necronomicon"},{"floor":26,"key":"Bronze Scales"},{"floor":31,"key":"Juzu Bracelet"},{"floor":43,"key":"Ancient Tea Set"}],"event_choices":[{"event_name":"The Cleric","player_choice":"Healed","floor":5,"damage_taken":0},{"event_name":"Mushrooms","player_choice":"Fought Mushrooms","floor":11,"damage_taken":0},{"event_name":"The Mausoleum","player_choice":"Yes","floor":19,"damage_taken":0},{"event_name":"Cursed Tome","player_choice":"Obtained Book","floor":24,"damage_taken":0},{"event_name":"Beggar","player_choice":"Gave Gold","floor":25,"damage_taken":0},{"event_name":"MindBloom","player_choice":"Gold","floor":37,"damage_taken":0},{"event_name":"NoteForYourself","player_choice":"Ignored","floor":46,"damage_taken":0},{"event_name":"Tomb of Lord Red Mask","player_choice":"Paid","floor":48,"damage_taken":0}],"is_beta":true,"boss_relics":[{"not_picked":["Fusion Hammer","Astrolabe"],"picked":"Coffee Dripper"},{"not_picked":["FrozenCore","Lizard Tail"],"picked":"Cursed Key"}],"items_purged_floors":[38,41,45],"is_endless":false,"potions_floor_spawned":[1,3,11,12,14,16,20,22,33,39],"ascension_level":12}