{"gold_per_floor":[109,184,359,77,77,116,129,163,188,222,172,198,198,235,235,344,344,364,364,364,374,374,406,406,406],"floor_reached":25,"playtime":1135,"items_purged":["Doubt"],"score":295,"play_id":"40eefa29-1f80-465c-a5b5-fdcb009174c6","local_time":"20190926204449","is_ascension_mode":false,"campfire_choices":[{"floor":13.0,"key":"REST"},{"data":"Zap","floor":15.0,"key":"SMITH"},{"data":"Redo","floor":24,"key":"SMITH"}],"neow_cost":"NONE","seed_source_timestamp":4220325277333,"circlet_count":0,"master_deck":["Strike_B","Strike_B","Strike_B","Defend_B","Defend_B","Defend_B","Zap+1","Dualcast","Doom and Gloom","Redo+1","Leap","Ball Lightning","Self Repair","Defragment","Multi-Cast","Ball Lightning+1"],"special_seed":0,"relics":["Velvet Choker","ClockworkSouvenir","CeramicFish","Matryoshka","Omamori","Bag of Marbles","Question Card","Pen Nib","Busted Crown","Blue Candle","Lantern"],"potions_floor_usage":[18,25],"damage_taken":[{"damage":1.0,"enemies":"Cultist","floor":1.0,"turns":3.0},{"damage":16.0,"enemies":"Gremlin Nob","floor":6.0,"turns":3.0},{"damage":0.0,"enemies":"2 Louse","floor":7.0,"turns":3.0},{"damage":21.0,"enemies":"3 Sentries","floor":8.0,"turns":8.0},{"damage":12.0,"enemies":"Lagavulin","floor":10.0,"turns":7.0},{"damage":1.0,"enemies":"Jaw Worm","floor":12.0,"turns":2.0},{"damage":13.0,"enemies":"3 Sentries","floor":14.0,"turns":4.0},{"damage":0.0,"enemies":"Slime Boss","floor":16.0,"turns":6.0},{"damage":18,"enemies":"3 Byrds","floor":18,"turns":3},{"damage":25,"enemies":"2 Thieves","floor":21,"turns":3},{"damage":54,"enemies":"Gremlin Leader","floor":23,"turns":7},{"damage":41,"enemies":"Slavers","floor":25,"turns":2}],"seed_played":"-4140621930516908118","potions_obtained":[{"floor":7.0,"key":"Regen Potion"},{"floor":10.0,"key":"PotionOfCapacity"},{"floor":12.0,"key":"Dexterity Potion"},{"floor":14.0,"key":"FairyPotion"},{"floor":16.0,"key":"Explosive Potion"},{"floor":18,"key":"Ancient Potion"},{"floor":23,"key":"Regen Potion"}],"is_trial":false,"path_per_floor":["M","?","?","$","?","E","M","E","T","E","?","M","R","E","R","B",null,"M","?","?","M","?","E","R","E"],"character_chosen":"DEFECT","items_purchased":["Redo","ClockworkSouvenir"],"campfire_rested":1,"item_purchase_floors":[4,4],"current_hp_per_floor":[74,63,63,63,68,52,52,31,31,19,19,18,42,38,38,45,80,69,69,69,51,51,31,31,0],"gold":406,"neow_bonus":"BOSS_RELIC","is_prod":false,"is_daily":false,"chose_seed":false,"campfire_upgraded":2,"win_rate":0,"timestamp":1569498289,"path_taken":["M","?","?","$","?","E","?","E","T","E","?","M","R","E","R","BOSS","M","?","?","M","?","E","R","E"],"build_version":"2019-09-25","purchased_purges":1,"victory":false,"max_hp_per_floor":[75,75,75,75,80,80,80,80,80,80,80,80,80,80,80,80,80,80,80,80,80,80,80,80,80],"card_choices":[{"not_picked":["Beam Cell","Go for the Eyes"],"picked":"Doom and Gloom","floor":1.0},{"not_picked":["Skim","Barrage"],"picked":"Leap","floor":6.0},{"not_picked":["Rebound","Hello World","Reboot"],"picked":"SKIP","floor":7.0},{"not_picked":["Streamline","Coolheaded"],"picked":"Ball Lightning","floor":8.0},{"not_picked":["White Noise","Rip and Tear","Hello World"],"picked":"SKIP","floor":10.0},{"not_picked":["Stack","Genetic Algorithm","Hologram"],"picked":"Self Repair","floor":12.0},{"not_picked":["White Noise","Heatsinks","Doom and Gloom"],"picked":"Defragment","floor":14.0},{"not_picked":["All For One","Creative AI","Buffer"],"picked":"Multi-Cast","floor":16.0},{"not_picked":["Gash","Undo"],"picked":"SKIP","floor":18},{"not_picked":["Blizzard","Rebound"],"picked":"SKIP","floor":21},{"not_picked":["Beam Cell"],"picked":"Ball Lightning+1","floor":23}],"player_experience":538300,"relics_obtained":[{"floor":6.0,"key":"CeramicFish"},{"floor":8.0,"key":"Matryoshka"},{"floor":9.0,"key":"Omamori"},{"floor":9.0,"key":"Bag of Marbles"},{"floor":10.0,"key":"Question Card"},{"floor":14.0,"key":"Pen Nib"},{"floor":23,"key":"Lantern"}],"event_choices":[{"damage_healed":0.0,"max_hp_gain":0.0,"max_hp_loss":0.0,"gold_gain":75.0,"event_name":"World of Goop","player_choice":"Gather Gold","floor":2.0,"gold_loss":0.0,"damage_taken":11.0},{"damage_healed":0.0,"max_hp_gain":0.0,"max_hp_loss":0.0,"gold_gain":175.0,"event_name":"Liars Game","player_choice":"AGREE","floor":3.0,"gold_loss":0.0,"damage_taken":0.0,"cards_obtained":["Doubt"]},{"damage_healed":0.0,"max_hp_gain":5.0,"max_hp_loss":0.0,"gold_gain":0.0,"event_name":"Big Fish","player_choice":"Donut","floor":5.0,"gold_loss":0.0,"damage_taken":0.0},{"cards_removed":["Defend_B"],"damage_healed":0.0,"max_hp_gain":0.0,"max_hp_loss":0.0,"gold_gain":0.0,"event_name":"The Cleric","player_choice":"Card Removal","floor":11.0,"gold_loss":50.0,"damage_taken":0.0},{"damage_healed":0,"gold_gain":0,"player_choice":"Ignored","damage_taken":0,"max_hp_gain":0,"max_hp_loss":0,"event_name":"Ghosts","floor":19,"gold_loss":0},{"damage_healed":0,"gold_gain":0,"player_choice":"Opened","damage_taken":0,"relics_obtained":["Blue Candle"],"max_hp_gain":0,"max_hp_loss":0,"event_name":"The Mausoleum","floor":20,"gold_loss":0,"cards_obtained":["Writhe"]},{"cards_removed":["Strike_B"],"damage_healed":0,"gold_gain":0,"player_choice":"Elegance","damage_taken":0,"max_hp_gain":0,"max_hp_loss":0,"event_name":"Back to Basics","floor":22,"gold_loss":0}],"is_beta":true,"boss_relics":[{"not_picked":["Coffee Dripper","Sozu"],"picked":"Busted Crown"}],"items_purged_floors":[4],"is_endless":false,"potions_floor_spawned":[7,10,12,14,16,18,23],"killed_by":"Slavers","ascension_level":0}