{"gold_per_floor":[116,116,116,136,61,61,88,99,99,124,20,36,36,36,36,137,137,151,165,184,259,87,116,130,174,174,174,191,211,95,113,113,218,218,228,136,151,101,112,112,138,138,138,190,40,50,68,95,95,95],"floor_reached":51,"playtime":2044,"items_purged":["Strike_R","Strike_R","Bash","Strike_R","Brutality","Spot Weakness"],"score":691,"play_id":"6e45e14b-2844-4ab6-8217-bd7b3d829b85","local_time":"20191019190330","is_ascension_mode":false,"campfire_choices":[{"data":"Body Slam","floor":6,"key":"SMITH"},{"data":"Juggernaut","floor":13,"key":"SMITH"},{"data":"Defend_R","floor":15,"key":"SMITH"},{"floor":27,"key":"REST"},{"data":"Barricade","floor":32,"key":"SMITH"},{"data":"Defend_R","floor":40,"key":"SMITH"},{"floor":49,"key":"REST"}],"neow_cost":"NONE","seed_source_timestamp":199892004184182,"circlet_count":0,"master_deck":["Defend_R+1","Defend_R+1","Defend_R+1","Defend_R+1","Body Slam+1","Juggernaut+1","True Grit+1","Barricade+1","Metallicize","Spot Weakness+1","True Grit+1","Feel No Pain","Dual Wield+1","Iron Wave+1","Shrug It Off+1","Armaments+1","Power Through+1","Body Slam"],"relics":["Burning Blood","Pantograph","Potion Belt","Toxic Egg 2","Smiling Mask","Busted Crown","Sundial","CeramicFish","Oddly Smooth Stone","Mark of Pain","Mango","War Paint"],"potions_floor_usage":[23,23,25,31,33,41,41,44,47,50],"damage_taken":[{"damage":1,"enemies":"Small Slimes","floor":1,"turns":3},{"damage":4,"enemies":"2 Louse","floor":4,"turns":3},{"damage":7,"enemies":"Jaw Worm","floor":8,"turns":4},{"damage":41,"enemies":"3 Sentries","floor":10,"turns":8},{"damage":3,"enemies":"Red Slaver","floor":12,"turns":5},{"damage":39,"enemies":"Slime Boss","floor":16,"turns":11},{"damage":11,"enemies":"Spheric Guardian","floor":18,"turns":5},{"damage":5,"enemies":"Shell Parasite","floor":19,"turns":5},{"damage":0,"enemies":"Centurion and Healer","floor":20,"turns":7},{"damage":60,"enemies":"Slavers","floor":23,"turns":8},{"damage":8,"enemies":"Shelled Parasite and Fungi","floor":24,"turns":5},{"damage":26,"enemies":"Book of Stabbing","floor":25,"turns":6},{"damage":5,"enemies":"Sentry and Sphere","floor":28,"turns":4},{"damage":7,"enemies":"Cultist and Chosen","floor":29,"turns":7},{"damage":0,"enemies":"Chosen and Byrds","floor":31,"turns":4},{"damage":6,"enemies":"Collector","floor":33,"turns":7},{"damage":0,"enemies":"3 Darklings","floor":35,"turns":6},{"damage":6,"enemies":"Orb Walker","floor":37,"turns":5},{"damage":20,"enemies":"Jaw Worm Horde","floor":39,"turns":7},{"damage":4,"enemies":"Transient","floor":41,"turns":5},{"damage":51,"enemies":"2 Orb Walkers","floor":44,"turns":6},{"damage":0,"enemies":"4 Shapes","floor":46,"turns":6},{"damage":9,"enemies":"Writhing Mass","floor":47,"turns":6},{"damage":0,"enemies":"3 Darklings","floor":48,"turns":6},{"damage":65,"enemies":"Awakened One","floor":50,"turns":10}],"seed_played":"8174852549285539518","potions_obtained":[{"floor":1,"key":"Ancient Potion"},{"floor":12,"key":"Regen Potion"},{"floor":16,"key":"FearPotion"},{"floor":23,"key":"ElixirPotion"},{"floor":24,"key":"ElixirPotion"},{"floor":25,"key":"SteroidPotion"},{"floor":31,"key":"EssenceOfSteel"},{"floor":39,"key":"GamblersBrew"},{"floor":41,"key":"DuplicationPotion"}],"is_trial":false,"path_per_floor":["M","?","?","M","$","R","T","M","T","E","$","M","R","?","R","B",null,"M","M","M","?","$","E","M","E","T","R","M","M","$","M","R","B",null,"M","$","M","$","M","R","M","?","T","?","$","M","M","M","R","B",null],"character_chosen":"IRONCLAD","items_purchased":["True Grit+1","True Grit+1","Feel No Pain","Shrug It Off+1","Swift Potion","Armaments+1","War Paint"],"campfire_rested":2,"item_purchase_floors":[11,22,22,30,30,36,45],"current_hp_per_floor":[80,73,70,72,72,72,72,71,71,36,36,39,39,39,39,31,80,75,76,80,72,72,33,31,11,11,35,36,35,35,41,41,66,80,80,80,80,80,66,66,68,68,68,37,37,43,40,46,74,35],"gold":95,"neow_bonus":"ONE_RANDOM_RARE_CARD","is_prod":false,"is_daily":false,"chose_seed":false,"campfire_upgraded":5,"win_rate":0,"timestamp":1571504610,"path_taken":["M","?","?","M","$","R","?","M","T","E","$","?","R","?","R","BOSS","M","M","?","?","$","E","M","E","T","R","?","M","$","M","R","BOSS","M","$","M","$","M","R","M","?","T","?","$","M","?","M","R","BOSS"],"build_version":"2019-10-18","purchased_purges":6,"victory":true,"max_hp_per_floor":[80,80,80,80,80,80,80,80,80,80,80,80,80,80,80,80,80,80,80,80,80,80,80,80,80,80,80,80,80,80,80,80,80,80,80,80,80,80,80,80,80,80,80,94,94,94,94,94,94,94],"card_choices":[{"not_picked":["Pummel","Infernal Blade"],"picked":"Body Slam","floor":1},{"not_picked":["Sword Boomerang","Twin Strike"],"picked":"Spot Weakness","floor":4},{"not_picked":["Feel No Pain","Wild Strike","Clothesline"],"picked":"SKIP","floor":8},{"not_picked":["Bloodletting+1","Inflame"],"picked":"Juggernaut","floor":10},{"not_picked":["Twin Strike","Anger","Warcry+1"],"picked":"SKIP","floor":12},{"not_picked":["Immolate","Impervious+1"],"picked":"Barricade","floor":16},{"not_picked":[],"picked":"Metallicize","floor":18},{"not_picked":["Inflame"],"picked":"SKIP","floor":19},{"not_picked":[],"picked":"Spot Weakness+1","floor":20},{"not_picked":["Cleave+1"],"picked":"SKIP","floor":23},{"not_picked":["Rupture"],"picked":"SKIP","floor":24},{"not_picked":[],"picked":"Dual Wield+1","floor":25},{"not_picked":["Wild Strike"],"picked":"SKIP","floor":28},{"not_picked":[],"picked":"Iron Wave+1","floor":29},{"not_picked":["Shockwave+1"],"picked":"SKIP","floor":31},{"not_picked":["Perfected Strike+1"],"picked":"SKIP","floor":35},{"not_picked":["Dropkick"],"picked":"SKIP","floor":37},{"not_picked":["Wild Strike+1"],"picked":"SKIP","floor":39},{"not_picked":[],"picked":"Power Through+1","floor":41},{"not_picked":["Spot Weakness+1"],"picked":"SKIP","floor":46},{"not_picked":["Iron Wave+1"],"picked":"SKIP","floor":47},{"not_picked":[],"picked":"Body Slam","floor":48}],"player_experience":856201,"relics_obtained":[{"floor":7,"key":"Potion Belt"},{"floor":9,"key":"Toxic Egg 2"},{"floor":10,"key":"Smiling Mask"},{"floor":23,"key":"Sundial"},{"floor":25,"key":"CeramicFish"},{"floor":26,"key":"Oddly Smooth Stone"},{"floor":44,"key":"Mango"}],"event_choices":[{"cards_removed":["Strike_R"],"damage_healed":0,"gold_gain":0,"player_choice":"Card Removal","damage_taken":7,"max_hp_gain":0,"max_hp_loss":0,"event_name":"Golden Wing","floor":2,"gold_loss":0},{"damage_healed":0,"gold_gain":0,"player_choice":"Success","damage_taken":3,"relics_obtained":["Pantograph"],"max_hp_gain":0,"max_hp_loss":0,"event_name":"Scrap Ooze","floor":3,"gold_loss":0},{"cards_removed":["Strike_R"],"damage_healed":0,"gold_gain":0,"player_choice":"Took Card","damage_taken":0,"max_hp_gain":0,"max_hp_loss":0,"event_name":"NoteForYourself","floor":14,"gold_loss":0,"cards_obtained":["Defend_R"]},{"damage_healed":0,"gold_gain":75,"player_choice":"Touch","damage_taken":8,"max_hp_gain":0,"max_hp_loss":0,"event_name":"FaceTrader","floor":21,"gold_loss":0},{"cards_removed":["Defend_R"],"damage_healed":0,"gold_gain":0,"player_choice":"Removed Skill","damage_taken":0,"max_hp_gain":0,"max_hp_loss":0,"event_name":"Falling","floor":42,"gold_loss":0},{"damage_healed":0,"gold_gain":0,"player_choice":"Fight","damage_taken":0,"max_hp_gain":0,"max_hp_loss":0,"event_name":"Mysterious Sphere","floor":44,"gold_loss":0}],"is_beta":true,"boss_relics":[{"not_picked":["SacredBark","Tiny House"],"picked":"Busted Crown"},{"not_picked":["Sozu","SlaversCollar"],"picked":"Mark of Pain"}],"items_purged_floors":[5,11,22,30,36,38],"is_endless":false,"potions_floor_spawned":[1,12,16,23,24,25,31,39,41],"ascension_level":0}