{"gold_per_floor":[115,126,140,156,20,46,46,46,114,128,128,142,142,142,142,142],"floor_reached":16,"playtime":510,"items_purged":[],"score":189,"play_id":"1783eccf-daa3-46d1-a4e4-814edfde48a2","local_time":"20180917174729","is_ascension_mode":true,"campfire_choices":[{"floor":7,"key":"REST"},{"data":"Consume","floor":11,"key":"SMITH"},{"floor":15,"key":"REST"}],"neow_cost":"NONE","seed_source_timestamp":21583634455912,"circlet_count":0,"master_deck":["Strike_B","Strike_B","Strike_B","Defend_B","Defend_B","Defend_B","Defend_B","Zap","Dualcast","AscendersBane","Gash","Coolheaded","Capacitor","Reprogram","Self Repair","Gash","Consume+1","Echo Form","Gash"],"relics":["Cracked Core","Pocketwatch","Toxic Egg 2"],"potions_floor_usage":[6,6,12],"damage_taken":[{"damage":4,"enemies":"2 Louse","floor":1,"turns":3},{"damage":4,"enemies":"Small Slimes","floor":2,"turns":3},{"damage":2,"enemies":"Cultist","floor":3,"turns":4},{"damage":8,"enemies":"Gremlin Gang","floor":4,"turns":7},{"damage":36,"enemies":"3 Sentries","floor":6,"turns":9},{"damage":3,"enemies":"Large Slime","floor":10,"turns":6},{"damage":32,"enemies":"Exordium Wildlife","floor":12,"turns":4},{"damage":0,"enemies":"Slime Boss","floor":16,"turns":3}],"seed_played":"5463313070014043910","potions_obtained":[{"floor":0,"key":"LiquidBronze"},{"floor":0,"key":"Strength Potion"},{"floor":1,"key":"PowerPotion"},{"floor":2,"key":"EssenceOfSteel"},{"floor":10,"key":"PowerPotion"}],"is_trial":false,"path_per_floor":["M","M","M","M","$","E","R","?","T","M","R","M","?","?","R"],"character_chosen":"DEFECT","items_purchased":["Self Repair","Gash"],"campfire_rested":2,"item_purchase_floors":[5,5],"current_hp_per_floor":[60,56,54,46,46,17,38,31,31,35,35,3,3,3,24,24],"gold":142,"neow_bonus":"THREE_SMALL_POTIONS","is_prod":false,"is_daily":false,"chose_seed":false,"campfire_upgraded":1,"win_rate":0,"timestamp":1537199249,"path_taken":["M","M","M","M","$","E","R","?","T","M","R","?","?","?","R","BOSS"],"build_version":"2018-09-12","purchased_purges":0,"victory":false,"max_hp_per_floor":[71,71,71,71,71,71,71,71,71,71,71,71,71,71,71,71],"card_choices":[{"not_picked":["Hologram","Melter"],"picked":"Gash","floor":1},{"not_picked":["Beam Cell","Ball Lightning"],"picked":"Coolheaded","floor":2},{"not_picked":["Coolheaded","Chaos"],"picked":"Capacitor","floor":3},{"not_picked":["Stack","Genetic Algorithm"],"picked":"Reprogram","floor":4},{"not_picked":["Conserve Battery","Steam"],"picked":"Consume","floor":6},{"not_picked":["Go for the Eyes","Blizzard"],"picked":"Echo Form","floor":10},{"not_picked":["Chill+1","Loop"],"picked":"Gash","floor":12}],"player_experience":648650,"relics_obtained":[{"floor":6,"key":"Pocketwatch"},{"floor":9,"key":"Toxic Egg 2"}],"event_choices":[{"event_name":"Golden Wing","player_choice":"Card Removal","floor":8,"damage_taken":0},{"event_name":"Golden Idol","player_choice":"Ignored","floor":13,"damage_taken":0},{"event_name":"Liars Game","player_choice":"disagreed","floor":14,"damage_taken":0}],"is_beta":true,"boss_relics":[],"items_purged_floors":[],"is_endless":false,"potions_floor_spawned":[1,2,4,10],"killed_by":"Slime Boss","ascension_level":17}