{"gold_per_floor":[11,24,35,52,64,90,190,225,225,225,225,165,165,177,177,277,277,297,217,217,227,238,273,273,284,284,284,317,327,72,107,107,107],"floor_reached":33,"playtime":2038,"items_purged":["Strike_G","Strike_G","Strike_G"],"score":372,"play_id":"9a7279a2-b956-4144-9109-f69e0b85d5df","local_time":"20180725132420","is_ascension_mode":false,"campfire_choices":[{"data":"Grand Finale","floor":11.0,"key":"SMITH"},{"data":"Venomology","floor":13.0,"key":"SMITH"},{"data":"Neutralize","floor":15.0,"key":"SMITH"},{"data":"Dagger Spray","floor":24.0,"key":"SMITH"},{"data":"Dagger Throw","floor":27.0,"key":"SMITH"},{"data":"Dagger Throw","floor":32.0,"key":"SMITH"}],"neow_cost":"NO_GOLD","seed_source_timestamp":14885036282435,"circlet_count":0,"master_deck":["Defend_G+1","Defend_G+1","Defend_G","Survivor","Neutralize+1","Dagger Spray+1","Venomology+1","Grand Finale+1","Dagger Throw+1","Dagger Throw+1"],"special_seed":0,"relics":["Ring of the Snake","Meat on the Bone","Art of War","The Courier","White Beast Statue","War Paint","Matryoshka","Bottled Lightning","Toy Ornithopter","Red Mask"],"potions_floor_usage":[33,33],"damage_taken":[{"damage":0.0,"enemies":"Jaw Worm","floor":1.0,"turns":6.0},{"damage":1.0,"enemies":"Cultist","floor":2.0,"turns":3.0},{"damage":0.0,"enemies":"Small Slimes","floor":3.0,"turns":3.0},{"damage":0.0,"enemies":"Exordium Thugs","floor":4.0,"turns":4.0},{"damage":3.0,"enemies":"Red Slaver","floor":5.0,"turns":5.0},{"damage":16.0,"enemies":"3 Sentries","floor":6.0,"turns":10.0},{"damage":25.0,"enemies":"Gremlin Nob","floor":8.0,"turns":5.0},{"damage":0.0,"enemies":"3 Louse","floor":14.0,"turns":2.0},{"damage":0.0,"enemies":"Slime Boss","floor":16.0,"turns":3.0},{"damage":9.0,"enemies":"Shell Parasite","floor":18.0,"turns":4.0},{"damage":0.0,"enemies":"3 Byrds","floor":21.0,"turns":4.0},{"damage":21.0,"enemies":"Snake Plant","floor":22.0,"turns":10.0},{"damage":17.0,"enemies":"Slavers","floor":23.0,"turns":3.0},{"damage":3.0,"enemies":"Chosen and Byrds","floor":25.0,"turns":6.0},{"damage":0.0,"enemies":"Book of Stabbing","floor":28.0,"turns":5.0},{"damage":19.0,"enemies":"Snecko","floor":29.0,"turns":8.0},{"damage":0.0,"floor":31.0,"turns":2.0},{"damage":52,"enemies":"Champ","floor":33,"turns":10}],"seed_played":"6901884822660392984","potions_obtained":[{"floor":1.0,"key":"Energy Potion"},{"floor":5.0,"key":"SpeedPotion"},{"floor":6.0,"key":"Energy Potion"},{"floor":8.0,"key":"Regen Potion"},{"floor":18.0,"key":"Weak Potion"},{"floor":22.0,"key":"LiquidBronze"},{"floor":23.0,"key":"Explosive Potion"},{"floor":25.0,"key":"Swift Potion"},{"floor":28.0,"key":"Explosive Potion"},{"floor":29.0,"key":"Poison Potion"},{"floor":31.0,"key":"SkillPotion"}],"is_trial":false,"path_per_floor":["M","M","M","M","M","E","?","E","T","?","R","$","R","M","R","B",null,"M","$","?","M","M","E","R","M","T","R","E","M","$","?","R"],"character_chosen":"THE_SILENT","items_purchased":["Toy Ornithopter"],"campfire_rested":0,"item_purchase_floors":[30],"current_hp_per_floor":[70,69,69,69,66,50,50,37,37,37,37,37,37,37,37,37,70,61,61,61,61,40,35,35,44,44,44,44,40,40,46,46,0],"gold":107,"neow_bonus":"REMOVE_TWO","is_prod":false,"is_daily":false,"chose_seed":false,"campfire_upgraded":6,"win_rate":0,"timestamp":1532496260,"path_taken":["M","M","M","M","M","E","?","E","T","?","R","$","R","M","R","BOSS","M","$","?","?","M","E","R","M","T","R","E","M","$","?","R","BOSS"],"build_version":"2018-07-19v2","purchased_purges":3,"victory":false,"max_hp_per_floor":[70,70,70,70,70,70,70,70,70,70,70,70,70,70,70,70,70,70,70,70,70,70,70,70,70,70,70,70,70,70,70,70,70],"card_choices":[{"not_picked":["Slice","Outmaneuver"],"picked":"Dagger Spray","floor":1.0},{"not_picked":["Slice","Outmaneuver"],"picked":"Venomology","floor":2.0},{"not_picked":["Cloak And Dagger","Prepared"],"picked":"Grand Finale","floor":3.0},{"not_picked":["Cloak And Dagger","Setup"],"picked":"Dagger Throw","floor":4.0},{"not_picked":["Acrobatics","PiercingWail","Blade Dance"],"picked":"SKIP","floor":5.0},{"not_picked":["Noxious Fumes","Acrobatics","Dodge and Roll"],"picked":"SKIP","floor":6.0},{"not_picked":["Bouncing Flask","Slice","Deadly Poison"],"picked":"SKIP","floor":8.0},{"not_picked":["Terror","Finisher","Deadly Poison"],"picked":"SKIP","floor":14.0},{"not_picked":["Sucker Punch","Heel Hook+1","Blade Dance+1"],"picked":"SKIP","floor":18.0},{"not_picked":["Leg Sweep","Expertise+1","Bane+1"],"picked":"SKIP","floor":21.0},{"not_picked":["Skewer","Crippling Poison+1","Concentrate"],"picked":"SKIP","floor":22.0},{"not_picked":["Outmaneuver","Tactician","Sucker Punch+1"],"picked":"SKIP","floor":23.0},{"not_picked":["Bane","Cloak And Dagger+1","Flying Knee"],"picked":"SKIP","floor":25.0},{"not_picked":["Infinite Blades+1","Footwork","Dash"],"picked":"SKIP","floor":28.0},{"not_picked":["Distraction","Deflect"],"picked":"Dagger Throw","floor":29.0}],"player_experience":203156,"relics_obtained":[{"floor":6.0,"key":"Meat on the Bone"},{"floor":8.0,"key":"Art of War"},{"floor":9.0,"key":"The Courier"},{"floor":23.0,"key":"War Paint"},{"floor":26.0,"key":"Matryoshka"},{"floor":28.0,"key":"Bottled Lightning"},{"floor":31.0,"key":"Red Mask"}],"event_choices":[{"event_name":"Golden Shrine","player_choice":"Pray","floor":7.0,"damage_taken":0.0},{"event_name":"Purifier","player_choice":"One Purge","floor":10.0,"damage_taken":0.0},{"event_name":"Bonfire Elementals","player_choice":"BASIC","floor":20.0,"damage_taken":0.0},{"event_name":"Masked Bandits","player_choice":"Fought over 72 gold","floor":31.0,"damage_taken":0.0}],"is_beta":false,"boss_relics":[{"not_picked":["Pandora\u0027s Box","Runic Dome"],"picked":"White Beast Statue"}],"items_purged_floors":[12,19,30],"is_endless":false,"potions_floor_spawned":[1,5,6,8,16,18,21,22,23,25,28,29,31],"killed_by":"Champ","ascension_level":0}