{"gold_per_floor":[111,111,125,179,30,58,58,71,71,71,81,81,81,93,93,168,168,187,112,132,132,132,132,148,148],"floor_reached":25,"playtime":453,"items_purged":["Strike_B"],"score":452,"play_id":"0eba1ff1-5424-48bc-9d97-0175dc9347ea","local_time":"20190414005728","is_ascension_mode":true,"campfire_choices":[{"data":"Loop","floor":7,"key":"SMITH"},{"data":"Double Energy","floor":13,"key":"SMITH"},{"data":"Thunder Strike","floor":15,"key":"SMITH"},{"data":"Creative AI","floor":23,"key":"SMITH"}],"neow_cost":"NONE","seed_source_timestamp":220562012477724,"circlet_count":0,"master_deck":["AscendersBane","Defend_B","Defend_B","Defend_B","Defend_B","Zap","Dualcast","Fusion","Coolheaded","Loop+1","Conserve Battery","Storm","Double Energy+1","Tempest","Thunder Strike+1","Echo Form","Coolheaded","Creative AI+1"],"relics":["Cracked Core","NeowsBlessing","Pear","Happy Flower","Boot","DataDisk","Empty Cage","MutagenicStrength"],"potions_floor_usage":[18,24],"damage_taken":[{"damage":0,"enemies":"Cultist","floor":1,"turns":1},{"damage":0,"enemies":"Jaw Worm","floor":3,"turns":1},{"damage":0,"enemies":"Lagavulin","floor":6,"turns":1},{"damage":9,"enemies":"2 Louse","floor":8,"turns":3},{"damage":6,"enemies":"2 Fungi Beasts","floor":11,"turns":3},{"damage":9,"enemies":"Looter","floor":14,"turns":3},{"damage":29,"enemies":"Slime Boss","floor":16,"turns":8},{"damage":7,"enemies":"Chosen","floor":18,"turns":3},{"damage":14,"enemies":"Spheric Guardian","floor":20,"turns":4},{"damage":29,"enemies":"Snake Plant","floor":24,"turns":4},{"damage":24,"enemies":"Centurion and Healer","floor":25,"turns":4}],"seed_played":"-4055644379637368853","potions_obtained":[{"floor":1,"key":"Energy Potion"},{"floor":8,"key":"Ancient Potion"},{"floor":20,"key":"SkillPotion"},{"floor":24,"key":"LiquidBronze"}],"is_trial":false,"path_per_floor":["M","T","M","T","$","E","R","M","T","?","M","?","R","M","R","B",null,"M","$","M","?","?","R","M","M"],"character_chosen":"DEFECT","items_purchased":["Loop","Conserve Battery"],"campfire_rested":0,"item_purchase_floors":[5,5],"current_hp_per_floor":[64,74,74,74,74,74,74,65,65,65,59,52,52,43,43,14,64,57,57,43,43,43,43,14,0],"gold":148,"neow_bonus":"THREE_ENEMY_KILL","is_prod":false,"is_daily":false,"chose_seed":false,"campfire_upgraded":4,"win_rate":0,"timestamp":1555196248,"path_taken":["M","?","M","?","$","E","R","M","T","?","M","?","R","M","R","BOSS","M","$","M","?","?","R","M","M"],"build_version":"2019-01-23","purchased_purges":1,"victory":false,"max_hp_per_floor":[71,81,81,81,81,81,81,81,81,81,81,81,81,81,81,81,81,81,81,81,81,81,81,81,81],"card_choices":[{"not_picked":["Beam Cell","Leap"],"picked":"Fusion","floor":1},{"not_picked":["Compile Driver","Turbo"],"picked":"Coolheaded","floor":3},{"not_picked":["Steam","Barrage"],"picked":"Storm","floor":6},{"not_picked":["Reinforced Body","Gash"],"picked":"Double Energy","floor":8},{"not_picked":["Auto Shields","Scrape"],"picked":"Tempest","floor":11},{"not_picked":["Rip and Tear","Barrage"],"picked":"Thunder Strike","floor":14},{"not_picked":["Core Surge","Thunder Strike"],"picked":"Echo Form","floor":16},{"not_picked":["Cold Snap","Stack+1"],"picked":"Coolheaded","floor":18},{"not_picked":["Streamline","Coolheaded"],"picked":"Creative AI","floor":20},{"not_picked":["Steam","Coolheaded","Stack+1"],"picked":"SKIP","floor":24}],"player_experience":830147,"relics_obtained":[{"floor":2,"key":"Pear"},{"floor":4,"key":"Happy Flower"},{"floor":6,"key":"Boot"},{"floor":9,"key":"DataDisk"}],"event_choices":[{"damage_healed":0,"gold_gain":0,"player_choice":"Leave","damage_taken":0,"max_hp_gain":0,"max_hp_loss":0,"event_name":"The Cleric","floor":10,"gold_loss":0},{"cards_removed":["Strike_B"],"damage_healed":0,"gold_gain":0,"player_choice":"Card Removal","damage_taken":7,"max_hp_gain":0,"max_hp_loss":0,"event_name":"Golden Wing","floor":12,"gold_loss":0},{"damage_healed":0,"gold_gain":0,"player_choice":"Ignored","damage_taken":0,"max_hp_gain":0,"max_hp_loss":0,"event_name":"The Mausoleum","floor":21,"gold_loss":0},{"damage_healed":0,"gold_gain":0,"player_choice":"Inject Mutagens","damage_taken":0,"relics_obtained":["MutagenicStrength"],"max_hp_gain":0,"max_hp_loss":0,"event_name":"Drug Dealer","floor":22,"gold_loss":0}],"is_beta":false,"boss_relics":[{"not_picked":["Runic Dome","White Beast Statue"],"picked":"Empty Cage"}],"items_purged_floors":[19],"is_endless":false,"potions_floor_spawned":[1,8,20,24],"killed_by":"Centurion and Healer","ascension_level":20}