{"gold_per_floor":[109,126,144,144,53,53,53,85,108,108,123,123,123,123,123,197,197,197],"floor_reached":18,"playtime":402,"items_purged":[],"score":292,"play_id":"719001c1-9d42-45f8-ba5f-7e0122e6f77e","local_time":"20180917173848","is_ascension_mode":true,"campfire_choices":[{"data":"Conserve Battery","floor":6.0,"key":"SMITH"},{"floor":10.0,"key":"REST"},{"data":"White Noise","floor":12.0,"key":"SMITH"},{"data":"Compile Driver","floor":15.0,"key":"SMITH"}],"neow_cost":"NONE","seed_source_timestamp":0,"circlet_count":0,"master_deck":["Strike_B","Strike_B","Strike_B","Strike_B","Defend_B","Defend_B","Defend_B","Defend_B","Zap+1","Dualcast","AscendersBane","Machine Learning","Conserve Battery+1","Compile Driver+1","BootSequence","White Noise+1","Sweeping Beam","Multi-Cast"],"special_seed":0,"relics":["Cracked Core","PreservedInsect","Regal Pillow","Bottled Flame","Nuclear Battery"],"potions_floor_usage":[],"damage_taken":[{"damage":9.0,"enemies":"Jaw Worm","floor":1.0,"turns":3.0},{"damage":4.0,"enemies":"2 Louse","floor":2.0,"turns":3.0},{"damage":4.0,"enemies":"Small Slimes","floor":3.0,"turns":3.0},{"damage":34.0,"enemies":"Lagavulin","floor":8.0,"turns":7.0},{"damage":9.0,"enemies":"Exordium Wildlife","floor":11.0,"turns":6.0},{"damage":39.0,"enemies":"Hexaghost","floor":16.0,"turns":11.0},{"damage":1,"enemies":"3 Byrds","floor":18,"turns":2}],"seed_played":"-8424963176484259810","potions_obtained":[{"floor":1.0,"key":"FocusPotion"},{"floor":3.0,"key":"GamblersBrew"},{"floor":16.0,"key":"FairyPotion"}],"is_trial":false,"path_per_floor":["M","M","M","?","$","R","?","E","T","R","M","R","?","T","R","B",null],"character_chosen":"DEFECT","items_purchased":["BootSequence"],"campfire_rested":1,"item_purchase_floors":[5],"current_hp_per_floor":[55,51,47,47,47,47,47,13,13,49,40,40,45,45,45,6,59,58],"gold":197,"neow_bonus":"ONE_RANDOM_RARE_CARD","is_prod":false,"is_daily":false,"chose_seed":false,"campfire_upgraded":3,"win_rate":0,"timestamp":1537198728,"path_taken":["M","M","M","?","$","R","?","E","T","R","?","R","?","?","R","BOSS","M"],"build_version":"2018-09-12","purchased_purges":0,"victory":false,"max_hp_per_floor":[71,71,71,71,71,71,71,71,71,71,71,71,76,76,76,76,76,76],"card_choices":[{"not_picked":["Reprogram","Tempest"],"picked":"Conserve Battery","floor":1.0},{"not_picked":["Stack","Beam Cell","Reprogram"],"picked":"SKIP","floor":2.0},{"not_picked":["Rebound","Leap"],"picked":"Compile Driver","floor":3.0},{"not_picked":["Steam","Barrage"],"picked":"White Noise","floor":8.0},{"not_picked":["Stack","Fusion"],"picked":"Sweeping Beam","floor":11.0},{"not_picked":["Meteor Strike","Thunder Strike"],"picked":"Multi-Cast","floor":16.0}],"player_experience":648248,"relics_obtained":[{"floor":8.0,"key":"PreservedInsect"},{"floor":9.0,"key":"Regal Pillow"},{"floor":14.0,"key":"Bottled Flame"}],"event_choices":[{"event_name":"Shining Light","player_choice":"Ignored","floor":4.0,"damage_taken":0.0},{"event_name":"Accursed Blacksmith","player_choice":"Forge","floor":7.0,"damage_taken":0.0},{"event_name":"Big Fish","player_choice":"Donut","floor":13.0,"damage_taken":0.0}],"is_beta":true,"boss_relics":[{"not_picked":["Snecko Eye","Empty Cage"],"picked":"Nuclear Battery"}],"items_purged_floors":[],"is_endless":false,"potions_floor_spawned":[1,3,16],"killed_by":"3 Byrds","ascension_level":17}