{"gold_per_floor":[111,124,49,49,49,82,157,173,197,197,261,108,108,123,123,200,200,218,233,233,251,278,290,290],"floor_reached":24,"playtime":477,"items_purged":["Defend_R","Defend_R"],"score":442,"play_id":"a4e76c3f-0427-4b6f-ac6b-6c3dc0be87a3","local_time":"20190504121811","is_ascension_mode":true,"campfire_choices":[{"data":"Heavy Blade","floor":13.0,"key":"SMITH"},{"data":"Inflame","floor":15.0,"key":"SMITH"}],"neow_cost":"NONE","seed_source_timestamp":263598066326313,"circlet_count":0,"master_deck":["AscendersBane","Strike_R+1","Strike_R","Strike_R+1","Strike_R","Strike_R","Defend_R+1","Defend_R+1","Bash+1","Rampage+1","Inflame+1","Heavy Blade+1","Clash","Limit Break","Twin Strike","Parasite"],"special_seed":0,"relics":["Burning Blood","NeowsBlessing","War Paint","Whetstone","Centennial Puzzle","Cursed Key","MutagenicStrength","Juzu Bracelet"],"potions_floor_usage":[19,23,23],"damage_taken":[{"damage":0.0,"enemies":"Cultist","floor":1.0,"turns":1.0},{"damage":0.0,"enemies":"Small Slimes","floor":2.0,"turns":1.0},{"damage":0.0,"enemies":"Lagavulin","floor":6.0,"turns":1.0},{"damage":9.0,"enemies":"2 Louse","floor":8.0,"turns":2.0},{"damage":3.0,"enemies":"Looter","floor":14.0,"turns":2.0},{"damage":32.0,"enemies":"Slime Boss","floor":16.0,"turns":8.0},{"damage":6.0,"enemies":"2 Thieves","floor":18.0,"turns":3.0},{"damage":12,"enemies":"Chosen","floor":19,"turns":3},{"damage":11,"enemies":"Centurion and Healer","floor":21,"turns":4},{"damage":19,"enemies":"Cultist and Chosen","floor":23,"turns":5},{"damage":48,"enemies":"Snecko","floor":24,"turns":4}],"seed_played":"3762035333661963102","potions_obtained":[{"floor":8.0,"key":"Explosive Potion"},{"floor":14.0,"key":"FearPotion"},{"floor":16.0,"key":"Fire Potion"},{"floor":18.0,"key":"Dexterity Potion"},{"floor":19,"key":"Fire Potion"}],"is_trial":false,"path_per_floor":["M","M","$","?","?","E","?","M","T","?","?","$","R","M","R","B",null,"M","M","?","M","T","M","M"],"character_chosen":"IRONCLAD","items_purchased":["Clash"],"campfire_rested":0,"item_purchase_floors":[12],"current_hp_per_floor":[74,75,75,52,52,58,47,44,44,44,44,44,44,47,47,21,62,62,56,56,51,51,38,0],"gold":290,"neow_bonus":"THREE_ENEMY_KILL","is_prod":false,"is_daily":false,"chose_seed":false,"campfire_upgraded":2,"win_rate":0,"timestamp":1556965091,"path_taken":["M","M","$","?","?","E","?","M","T","?","?","$","R","M","R","BOSS","M","M","?","M","?","M","M"],"build_version":"2019-01-23","purchased_purges":2,"victory":false,"max_hp_per_floor":[75,75,75,75,75,75,75,75,75,75,75,75,75,75,75,75,75,75,75,75,75,75,75,75],"card_choices":[{"not_picked":["Headbutt","Pummel"],"picked":"Rampage","floor":1.0},{"not_picked":["Uppercut","Armaments"],"picked":"Inflame","floor":2.0},{"not_picked":["Impervious","Metallicize"],"picked":"Heavy Blade","floor":6.0},{"not_picked":["Carnage","Wild Strike","Anger"],"picked":"SKIP","floor":8.0},{"not_picked":["Burning Pact","Body Slam","Infernal Blade"],"picked":"SKIP","floor":14.0},{"not_picked":["Reaper","Exhume"],"picked":"Limit Break","floor":16.0},{"not_picked":["Warcry","Rampage","Sword Boomerang"],"picked":"SKIP","floor":18.0},{"not_picked":["Havoc","Perfected Strike"],"picked":"Twin Strike","floor":19},{"not_picked":["Havoc","Blood for Blood","Second Wind"],"picked":"SKIP","floor":21},{"not_picked":["Perfected Strike","Heavy Blade","Entrench"],"picked":"SKIP","floor":23}],"player_experience":856788,"relics_obtained":[{"floor":6.0,"key":"War Paint"},{"floor":9.0,"key":"Whetstone"},{"floor":22,"key":"Juzu Bracelet"}],"event_choices":[{"damage_healed":0.0,"max_hp_gain":0.0,"max_hp_loss":0.0,"gold_gain":0.0,"event_name":"Shining Light","player_choice":"Entered Light","floor":4.0,"gold_loss":0.0,"damage_taken":23.0,"cards_upgraded":["Rampage","Bash"]},{"damage_healed":0.0,"max_hp_gain":0.0,"max_hp_loss":0.0,"gold_gain":0.0,"event_name":"Golden Idol","player_choice":"Ignored","floor":5.0,"gold_loss":0.0,"damage_taken":0.0},{"damage_healed":0.0,"max_hp_gain":0.0,"max_hp_loss":0.0,"gold_gain":75.0,"event_name":"World of Goop","player_choice":"Gather Gold","floor":7.0,"gold_loss":0.0,"damage_taken":11.0},{"damage_healed":0.0,"max_hp_gain":0.0,"max_hp_loss":0.0,"gold_gain":0.0,"event_name":"Dead Adventurer","player_choice":"Searched \u00271\u0027 times","floor":10.0,"gold_loss":0.0,"damage_taken":0.0,"relics_obtained":["Centennial Puzzle"]},{"damage_healed":0.0,"max_hp_gain":0.0,"max_hp_loss":0.0,"gold_gain":64.0,"event_name":"Golden Wing","player_choice":"Gained Gold","floor":11.0,"gold_loss":0.0,"damage_taken":0.0},{"damage_healed":0,"gold_gain":0,"player_choice":"Inject Mutagens","damage_taken":0,"relics_obtained":["MutagenicStrength"],"max_hp_gain":0,"max_hp_loss":0,"event_name":"Drug Dealer","floor":20,"gold_loss":0}],"is_beta":false,"boss_relics":[{"not_picked":["Tiny House","Ectoplasm"],"picked":"Cursed Key"}],"items_purged_floors":[3,12],"is_endless":false,"potions_floor_spawned":[8,14,16,18,19],"killed_by":"Snecko","ascension_level":20}