{"gold_per_floor":[115,131,150,163,238,238,64,64,64,92,109,109,141,141,141,218,218,233,253,253,153,153,172,17,17,17,17,37,7,57,70,70,144,194,204,1203,412,412],"floor_reached":38,"playtime":817,"items_purged":["Defend_R","Defend_R","Defend_R","Normality"],"score":751,"play_id":"732e6559-123a-4d40-8009-237612b3eea9","local_time":"20181016131821","is_ascension_mode":true,"campfire_choices":[{"data":"Carnage","floor":6.0,"key":"SMITH"},{"data":"Uppercut","floor":8.0,"key":"SMITH"},{"floor":15.0,"key":"REST"},{"floor":27.0,"key":"REST"},{"floor":32.0,"key":"REST"}],"neow_cost":"NONE","seed_source_timestamp":5760915279496,"circlet_count":0,"master_deck":["Strike_R","Strike_R","Strike_R","Strike_R","Strike_R","Defend_R","Bash+1","AscendersBane","Cleave","Carnage+1","Spot Weakness","Twin Strike","Flex","Uppercut+1","Heavy Blade+1","Flex","Bludgeon","Twin Strike+1","Heavy Blade","Twin Strike","Flex","Normality"],"special_seed":0,"relics":["Burning Blood","Happy Flower","Gremlin Horn","Busted Crown","Nloth\u0027s Gift","Kunai","Tiny House","Matryoshka","Peace Pipe"],"potions_floor_usage":[38,38],"damage_taken":[{"damage":2.0,"enemies":"2 Louse","floor":1.0,"turns":3.0},{"damage":14.0,"enemies":"Jaw Worm","floor":2.0,"turns":4.0},{"damage":1.0,"enemies":"Cultist","floor":3.0,"turns":3.0},{"damage":8.0,"enemies":"3 Louse","floor":4.0,"turns":3.0},{"damage":25.0,"enemies":"Lagavulin","floor":10.0,"turns":4.0},{"damage":11.0,"enemies":"2 Fungi Beasts","floor":11.0,"turns":3.0},{"damage":10.0,"enemies":"3 Sentries","floor":13.0,"turns":3.0},{"damage":61.0,"enemies":"Hexaghost","floor":16.0,"turns":8.0},{"damage":12.0,"enemies":"Chosen","floor":18.0,"turns":4.0},{"damage":23.0,"enemies":"3 Byrds","floor":19.0,"turns":5.0},{"damage":24.0,"enemies":"Snake Plant","floor":23.0,"turns":3.0},{"damage":22.0,"enemies":"Shelled Parasite and Fungi","floor":28.0,"turns":2.0},{"damage":14.0,"enemies":"Centurion and Healer","floor":31.0,"turns":3.0},{"damage":98.0,"enemies":"Automaton","floor":33.0,"turns":8.0},{"damage":33.0,"enemies":"3 Shapes","floor":35.0,"turns":4.0},{"damage":52,"enemies":"3 Darklings","floor":38,"turns":5}],"seed_played":"6825565283880941817","potions_obtained":[{"floor":1.0,"key":"GamblersBrew"},{"floor":11.0,"key":"SpeedPotion"},{"floor":12.0,"key":"AttackPotion"},{"floor":12.0,"key":"FairyPotion"},{"floor":13.0,"key":"BloodPotion"},{"floor":33.0,"key":"Explosive Potion"},{"floor":34.0,"key":"FearPotion"}],"is_trial":false,"path_per_floor":["M","M","M","M","?","R","$","R","T","E","M","?","E","?","R","B",null,"M","M","?","$","?","M","$","$","T","R","M","$","?","M","R","B",null,"M","?","$"],"character_chosen":"IRONCLAD","items_purchased":["Flex","Uppercut","Twin Strike","Flex","Matryoshka","Peace Pipe"],"campfire_rested":3,"item_purchase_floors":[7,7,24,29,37,37],"current_hp_per_floor":[72,64,69,67,56,56,56,56,66,47,42,42,38,38,63,8,66,60,43,43,43,43,25,25,25,25,50,34,34,34,26,51,14,72,45,45,45,2],"gold":412,"neow_bonus":"UPGRADE_CARD","is_prod":false,"is_daily":false,"chose_seed":false,"campfire_upgraded":2,"win_rate":0,"timestamp":1539688701,"path_taken":["M","M","M","M","?","R","$","R","T","E","M","?","E","?","R","BOSS","M","M","?","$","?","?","?","$","T","R","M","$","?","M","R","BOSS","M","?","$","M"],"build_version":"2018-10-15v2","purchased_purges":4,"victory":false,"max_hp_per_floor":[75,75,75,75,75,75,75,75,85,85,85,85,85,85,85,85,85,85,85,85,85,85,85,85,85,85,85,85,85,85,85,85,85,90,90,90,90,90],"card_choices":[{"not_picked":["Feel No Pain","Iron Wave"],"picked":"Cleave","floor":1.0},{"not_picked":["Thunderclap","True Grit"],"picked":"Carnage","floor":2.0},{"not_picked":["Havoc","Pommel Strike"],"picked":"Spot Weakness","floor":3.0},{"not_picked":["Second Wind","Shockwave"],"picked":"Twin Strike","floor":4.0},{"not_picked":["Headbutt","Carnage"],"picked":"Heavy Blade","floor":10.0},{"not_picked":["Intimidate","Body Slam","Iron Wave"],"picked":"SKIP","floor":11.0},{"not_picked":["Thunderclap","Dual Wield"],"picked":"Flex","floor":13.0},{"not_picked":["Offering","Juggernaut"],"picked":"Bludgeon","floor":16.0},{"not_picked":[],"picked":"Twin Strike","floor":18.0},{"not_picked":[],"picked":"Heavy Blade","floor":19.0},{"not_picked":["Thunderclap"],"picked":"SKIP","floor":23.0},{"not_picked":["Iron Wave+1"],"picked":"SKIP","floor":28.0},{"not_picked":["Armaments+1"],"picked":"SKIP","floor":31.0},{"not_picked":["Intimidate"],"picked":"SKIP","floor":35.0}],"player_experience":688447,"relics_obtained":[{"floor":9.0,"key":"Pear"},{"floor":10.0,"key":"Happy Flower"},{"floor":13.0,"key":"Gremlin Horn"},{"floor":26.0,"key":"Kunai"}],"event_choices":[{"event_name":"World of Goop","player_choice":"Gather Gold","floor":5.0,"damage_taken":0.0},{"event_name":"The Lab","player_choice":"Got Potions","floor":12.0,"damage_taken":0.0},{"event_name":"Liars Game","player_choice":"disagreed","floor":14.0,"damage_taken":0.0},{"event_name":"Accursed Blacksmith","player_choice":"Forge","floor":20.0,"damage_taken":0.0},{"event_name":"N\u0027loth","player_choice":"Traded a Pear","floor":22.0,"damage_taken":0.0},{"event_name":"Nest","player_choice":"Stole From Cult","floor":30.0,"damage_taken":0.0},{"event_name":"MindBloom","player_choice":"Gold","floor":36.0,"damage_taken":0.0}],"is_beta":true,"boss_relics":[{"not_picked":["White Beast Statue","Orrery"],"picked":"Busted Crown"},{"not_picked":["Snecko Eye","Black Star"],"picked":"Tiny House"}],"items_purged_floors":[7,21,24,37],"is_endless":false,"potions_floor_spawned":[1,11,13,19,33],"killed_by":"3 Darklings","ascension_level":18}