{"gold_per_floor":[118,130,142,156,171,346,346,376,376,376,389,389],"floor_reached":12,"playtime":337,"items_purged":[],"score":82,"play_id":"5f16a8ae-5525-4e56-b8d9-ee57c4861115","local_time":"20190928231830","is_ascension_mode":false,"campfire_choices":[{"data":"Flex","floor":7.0,"key":"SMITH"},{"data":"Battle Trance","floor":10,"key":"SMITH"}],"neow_cost":"NONE","seed_source_timestamp":3811669448131,"circlet_count":0,"master_deck":["Strike_R","Strike_R","Strike_R","Strike_R","Strike_R","Defend_R","Defend_R","Defend_R","Defend_R","Bash","Flex+1","Doubt","Battle Trance+1","Cleave"],"special_seed":0,"relics":["Busted Crown","Akabeko","Bottled Lightning","Golden Idol"],"potions_floor_usage":[8],"damage_taken":[{"damage":0.0,"enemies":"Cultist","floor":1.0,"turns":3.0},{"damage":0.0,"enemies":"2 Louse","floor":2.0,"turns":2.0},{"damage":6.0,"enemies":"Jaw Worm","floor":3.0,"turns":2.0},{"damage":12.0,"enemies":"3 Louse","floor":4.0,"turns":3.0},{"damage":8.0,"enemies":"Red Slaver","floor":5.0,"turns":3.0},{"damage":27,"enemies":"3 Sentries","floor":8,"turns":11},{"damage":9,"enemies":"Exordium Thugs","floor":11,"turns":4}],"seed_played":"5456170401911839090","potions_obtained":[{"floor":1.0,"key":"Block Potion"},{"floor":3.0,"key":"ElixirPotion"},{"floor":4.0,"key":"EssenceOfSteel"},{"floor":11,"key":"Ancient Potion"}],"is_trial":false,"path_per_floor":["M","M","M","M","M","?","R","E","T","R","M","?"],"character_chosen":"IRONCLAD","items_purchased":[],"campfire_rested":0,"item_purchase_floors":[],"current_hp_per_floor":[80,80,74,62,54,54,54,27,27,27,18,0],"gold":389,"neow_bonus":"BOSS_RELIC","is_prod":false,"is_daily":false,"chose_seed":false,"campfire_upgraded":2,"win_rate":0,"timestamp":1569680310,"path_taken":["M","M","?","M","M","?","R","E","T","R","M","?"],"build_version":"2019-09-27","purchased_purges":0,"victory":false,"max_hp_per_floor":[80,80,80,80,80,80,80,80,80,80,80,80],"card_choices":[{"not_picked":["Metallicize"],"picked":"SKIP","floor":1.0},{"not_picked":[],"picked":"Flex","floor":2.0},{"not_picked":["Heavy Blade"],"picked":"SKIP","floor":3.0},{"not_picked":["Rupture"],"picked":"SKIP","floor":4.0},{"not_picked":["Rupture"],"picked":"SKIP","floor":5.0},{"not_picked":[],"picked":"Battle Trance","floor":8},{"not_picked":[],"picked":"Cleave","floor":11}],"player_experience":561239,"relics_obtained":[{"floor":8,"key":"Akabeko"},{"floor":9,"key":"Bottled Lightning"}],"event_choices":[{"damage_healed":0.0,"max_hp_gain":0.0,"max_hp_loss":0.0,"gold_gain":175.0,"event_name":"Liars Game","player_choice":"AGREE","floor":6.0,"gold_loss":0.0,"damage_taken":0.0,"cards_obtained":["Doubt"]}],"is_beta":true,"boss_relics":[],"items_purged_floors":[],"is_endless":false,"potions_floor_spawned":[1,3,4,11],"ascension_level":0}