{"gold_per_floor":[112,126,144,69,85,115,115,144,144,160,160,191,201,215,215,215],"floor_reached":16,"playtime":432,"items_purged":[],"score":217,"play_id":"e97af842-f098-4c0e-9488-e50004d3dedb","local_time":"20181001203609","is_ascension_mode":true,"campfire_choices":[{"data":"Whirlwind","floor":7.0,"key":"SMITH"},{"floor":11.0,"key":"REST"},{"data":"Flex","floor":15.0,"key":"SMITH"}],"neow_cost":"NONE","seed_source_timestamp":34231953815699,"circlet_count":0,"master_deck":["Strike_R","Strike_R","Strike_R","Strike_R","Strike_R","Defend_R","Defend_R","Defend_R","Bash","AscendersBane","Whirlwind+1","Infernal Blade","Heavy Blade","Carnage","Cleave","Immolate","Spot Weakness","Perfected Strike","Perfected Strike","Flex+1"],"special_seed":0,"relics":["Burning Blood","PreservedInsect","Potion Belt","Bottled Lightning","Bottled Flame","Blood Vial"],"potions_floor_usage":[16],"damage_taken":[{"damage":7.0,"enemies":"Small Slimes","floor":1.0,"turns":4.0},{"damage":16.0,"enemies":"Jaw Worm","floor":2.0,"turns":5.0},{"damage":6.0,"enemies":"Cultist","floor":3.0,"turns":4.0},{"damage":11.0,"enemies":"Exordium Thugs","floor":5.0,"turns":2.0},{"damage":25.0,"enemies":"Lagavulin","floor":6.0,"turns":6.0},{"damage":15.0,"enemies":"3 Sentries","floor":8.0,"turns":4.0},{"damage":9.0,"enemies":"2 Fungi Beasts","floor":10.0,"turns":2.0},{"damage":20.0,"enemies":"Lagavulin","floor":12.0,"turns":4.0},{"damage":0.0,"enemies":"3 Louse","floor":13.0,"turns":1.0},{"damage":0.0,"enemies":"Lots of Slimes","floor":14.0,"turns":1.0},{"damage":48,"enemies":"Hexaghost","floor":16,"turns":7}],"seed_played":"-4564644547089865046","potions_obtained":[{"floor":2.0,"key":"Strength Potion"},{"floor":3.0,"key":"Explosive Potion"},{"floor":6.0,"key":"SpeedPotion"},{"floor":12.0,"key":"SmokeBomb"},{"floor":13.0,"key":"BloodPotion"}],"is_trial":false,"path_per_floor":["M","M","M","?","M","E","R","E","T","M","R","E","M","M","R"],"character_chosen":"IRONCLAD","items_purchased":[],"campfire_rested":1,"item_purchase_floors":[],"current_hp_per_floor":[67,57,57,57,52,33,33,24,24,21,43,29,37,48,48,9],"gold":215,"neow_bonus":"RANDOM_COMMON_RELIC","is_prod":false,"is_daily":false,"chose_seed":false,"campfire_upgraded":2,"win_rate":0,"timestamp":1538418969,"path_taken":["M","M","M","?","M","E","R","E","T","M","R","E","M","M","R","BOSS"],"build_version":"2018-09-27","purchased_purges":0,"victory":false,"max_hp_per_floor":[75,75,75,75,75,75,75,75,75,75,75,75,75,78,78,78],"card_choices":[{"not_picked":["Wild Strike","Flame Barrier"],"picked":"Whirlwind","floor":1.0},{"not_picked":["True Grit","Power Through"],"picked":"Infernal Blade","floor":2.0},{"not_picked":["Wild Strike","Searing Blow"],"picked":"Heavy Blade","floor":3.0},{"not_picked":["Shrug It Off","Dual Wield"],"picked":"Carnage","floor":5.0},{"not_picked":["Exhume","Clothesline"],"picked":"Cleave","floor":6.0},{"not_picked":["Wild Strike","Rampage"],"picked":"Immolate","floor":8.0},{"not_picked":["Anger","True Grit"],"picked":"Spot Weakness","floor":10.0},{"not_picked":["Sentinel","Pommel Strike"],"picked":"Perfected Strike","floor":12.0},{"not_picked":["Metallicize","True Grit"],"picked":"Perfected Strike","floor":13.0},{"not_picked":["Anger","Spot Weakness"],"picked":"Flex","floor":14.0}],"player_experience":657295,"relics_obtained":[{"floor":6.0,"key":"Potion Belt"},{"floor":8.0,"key":"Bottled Lightning"},{"floor":9.0,"key":"Bottled Flame"},{"floor":12.0,"key":"Blood Vial"}],"event_choices":[{"event_name":"The Cleric","player_choice":"Card Removal","floor":4.0,"damage_taken":0.0}],"is_beta":true,"boss_relics":[],"items_purged_floors":[],"is_endless":false,"potions_floor_spawned":[2,3,6,12,13],"killed_by":"Hexaghost","ascension_level":15}