{"gold_per_floor":[114,114,130,144,69,69,95,95,95,121,121,121],"floor_reached":12,"playtime":257,"items_purged":["Defend_R"],"score":163,"play_id":"52db42ee-0699-422a-847f-7118a48a9703","local_time":"20181016150835","is_ascension_mode":true,"campfire_choices":[{"data":"Cleave","floor":6,"key":"SMITH"},{"floor":8,"key":"REST"}],"neow_cost":"","seed_source_timestamp":13024555222989,"circlet_count":0,"master_deck":["Strike_R","Strike_R","Strike_R","Strike_R","Strike_R","Defend_R","Defend_R","Bash","AscendersBane","Sword Boomerang","Cleave+1","Twin Strike","Clash+1"],"relics":["Burning Blood","Ancient Tea Set","Dream Catcher","Singing Bowl","Molten Egg 2"],"potions_floor_usage":[10],"damage_taken":[{"damage":8,"enemies":"2 Louse","floor":1,"turns":4},{"damage":14,"enemies":"Jaw Worm","floor":3,"turns":3},{"damage":4,"enemies":"Small Slimes","floor":4,"turns":3},{"damage":30,"enemies":"3 Sentries","floor":7,"turns":7},{"damage":35,"enemies":"Lagavulin","floor":10,"turns":7},{"damage":42,"enemies":"Gremlin Gang","floor":12,"turns":3}],"seed_played":"-1354878661132687684","potions_obtained":[{"floor":1,"key":"LiquidBronze"}],"is_trial":false,"path_per_floor":["M","?","M","M","$","R","E","R","T","E","?"],"character_chosen":"IRONCLAD","items_purchased":[],"campfire_rested":1,"item_purchase_floors":[],"current_hp_per_floor":[66,48,40,42,42,42,18,40,40,13,13,0],"gold":121,"neow_bonus":"","is_prod":false,"is_daily":false,"chose_seed":false,"campfire_upgraded":1,"win_rate":0,"timestamp":1539695315,"path_taken":["M","?","M","M","$","R","E","R","T","E","?","M"],"build_version":"2018-10-15v2","purchased_purges":1,"victory":false,"max_hp_per_floor":[75,75,75,75,75,75,75,75,75,77,77,77],"card_choices":[{"not_picked":["Feel No Pain","True Grit"],"picked":"Sword Boomerang","floor":1},{"not_picked":["Sword Boomerang","Clash"],"picked":"Cleave","floor":3},{"not_picked":["Iron Wave","Searing Blow"],"picked":"Twin Strike","floor":4},{"not_picked":["Combust","Sword Boomerang","Power Through"],"picked":"SKIP","floor":7},{"not_picked":["Evolve","True Grit","Blood for Blood"],"picked":"Singing Bowl","floor":10}],"player_experience":690087,"relics_obtained":[{"floor":7,"key":"Dream Catcher"},{"floor":9,"key":"Singing Bowl"},{"floor":10,"key":"Molten Egg 2"}],"event_choices":[{"event_name":"Scrap Ooze","player_choice":"success","floor":2,"damage_taken":18},{"event_name":"Transmorgrifier","player_choice":"Transform","floor":11,"damage_taken":0}],"is_beta":true,"boss_relics":[],"items_purged_floors":[5],"is_endless":false,"potions_floor_spawned":[1],"killed_by":"Gremlin Gang","ascension_level":18}