{"gold_per_floor":[111,36,36,36,36,36,65,76,76,91,110,134,134,152,152,152],"floor_reached":16,"playtime":629,"items_purged":["Defend_G"],"score":145,"play_id":"65a2c252-35d2-49c8-8eed-8c0aa63f33b9","local_time":"20191013002343","is_ascension_mode":true,"campfire_choices":[{"data":"Blade Dance","floor":6.0,"key":"SMITH"},{"floor":13.0,"key":"REST"},{"data":"Neutralize","floor":15.0,"key":"SMITH"}],"neow_cost":"NONE","seed_source_timestamp":8473614317022,"circlet_count":0,"master_deck":["Strike_G","Strike_G","Strike_G","Strike_G","Strike_G","Defend_G","Defend_G+1","Defend_G+1","Defend_G","Survivor","Neutralize+1","Blade Dance+1","Choke","Injury","Dash","Dagger Throw","Backflip","Blade Dance"],"special_seed":0,"relics":["Cursed Key","Blood Vial","Singing Bowl","Lantern","Odd Mushroom"],"potions_floor_usage":[16],"damage_taken":[{"damage":5.0,"enemies":"Cultist","floor":1.0,"turns":5.0},{"damage":32.0,"enemies":"Gremlin Nob","floor":7.0,"turns":5.0},{"damage":0.0,"enemies":"Jaw Worm","floor":8.0,"turns":4.0},{"damage":0.0,"enemies":"Small Slimes","floor":10.0,"turns":2.0},{"damage":2.0,"enemies":"Exordium Wildlife","floor":11.0,"turns":3.0},{"damage":0.0,"enemies":"The Mushroom Lair","floor":12.0,"turns":2.0},{"damage":0.0,"enemies":"Looter","floor":14.0,"turns":3.0},{"damage":41,"enemies":"Slime Boss","floor":16,"turns":8}],"seed_played":"7328469108138747857","potions_obtained":[{"floor":10.0,"key":"Explosive Potion"},{"floor":11.0,"key":"CunningPotion"},{"floor":12.0,"key":"Block Potion"}],"is_trial":false,"path_per_floor":["M","$","$","?","?","R","E","M","T","M","M","?","R","M","R","B"],"character_chosen":"THE_SILENT","items_purchased":[],"campfire_rested":1,"item_purchase_floors":[],"current_hp_per_floor":[58,58,58,46,32,32,4,6,6,8,8,10,31,33,33,0],"gold":152,"neow_bonus":"BOSS_RELIC","is_prod":false,"is_daily":false,"chose_seed":false,"campfire_upgraded":2,"win_rate":0,"timestamp":1570893823,"path_taken":["M","?","$","?","?","R","E","M","T","?","M","?","R","M","R","BOSS"],"build_version":"2019-10-11","purchased_purges":1,"victory":false,"max_hp_per_floor":[70,70,70,70,70,70,72,72,72,72,72,72,72,72,72,72],"card_choices":[{"not_picked":["Bane","Cloak And Dagger"],"picked":"Blade Dance","floor":1.0},{"not_picked":["Bullet Time","Distraction","Concentrate"],"picked":"Singing Bowl","floor":7.0},{"not_picked":["Catalyst","All Out Attack"],"picked":"Choke","floor":8.0},{"not_picked":["PiercingWail","Calculated Gamble"],"picked":"Dash","floor":10.0},{"not_picked":["Bane","Masterful Stab"],"picked":"Dagger Throw","floor":11.0},{"not_picked":["Outmaneuver","Sucker Punch"],"picked":"Backflip","floor":12.0},{"not_picked":["Expertise","Setup"],"picked":"Blade Dance","floor":14.0}],"player_experience":590495,"relics_obtained":[{"floor":7.0,"key":"Singing Bowl"},{"floor":9.0,"key":"Lantern"},{"floor":12.0,"key":"Odd Mushroom"}],"event_choices":[{"damage_healed":0.0,"max_hp_gain":0.0,"max_hp_loss":0.0,"gold_gain":0.0,"event_name":"Scrap Ooze","player_choice":"Success","floor":4.0,"gold_loss":0.0,"damage_taken":12.0,"relics_obtained":["Blood Vial"]},{"damage_healed":0.0,"max_hp_gain":0.0,"max_hp_loss":0.0,"gold_gain":0.0,"event_name":"Shining Light","player_choice":"Entered Light","floor":5.0,"gold_loss":0.0,"damage_taken":14.0,"cards_upgraded":["Defend_G","Defend_G"]},{"damage_healed":0.0,"max_hp_gain":0.0,"max_hp_loss":0.0,"gold_gain":0.0,"event_name":"Mushrooms","player_choice":"Fought Mushrooms","floor":12.0,"gold_loss":0.0,"damage_taken":0.0}],"is_beta":true,"boss_relics":[],"items_purged_floors":[2],"is_endless":false,"potions_floor_spawned":[10,11,12],"killed_by":"Slime Boss","ascension_level":9}