{"gold_per_floor":[99,99,99,99,99,99,99,99,99,99],"floor_reached":10,"playtime":304,"items_purged":[],"score":88,"play_id":"33e4ab56-9bf9-4dd0-b441-c416205ec098","local_time":"20191007012058","is_ascension_mode":true,"campfire_choices":[{"data":"Eruption","floor":7,"key":"SMITH"}],"neow_cost":"NONE","seed_source_timestamp":2197548431831,"circlet_count":0,"master_deck":["Strike_P","Strike_P","Strike_P","Strike_P","Defend_P","Defend_P","Defend_P","Defend_P","Eruption+1","Vigilance","FlyingSleeves","ConjureBlade","Consecrate","Decay"],"relics":["Ectoplasm","Oddly Smooth Stone","Strawberry"],"potions_floor_usage":[6],"damage_taken":[{"damage":0,"enemies":"Small Slimes","floor":1,"turns":2},{"damage":0,"enemies":"Cultist","floor":2,"turns":2},{"damage":0,"enemies":"Jaw Worm","floor":3,"turns":2},{"damage":16,"enemies":"Lots of Slimes","floor":5,"turns":3},{"damage":20,"enemies":"3 Sentries","floor":6,"turns":4},{"damage":70,"enemies":"Gremlin Nob","floor":10,"turns":3}],"seed_played":"4441569292301109958","potions_obtained":[{"floor":2,"key":"PowerPotion"},{"floor":5,"key":"Swift Potion"}],"is_trial":false,"path_per_floor":["M","M","M","?","M","E","R","?","T","E"],"character_chosen":"WATCHER","items_purchased":[],"campfire_rested":0,"item_purchase_floors":[],"current_hp_per_floor":[65,65,65,65,49,29,29,29,36,0],"gold":99,"neow_bonus":"BOSS_RELIC","is_prod":false,"is_daily":false,"chose_seed":false,"campfire_upgraded":1,"win_rate":0,"timestamp":1570378858,"path_taken":["M","M","M","?","?","E","R","?","T","E"],"build_version":"2019-10-04","purchased_purges":0,"victory":false,"max_hp_per_floor":[72,72,72,72,72,72,72,72,79,79],"card_choices":[{"not_picked":["ClearTheMind","CrushJoints"],"picked":"FlyingSleeves","floor":1},{"not_picked":["ClearTheMind","Vengeance","Prostrate"],"picked":"SKIP","floor":2},{"not_picked":["WreathOfFlame","Sanctity"],"picked":"ConjureBlade","floor":3},{"not_picked":["Worship","Prostrate","ForeignInfluence"],"picked":"SKIP","floor":5},{"not_picked":["Tantrum","Swivel"],"picked":"Consecrate","floor":6}],"player_experience":579236,"relics_obtained":[{"floor":6,"key":"Oddly Smooth Stone"},{"floor":9,"key":"Strawberry"}],"event_choices":[{"damage_healed":0,"gold_gain":0,"player_choice":"Bought 0 Potions","damage_taken":0,"max_hp_gain":0,"max_hp_loss":0,"event_name":"The Woman in Blue","floor":4,"gold_loss":0},{"damage_healed":0,"gold_gain":0,"player_choice":"Cursed","damage_taken":0,"max_hp_gain":0,"max_hp_loss":0,"event_name":"Wheel of Change","floor":8,"gold_loss":0,"cards_obtained":["Decay"]}],"is_beta":true,"boss_relics":[],"items_purged_floors":[],"is_endless":false,"potions_floor_spawned":[2,5],"killed_by":"Gremlin Nob","ascension_level":6}