{"gold_per_floor":[112,180,105,105,116,145,158,184,239,255,255,92,126,201,201,201],"floor_reached":16,"playtime":445,"items_purged":["Strike_G"],"score":279,"play_id":"6cbbf1b2-b7fd-43fb-b400-3a4bc65d8b64","local_time":"20181031180930","is_ascension_mode":true,"campfire_choices":[{"data":"Footwork","floor":11,"key":"SMITH"},{"floor":15,"key":"REST"}],"neow_cost":"NONE","seed_source_timestamp":288434716159804,"circlet_count":0,"master_deck":["Defend_G","Defend_G","Defend_G+1","Defend_G","Defend_G","Strike_G","Strike_G","Survivor","Neutralize","AscendersBane","Backstab","Storm of Steel","Deadly Poison","Deadly Poison","Footwork+1","Dodge and Roll+1","Leg Sweep"],"relics":["Ring of the Snake","NeowsBlessing","Pen Nib","War Paint","Tiny Chest","Unceasing Top"],"potions_floor_usage":[],"damage_taken":[{"damage":0,"enemies":"Cultist","floor":1,"turns":1},{"damage":0,"enemies":"Jaw Worm","floor":5,"turns":1},{"damage":0,"enemies":"3 Sentries","floor":6,"turns":2},{"damage":0,"enemies":"Small Slimes","floor":7,"turns":2},{"damage":16,"enemies":"Lagavulin","floor":8,"turns":7},{"damage":2,"enemies":"Blue Slaver","floor":10,"turns":4},{"damage":17,"enemies":"3 Sentries","floor":13,"turns":18},{"damage":18,"enemies":"Slime Boss","floor":16,"turns":7}],"seed_played":"-7534069328915572748","potions_obtained":[{"floor":1,"key":"EssenceOfSteel"},{"floor":5,"key":"Dexterity Potion"}],"is_trial":false,"path_per_floor":["M","?","?","?","M","E","M","E","T","M","R","$","E","?","R","B"],"character_chosen":"THE_SILENT","items_purchased":["Leg Sweep"],"campfire_rested":1,"item_purchase_floors":[12],"current_hp_per_floor":[59,59,59,59,59,59,59,43,43,41,41,41,24,13,32,14],"gold":201,"neow_bonus":"THREE_ENEMY_KILL","is_prod":false,"is_daily":false,"chose_seed":false,"campfire_upgraded":1,"win_rate":0,"timestamp":1541005770,"path_taken":["M","?","?","?","?","E","M","E","T","M","R","$","E","?","R","BOSS"],"build_version":"2018-10-30","purchased_purges":1,"victory":false,"max_hp_per_floor":[66,66,66,66,66,66,66,66,66,66,66,66,66,66,66,66],"card_choices":[{"not_picked":["Finisher","Concentrate"],"picked":"Backstab","floor":1},{"not_picked":["Prepared","Slice"],"picked":"Deadly Poison","floor":5},{"not_picked":["Setup","Reflex"],"picked":"Deadly Poison","floor":6},{"not_picked":["Poisoned Stab","Backstab"],"picked":"Footwork","floor":7},{"not_picked":["Poisoned Stab","Setup"],"picked":"Dodge and Roll","floor":8},{"not_picked":["Terror","Sucker Punch","Outmaneuver"],"picked":"SKIP","floor":10},{"not_picked":["Setup","Caltrops","Doppelganger"],"picked":"SKIP","floor":13}],"player_experience":731700,"relics_obtained":[{"floor":6,"key":"Pen Nib"},{"floor":8,"key":"War Paint"},{"floor":9,"key":"Tiny Chest"},{"floor":13,"key":"Unceasing Top"}],"event_choices":[{"damage_healed":0,"gold_gain":68,"player_choice":"Gained Gold","damage_taken":0,"max_hp_gain":0,"max_hp_loss":0,"event_name":"Golden Wing","floor":2,"gold_loss":0},{"cards_removed":["Strike_G"],"damage_healed":0,"gold_gain":0,"player_choice":"Card Removal","damage_taken":0,"max_hp_gain":0,"max_hp_loss":0,"event_name":"The Cleric","floor":3,"gold_loss":75},{"damage_healed":0,"gold_gain":0,"cards_transformed":["Strike_G"],"player_choice":"Transformed","damage_taken":0,"max_hp_gain":0,"max_hp_loss":0,"event_name":"Transmorgrifier","floor":4,"gold_loss":0,"cards_obtained":["Storm of Steel"]},{"damage_healed":0,"gold_gain":75,"player_choice":"Gather Gold","damage_taken":11,"max_hp_gain":0,"max_hp_loss":0,"event_name":"World of Goop","floor":14,"gold_loss":0}],"is_beta":true,"boss_relics":[],"items_purged_floors":[12],"is_endless":false,"potions_floor_spawned":[1,5],"killed_by":"Slime Boss","ascension_level":19}