{"gold_per_floor":[19,39,49,61,136,170,170,230,257,314,325,325,344,364,364,464,464,483,501,501,501,520,547,547],"floor_reached":24,"playtime":1682,"items_purged":[],"score":253,"play_id":"b25f7eb5-36a2-4cf8-9456-5a23117bb2fb","local_time":"20180719232142","is_ascension_mode":true,"campfire_choices":[{"floor":7.0,"key":"REST"},{"floor":12.0,"key":"REST"},{"data":"Hologram","floor":15.0,"key":"SMITH"}],"neow_cost":"NO_GOLD","seed_source_timestamp":0,"circlet_count":0,"master_deck":["Zap","Dualcast","Rebound+1","Coolheaded","Conserve Battery","Beam Cell+1","Skim","Gash","Conserve Battery","Hologram+1","All For One","Gash","Capacitor","Coolheaded","Lockon","Redo","Compile Driver","Turbo","Recycle+1","Madness"],"special_seed":0,"relics":["Cracked Core","Art of War","Tiny Chest","Whetstone","Pandora\u0027s Box","Boot"],"potions_floor_usage":[],"damage_taken":[{"damage":2.0,"enemies":"Jaw Worm","floor":1.0,"turns":4.0},{"damage":1.0,"enemies":"2 Louse","floor":2.0,"turns":3.0},{"damage":3.0,"enemies":"Small Slimes","floor":3.0,"turns":2.0},{"damage":11.0,"enemies":"3 Louse","floor":4.0,"turns":3.0},{"damage":32.0,"enemies":"Gremlin Nob","floor":6.0,"turns":5.0},{"damage":28.0,"enemies":"Lagavulin","floor":8.0,"turns":6.0},{"damage":2.0,"enemies":"Gremlin Gang","floor":11.0,"turns":4.0},{"damage":2.0,"enemies":"Red Slaver","floor":13.0,"turns":2.0},{"damage":5.0,"enemies":"2 Fungi Beasts","floor":14.0,"turns":4.0},{"damage":15.0,"enemies":"Hexaghost","floor":16.0,"turns":10.0},{"damage":22.0,"enemies":"2 Thieves","floor":18.0,"turns":4.0},{"damage":0.0,"enemies":"Chosen","floor":19.0,"turns":4.0},{"damage":18.0,"enemies":"Snake Plant","floor":22.0,"turns":4.0},{"damage":29.0,"enemies":"Book of Stabbing","floor":23.0,"turns":4.0},{"damage":1,"enemies":"3 Cultists","floor":24,"turns":3}],"seed_played":"5801537731958685233","potions_obtained":[{"floor":1.0,"key":"EssenceOfSteel"},{"floor":3.0,"key":"Poison Potion"},{"floor":6.0,"key":"FearPotion"},{"floor":11.0,"key":"Weak Potion"},{"floor":19.0,"key":"Weak Potion"},{"floor":23.0,"key":"Ancient Potion"}],"is_trial":false,"path_per_floor":["M","M","M","M","?","E","R","E","T","?","M","R","M","M","R","B",null,"M","M","?","?","M","E"],"character_chosen":"DEFECT","items_purchased":[],"campfire_rested":2,"item_purchase_floors":[],"current_hp_per_floor":[73,72,69,58,47,15,37,9,9,9,7,29,27,22,22,7,75,53,53,53,53,35,6,5],"gold":547,"neow_bonus":"REMOVE_TWO","is_prod":false,"is_daily":false,"chose_seed":false,"campfire_upgraded":1,"win_rate":0,"timestamp":1532013702,"path_taken":["M","M","M","M","?","E","R","E","T","?","M","R","M","?","R","BOSS","M","M","?","?","M","E","M"],"build_version":"2018-07-12","purchased_purges":0,"victory":false,"max_hp_per_floor":[75,75,75,75,75,75,75,75,75,75,75,75,75,75,75,75,75,75,75,75,75,75,75,75],"card_choices":[{"not_picked":["Undo","Barrage","Go for the Eyes"],"picked":"SKIP","floor":1.0},{"not_picked":["Go for the Eyes","Static Discharge"],"picked":"Rebound","floor":2.0},{"not_picked":["Hologram","Go for the Eyes"],"picked":"Coolheaded","floor":3.0},{"not_picked":["Streamline","Auto Shields"],"picked":"Conserve Battery","floor":4.0},{"not_picked":["Melter","Stack"],"picked":"Beam Cell","floor":6.0},{"not_picked":["Meteor Strike","Reprogram"],"picked":"Skim","floor":8.0},{"not_picked":["Steam","Loop"],"picked":"Gash","floor":11.0},{"not_picked":["Barrage","Streamline"],"picked":"Conserve Battery","floor":13.0},{"not_picked":["Coolheaded","Static Discharge"],"picked":"Hologram","floor":14.0},{"not_picked":["Seek","Amplify"],"picked":"All For One","floor":16.0},{"not_picked":["Doom and Gloom","Sunder"],"picked":"Turbo","floor":18.0},{"not_picked":["Rebound+1","Skim"],"picked":"Recycle+1","floor":19.0},{"not_picked":["Darkness","Rebound","Streamline"],"picked":"SKIP","floor":22.0},{"not_picked":["Beam Cell","Redo","Static Discharge"],"picked":"SKIP","floor":23.0}],"player_experience":158065,"relics_obtained":[{"floor":6.0,"key":"Art of War"},{"floor":8.0,"key":"Tiny Chest"},{"floor":9.0,"key":"Whetstone"},{"floor":23.0,"key":"Boot"}],"event_choices":[{"event_name":"World of Goop","player_choice":"Gather Gold","floor":5.0,"damage_taken":0.0},{"event_name":"Golden Wing","player_choice":"Gained Gold","floor":10.0,"damage_taken":0.0},{"event_name":"Ghosts","player_choice":"Ignored","floor":20.0,"damage_taken":0.0},{"event_name":"Match and Keep!","player_choice":"1 cards matched","floor":21.0,"damage_taken":0.0}],"boss_relics":[{"not_picked":["FrozenCore","Runic Dome"],"picked":"Pandora\u0027s Box"}],"items_purged_floors":[],"is_endless":false,"potions_floor_spawned":[1,3,6,11,19,23],"killed_by":"3 Cultists","ascension_level":2}