{"gold_per_floor":[119,130,130,143,164,202,225,256,256,272,272,272,295,315,315,444,444,459,483,483],"floor_reached":20,"playtime":1144,"items_purged":[],"score":190,"play_id":"5b02cbbe-68df-43be-89e8-8e188bfea53c","local_time":"20190922021122","is_ascension_mode":false,"campfire_choices":[{"floor":12.0,"key":"REST"},{"data":"Eruption","floor":15.0,"key":"SMITH"}],"neow_cost":"NONE","seed_source_timestamp":43593284581467,"circlet_count":0,"master_deck":["Strike_P","Strike_P","Strike_P","Strike_P","Defend_P","Defend_P","Defend_P","Defend_P","Eruption+1","Vigilance","MentalFortress","BowlingBash","FollowUp","SashWhip","Alpha","JustLucky","FlurryOfBlows","EmptyBody+1","Prostrate+1","Prostrate+1","ReachHeaven+1","Halt+1","FlowState+1"],"special_seed":0,"relics":["Cursed Key","Golden Idol","Strawberry","Toxic Egg 2","Molten Egg 2","VioletLotus"],"potions_floor_usage":[20],"damage_taken":[{"damage":0.0,"enemies":"2 Louse","floor":1.0,"turns":2.0},{"damage":2.0,"enemies":"Jaw Worm","floor":2.0,"turns":4.0},{"damage":0.0,"enemies":"Cultist","floor":4.0,"turns":3.0},{"damage":5.0,"enemies":"Looter","floor":5.0,"turns":2.0},{"damage":6.0,"enemies":"3 Sentries","floor":6.0,"turns":7.0},{"damage":0.0,"enemies":"2 Fungi Beasts","floor":7.0,"turns":2.0},{"damage":16.0,"enemies":"Gremlin Nob","floor":8.0,"turns":3.0},{"damage":13.0,"enemies":"Exordium Thugs","floor":10.0,"turns":3.0},{"damage":0.0,"enemies":"Exordium Wildlife","floor":13.0,"turns":3.0},{"damage":6.0,"enemies":"3 Louse","floor":14.0,"turns":3.0},{"damage":19.0,"enemies":"Slime Boss","floor":16.0,"turns":7.0},{"damage":6.0,"enemies":"Chosen","floor":18.0,"turns":5.0},{"damage":29.0,"enemies":"Spheric Guardian","floor":19.0,"turns":6.0},{"damage":36,"enemies":"Chosen and Byrds","floor":20,"turns":9}],"seed_played":"6484965502482701246","potions_obtained":[{"floor":1.0,"key":"Regen Potion"},{"floor":5.0,"key":"Explosive Potion"},{"floor":6.0,"key":"Fire Potion"},{"floor":14.0,"key":"StancePotion"},{"floor":16.0,"key":"Swift Potion"}],"is_trial":false,"path_per_floor":["M","M","?","M","M","E","M","E","T","M","?","R","M","M","R","B",null,"M","M","M"],"character_chosen":"WATCHER","items_purchased":[],"campfire_rested":1,"item_purchase_floors":[],"current_hp_per_floor":[65,63,47,47,42,43,43,27,27,14,14,35,35,29,29,10,72,66,37,1],"gold":483,"neow_bonus":"BOSS_RELIC","is_prod":false,"is_daily":false,"chose_seed":false,"campfire_upgraded":1,"win_rate":0.0,"timestamp":1569085882,"path_taken":["M","M","?","M","M","E","M","E","T","M","?","R","M","M","R","BOSS","M","?","M"],"build_version":"2019-09-20","purchased_purges":0,"victory":false,"max_hp_per_floor":[65,65,65,65,65,72,72,72,72,72,72,72,72,72,72,72,72,72,72,72],"card_choices":[{"not_picked":["EmptyFist","FearNoEvil"],"picked":"MentalFortress","floor":1.0},{"not_picked":["Devotion","SandsOfTime"],"picked":"BowlingBash","floor":2.0},{"not_picked":["Protect","CrushJoints"],"picked":"FollowUp","floor":4.0},{"not_picked":["Consecrate","CutThroughFate"],"picked":"SashWhip","floor":5.0},{"not_picked":["Evaluate","Weave"],"picked":"Alpha","floor":6.0},{"not_picked":["Crescendo","Scrawl"],"picked":"JustLucky","floor":7.0},{"not_picked":["SpiritShield","FlyingSleeves"],"picked":"FlurryOfBlows","floor":8.0},{"not_picked":["Prostrate+1","Protect+1"],"picked":"EmptyBody+1","floor":10.0},{"not_picked":["Worship+1","Devotion"],"picked":"Prostrate+1","floor":13.0},{"not_picked":["CutThroughFate+1","Conclude+1"],"picked":"Prostrate+1","floor":14.0},{"not_picked":["Vault+1","DevaForm"],"picked":"ReachHeaven+1","floor":16.0},{"not_picked":["Crescendo+1","Consecrate+1"],"picked":"Halt+1","floor":18.0},{"not_picked":["BattleHymn","Crescendo+1"],"picked":"FlowState+1","floor":19.0}],"player_experience":510349,"relics_obtained":[{"floor":6.0,"key":"Strawberry"},{"floor":8.0,"key":"Toxic Egg 2"},{"floor":9.0,"key":"Molten Egg 2"}],"event_choices":[{"damage_healed":0.0,"max_hp_gain":0.0,"max_hp_loss":0.0,"gold_gain":0.0,"event_name":"Golden Idol","player_choice":"Take Damage","floor":3.0,"gold_loss":0.0,"damage_taken":16.0,"relics_obtained":["Golden Idol"]},{"cards_removed":["Doubt"],"damage_healed":0.0,"max_hp_gain":0.0,"max_hp_loss":0.0,"gold_gain":0.0,"event_name":"Purifier","player_choice":"Purged","floor":11.0,"gold_loss":0.0,"damage_taken":0.0}],"is_beta":true,"boss_relics":[{"not_picked":["Sozu","Snecko Eye"],"picked":"VioletLotus"}],"items_purged_floors":[],"is_endless":false,"potions_floor_spawned":[1,5,6,14,16],"killed_by":"Chosen and Byrds","ascension_level":0}