{"gold_per_floor":[118,131,131,149,163,163,174,174,174,199,212,212,137,151,151,256,256,274,49,65,82,95,95,112,112,139,152,152,152],"floor_reached":29,"playtime":1807,"items_purged":["Strike_B","Strike_B"],"score":298,"play_id":"d144db7c-4da7-47b1-9ef7-e0e1d55791c0","local_time":"20181111234034","is_ascension_mode":true,"campfire_choices":[{"data":"Zap","floor":6,"key":"SMITH"},{"data":"Zap","floor":8,"key":"SMITH"},{"data":"Chill","floor":12,"key":"SMITH"},{"data":"Coolheaded","floor":15,"key":"SMITH"},{"data":"Creative AI","floor":23,"key":"SMITH"},{"floor":25,"key":"REST"},{"data":"Recycle","floor":28,"key":"SMITH"}],"neow_cost":"NONE","seed_source_timestamp":41310344233189,"circlet_count":0,"master_deck":["Strike_B","Strike_B","Defend_B","Defend_B","Defend_B","Defend_B","Zap+1","Dualcast","Impatience","BootSequence","Sweeping Beam","Zap+1","Chill+1","Coolheaded+1","Go for the Eyes","Rebound","Capacitor","Creative AI+1","Glacier","Undo","Coolheaded","Recycle+1"],"relics":["Cracked Core","Mercury Hourglass","Odd Mushroom","Runic Dome","Tiny Chest","Happy Flower"],"potions_floor_usage":[14,16,18,29,29],"damage_taken":[{"damage":0,"enemies":"Cultist","floor":1,"turns":4},{"damage":0,"enemies":"2 Louse","floor":2,"turns":2},{"damage":0,"enemies":"Jaw Worm","floor":4,"turns":3},{"damage":0,"enemies":"Exordium Wildlife","floor":5,"turns":5},{"damage":0,"enemies":"Looter","floor":7,"turns":3},{"damage":0,"enemies":"The Mushroom Lair","floor":10,"turns":3},{"damage":0,"enemies":"2 Fungi Beasts","floor":11,"turns":3},{"damage":0,"enemies":"Large Slime","floor":14,"turns":3},{"damage":22,"enemies":"The Guardian","floor":16,"turns":10},{"damage":3,"enemies":"3 Byrds","floor":18,"turns":4},{"damage":5,"enemies":"2 Thieves","floor":20,"turns":4},{"damage":6,"enemies":"Shelled Parasite and Fungi","floor":21,"turns":5},{"damage":35,"enemies":"Snake Plant","floor":22,"turns":6},{"damage":14,"enemies":"Snecko","floor":24,"turns":7},{"damage":15,"enemies":"Centurion and Healer","floor":27,"turns":10},{"damage":12,"enemies":"Masked Bandits","floor":29,"turns":3}],"seed_played":"307197298373373953","potions_obtained":[{"floor":4,"key":"SkillPotion"},{"floor":5,"key":"SteroidPotion"},{"floor":10,"key":"Fire Potion"},{"floor":11,"key":"Fire Potion"},{"floor":14,"key":"LiquidBronze"},{"floor":18,"key":"FocusPotion"},{"floor":27,"key":"Strength Potion"}],"is_trial":false,"path_per_floor":["M","M","?","M","M","R","M","R","T","?","M","R","$","M","R","B",null,"M","$","M","M","M","R","M","R","T","M","R","?"],"character_chosen":"DEFECT","items_purchased":["Tiny Chest"],"campfire_rested":1,"item_purchase_floors":[19],"current_hp_per_floor":[68,68,68,68,68,68,68,68,68,68,68,68,68,68,68,46,68,65,65,60,54,19,19,5,27,27,12,12,0],"gold":152,"neow_bonus":"RANDOM_COLORLESS","is_prod":false,"is_daily":false,"chose_seed":false,"campfire_upgraded":6,"win_rate":0,"timestamp":1541950834,"path_taken":["M","?","?","?","M","R","M","R","T","?","M","R","?","M","R","BOSS","M","$","M","M","M","R","M","R","T","M","R","?"],"build_version":"2018-11-08","purchased_purges":2,"victory":false,"max_hp_per_floor":[75,75,75,75,75,75,75,75,75,75,75,75,75,75,75,75,75,75,75,75,75,75,75,75,75,75,75,75,75],"card_choices":[{"not_picked":["Rebound","Turbo"],"picked":"BootSequence","floor":1},{"not_picked":["Barrage","Skim","Rip and Tear"],"picked":"SKIP","floor":2},{"not_picked":["Consume","Turbo"],"picked":"Chill","floor":4},{"not_picked":["Chill","Leap"],"picked":"Coolheaded","floor":5},{"not_picked":["Echo Form","Gash"],"picked":"Go for the Eyes","floor":7},{"not_picked":["Conserve Battery","Turbo"],"picked":"Rebound","floor":10},{"not_picked":["Compile Driver","Rebound"],"picked":"Capacitor","floor":11},{"not_picked":["Rebound","Aggregate","Storm"],"picked":"SKIP","floor":14},{"not_picked":["Core Surge","All For One"],"picked":"Creative AI","floor":16},{"not_picked":["Skim","Redo+1"],"picked":"Glacier","floor":18},{"not_picked":["Turbo","Steam Power"],"picked":"Undo","floor":20},{"not_picked":["Streamline+1","Melter","Steam Power"],"picked":"SKIP","floor":21},{"not_picked":["Sweeping Beam","Steam","Rebound"],"picked":"SKIP","floor":22},{"not_picked":["Gash","Capacitor+1"],"picked":"Coolheaded","floor":24},{"not_picked":["Cold Snap","Redo"],"picked":"Recycle","floor":27}],"player_experience":416048,"relics_obtained":[{"floor":9,"key":"Mercury Hourglass"},{"floor":10,"key":"Odd Mushroom"},{"floor":26,"key":"Happy Flower"}],"event_choices":[{"damage_healed":0,"gold_gain":0,"player_choice":"2 cards matched","damage_taken":0,"max_hp_gain":0,"max_hp_loss":0,"event_name":"Match and Keep!","floor":3,"gold_loss":0,"cards_obtained":["Sweeping Beam","Zap"]},{"damage_healed":0,"gold_gain":0,"player_choice":"Fought Mushrooms","damage_taken":0,"max_hp_gain":0,"max_hp_loss":0,"event_name":"Mushrooms","floor":10,"gold_loss":0},{"damage_healed":0,"gold_gain":0,"player_choice":"Fought Bandits","damage_taken":0,"max_hp_gain":0,"max_hp_loss":0,"event_name":"Masked Bandits","floor":29,"gold_loss":0}],"is_beta":false,"boss_relics":[{"not_picked":["Inserter","Runic Pyramid"],"picked":"Runic Dome"}],"items_purged_floors":[13,19],"is_endless":false,"potions_floor_spawned":[4,5,10,11,14,18,27],"killed_by":"Masked Bandits","ascension_level":7}