{"gold_per_floor":[110,185,110,110,121,147,164,164,191,191,42,55,55,68,68,144,144,161,17,37,56,71,71,105,105],"floor_reached":25,"playtime":658,"items_purged":["Strike_G"],"score":496,"play_id":"bf170cf0-8afe-44cd-a6dc-2ead78ba8e71","local_time":"20190416130017","is_ascension_mode":true,"campfire_choices":[{"data":"Poisoned Stab","floor":8.0,"key":"SMITH"},{"data":"Defend_G","floor":10.0,"key":"SMITH"},{"data":"Crippling Poison","floor":15.0,"key":"SMITH"},{"data":"Noxious Fumes","floor":23,"key":"SMITH"}],"neow_cost":"NONE","seed_source_timestamp":7806062369444,"circlet_count":0,"master_deck":["AscendersBane","Defend_G","Defend_G+1","Defend_G+1","Defend_G","Defend_G+1","Strike_G","Strike_G","Strike_G","Survivor","Neutralize","Catalyst+1","Poisoned Stab+1","Crippling Poison+1","A Thousand Cuts","Tools of the Trade","Noxious Fumes+1","Dodge and Roll","Dodge and Roll"],"special_seed":0,"relics":["Ring of the Snake","NeowsBlessing","Oddly Smooth Stone","War Paint","White Beast Statue","Bag of Preparation"],"potions_floor_usage":[20,21,22,22,24],"damage_taken":[{"damage":0.0,"enemies":"Cultist","floor":1.0,"turns":1.0},{"damage":0.0,"enemies":"Small Slimes","floor":5.0,"turns":2.0},{"damage":0.0,"enemies":"Gremlin Nob","floor":6.0,"turns":1.0},{"damage":0.0,"enemies":"2 Louse","floor":7.0,"turns":3.0},{"damage":2.0,"enemies":"Looter","floor":12.0,"turns":3.0},{"damage":7.0,"enemies":"Blue Slaver","floor":14.0,"turns":3.0},{"damage":29.0,"enemies":"The Guardian","floor":16.0,"turns":8.0},{"damage":4.0,"enemies":"3 Byrds","floor":18.0,"turns":5.0},{"damage":7,"enemies":"2 Thieves","floor":20,"turns":4},{"damage":6,"enemies":"Centurion and Healer","floor":21,"turns":7},{"damage":4,"enemies":"Shelled Parasite and Fungi","floor":22,"turns":4},{"damage":28,"enemies":"Book of Stabbing","floor":24,"turns":6},{"damage":7,"enemies":"Snecko","floor":25,"turns":3}],"seed_played":"-7015086730357059628","potions_obtained":[{"floor":1.0,"key":"LiquidBronze"},{"floor":7.0,"key":"AttackPotion"},{"floor":12.0,"key":"Weak Potion"},{"floor":18.0,"key":"Block Potion"},{"floor":20,"key":"PowerPotion"},{"floor":21,"key":"SpeedPotion"},{"floor":22,"key":"Poison Potion"},{"floor":24,"key":"Fire Potion"}],"is_trial":false,"path_per_floor":["M","?","?","?","M","E","M","R","T","R","$","M","$","M","R","B",null,"M","$","M","M","M","R","E","M"],"character_chosen":"THE_SILENT","items_purchased":["Crippling Poison","Noxious Fumes","Dodge and Roll"],"campfire_rested":0,"item_purchase_floors":[11,19,19],"current_hp_per_floor":[59,48,48,48,48,48,48,48,48,48,48,46,46,39,39,10,52,48,48,41,35,31,31,3,0],"gold":105,"neow_bonus":"THREE_ENEMY_KILL","is_prod":false,"is_daily":false,"chose_seed":false,"campfire_upgraded":4,"win_rate":0,"timestamp":1555412417,"path_taken":["M","?","?","?","?","E","M","R","T","R","$","M","?","M","R","BOSS","M","$","M","M","M","R","E","M"],"build_version":"2019-01-23","purchased_purges":1,"victory":false,"max_hp_per_floor":[66,66,66,66,66,66,66,66,66,66,66,66,66,66,66,66,66,66,66,66,66,66,66,66,66],"card_choices":[{"not_picked":["Backstab","Blur"],"picked":"Catalyst","floor":1.0},{"not_picked":["Slice","Choke"],"picked":"Poisoned Stab","floor":5.0},{"not_picked":["Bane","Flying Knee","Underhanded Strike"],"picked":"SKIP","floor":6.0},{"not_picked":["Slice","Acrobatics","Cloak And Dagger"],"picked":"SKIP","floor":7.0},{"not_picked":["Distraction","PiercingWail","Predator"],"picked":"SKIP","floor":12.0},{"not_picked":["Heel Hook","Expertise"],"picked":"A Thousand Cuts","floor":14.0},{"not_picked":["Unload","A Thousand Cuts"],"picked":"Tools of the Trade","floor":16.0},{"not_picked":["Dagger Spray","Dagger Throw","Cloak And Dagger"],"picked":"SKIP","floor":18.0},{"not_picked":["Eviscerate","Bane"],"picked":"Dodge and Roll","floor":20},{"not_picked":["Dagger Spray","Deflect","Poisoned Stab"],"picked":"SKIP","floor":21},{"not_picked":["All Out Attack","Backstab","Eviscerate"],"picked":"SKIP","floor":22},{"not_picked":["Prepared+1","Noxious Fumes","Tactician"],"picked":"SKIP","floor":24}],"player_experience":840116,"relics_obtained":[{"floor":6.0,"key":"Oddly Smooth Stone"},{"floor":9.0,"key":"War Paint"},{"floor":24,"key":"Bag of Preparation"}],"event_choices":[{"damage_healed":0.0,"max_hp_gain":0.0,"max_hp_loss":0.0,"gold_gain":75.0,"event_name":"World of Goop","player_choice":"Gather Gold","floor":2.0,"gold_loss":0.0,"damage_taken":11.0},{"cards_removed":["Strike_G"],"damage_healed":0.0,"max_hp_gain":0.0,"max_hp_loss":0.0,"gold_gain":0.0,"event_name":"The Cleric","player_choice":"Card Removal","floor":3.0,"gold_loss":75.0,"damage_taken":0.0},{"damage_healed":0.0,"max_hp_gain":0.0,"max_hp_loss":0.0,"gold_gain":0.0,"event_name":"Upgrade Shrine","player_choice":"Upgraded","floor":4.0,"gold_loss":0.0,"damage_taken":0.0,"cards_upgraded":["Catalyst"]}],"is_beta":false,"boss_relics":[{"not_picked":["Fusion Hammer","Snecko Eye"],"picked":"White Beast Statue"}],"items_purged_floors":[11],"is_endless":false,"potions_floor_spawned":[1,7,12,14,16,18,20,21,22,24],"killed_by":"Snecko","ascension_level":20}