{"gold_per_floor":[117,117,131,145,70,99,49,63,63,73,73,73,101,115,115,218,218,230,230,230,230,250,284,355,367,392,407,441,457,457,328,328,433,433,452,452,752,762,762,794,794,794,819,835,504,523,535,545,545,545],"floor_reached":51,"playtime":3836,"items_purged":["Regret","Strike_R","Strike_R"],"score":729,"play_id":"845e2ee4-232a-4ef4-bc30-0c2eb878730c","local_time":"20181010221418","is_ascension_mode":false,"campfire_choices":[{"data":"Pommel Strike","floor":11,"key":"SMITH"},{"data":"Bash","floor":15,"key":"SMITH"},{"floor":30,"key":"REST"},{"data":"Offering","floor":32,"key":"SMITH"},{"data":"Metamorphosis","floor":41,"key":"SMITH"},{"floor":49,"key":"REST"}],"neow_cost":"NONE","seed_source_timestamp":6934043074077,"circlet_count":0,"master_deck":["Strike_R","Defend_R","Defend_R","Defend_R","Bash+1","Cleave+1","Dropkick","Pommel Strike+1","Offering+1","Swift Strike+1","Thunderclap+1","Dropkick","Juggernaut","Headbutt","Bash","Body Slam+1","Metamorphosis+1","True Grit+1","Blood for Blood+1"],"relics":["Burning Blood","Pen Nib","Ornamental Fan","Orichalcum","Mango","Black Star","Whetstone","Boot","Pantograph","Smiling Mask","Kunai","Bottled Lightning","Mark of Pain","Mercury Hourglass","Self Forming Clay","Bronze Scales","Brimstone"],"potions_floor_usage":[16,28,29,33,38,44,48,50,50],"damage_taken":[{"damage":1,"enemies":"Jaw Worm","floor":1,"turns":3},{"damage":4,"enemies":"Cultist","floor":3,"turns":3},{"damage":0,"enemies":"2 Louse","floor":4,"turns":2},{"damage":37,"enemies":"3 Sentries","floor":6,"turns":9},{"damage":6,"enemies":"Gremlin Gang","floor":8,"turns":3},{"damage":10,"enemies":"Exordium Wildlife","floor":10,"turns":3},{"damage":10,"enemies":"Gremlin Nob","floor":13,"turns":3},{"damage":4,"enemies":"Large Slime","floor":14,"turns":4},{"damage":45,"enemies":"Hexaghost","floor":16,"turns":8},{"damage":6,"enemies":"Chosen","floor":18,"turns":4},{"damage":16,"enemies":"Shell Parasite","floor":22,"turns":3},{"damage":25,"enemies":"Gremlin Leader","floor":23,"turns":4},{"damage":38,"enemies":"Sentry and Sphere","floor":25,"turns":6},{"damage":12,"enemies":"Chosen and Byrds","floor":27,"turns":3},{"damage":19,"enemies":"Book of Stabbing","floor":28,"turns":3},{"damage":6,"enemies":"Snake Plant","floor":29,"turns":3},{"damage":33,"enemies":"Collector","floor":33,"turns":5},{"damage":6,"enemies":"Orb Walker","floor":35,"turns":1},{"damage":28,"enemies":"3 Darklings","floor":38,"turns":3},{"damage":38,"enemies":"Giant Head","floor":40,"turns":6},{"damage":17,"enemies":"4 Shapes","floor":44,"turns":3},{"damage":26,"enemies":"Maw","floor":46,"turns":4},{"damage":6,"enemies":"Reptomancer","floor":47,"turns":2},{"damage":6,"enemies":"Transient","floor":48,"turns":5},{"damage":74,"enemies":"Awakened One","floor":50,"turns":7}],"seed_played":"-6643180521431119143","potions_obtained":[{"floor":1,"key":"Poison Potion"},{"floor":4,"key":"LiquidBronze"},{"floor":6,"key":"Swift Potion"},{"floor":10,"key":"PowerPotion"},{"floor":16,"key":"Poison Potion"},{"floor":22,"key":"Dexterity Potion"},{"floor":23,"key":"SneckoOil"},{"floor":27,"key":"PowerPotion"},{"floor":28,"key":"Weak Potion"},{"floor":38,"key":"SkillPotion"},{"floor":40,"key":"Swift Potion"},{"floor":46,"key":"EssenceOfSteel"}],"is_trial":false,"path_per_floor":["M","?","M","M","$","E","?","M","T","M","R","$","E","M","R","B",null,"M","?","?","?","M","E","T","M","T","M","E","M","R","$","R","B",null,"M","?","?","M","?","E","R","?","T","M","$","M","M","M","R","B"],"character_chosen":"IRONCLAD","items_purchased":["Dropkick","Brimstone","Regen Potion"],"campfire_rested":2,"item_purchase_floors":[31,45,45],"current_hp_per_floor":[80,80,80,80,80,49,49,49,49,45,45,45,55,57,57,18,94,94,94,94,94,84,65,65,33,33,27,14,14,42,42,42,40,94,94,94,94,72,72,40,40,40,40,29,29,9,9,9,37,8],"gold":545,"neow_bonus":"REMOVE_CARD","is_prod":false,"is_daily":false,"chose_seed":false,"campfire_upgraded":4,"win_rate":0,"timestamp":1539180858,"path_taken":["M","?","M","?","$","E","?","?","T","?","R","?","E","M","R","BOSS","M","?","?","?","M","E","?","?","T","M","E","M","R","$","R","BOSS","M","?","?","M","?","E","R","?","T","?","$","M","M","M","R","BOSS"],"build_version":"2018-10-04v2","purchased_purges":3,"victory":true,"max_hp_per_floor":[80,80,80,80,80,80,80,80,80,80,80,80,94,94,94,94,94,94,94,94,94,94,94,94,94,94,94,94,94,94,94,94,94,94,94,94,94,94,94,94,94,94,94,94,94,94,94,94,94,94],"card_choices":[{"not_picked":["Combust","Havoc"],"picked":"Cleave","floor":1},{"not_picked":["Twin Strike","Sentinel","Wild Strike"],"picked":"SKIP","floor":3},{"not_picked":["Evolve","Intimidate","Body Slam"],"picked":"SKIP","floor":4},{"not_picked":["Double Tap","Shrug It Off","Feel No Pain"],"picked":"SKIP","floor":6},{"not_picked":["Double Tap","Shrug It Off","Feel No Pain"],"picked":"SKIP","floor":6},{"not_picked":["Shrug It Off","Clothesline"],"picked":"Dropkick","floor":8},{"not_picked":["Body Slam","Flame Barrier"],"picked":"Pommel Strike","floor":10},{"not_picked":["Havoc","Iron Wave","Corruption"],"picked":"SKIP","floor":13},{"not_picked":["Clothesline","Sword Boomerang","Second Wind"],"picked":"SKIP","floor":14},{"not_picked":["Impervious","Fiend Fire"],"picked":"Offering","floor":16},{"not_picked":["Anger+1","Evolve","Hemokinesis"],"picked":"SKIP","floor":18},{"not_picked":["Battle Trance","Headbutt","Cleave"],"picked":"SKIP","floor":22},{"not_picked":["Headbutt","Fire Breathing","Whirlwind+1"],"picked":"SKIP","floor":23},{"not_picked":["Pommel Strike","Heavy Blade+1","Rampage"],"picked":"SKIP","floor":25},{"not_picked":["Heavy Blade","Warcry+1"],"picked":"Thunderclap+1","floor":27},{"not_picked":["Spot Weakness","Armaments","Rage"],"picked":"SKIP","floor":28},{"not_picked":["Heavy Blade","Offering","Intimidate"],"picked":"SKIP","floor":29},{"not_picked":["Reaper","Barricade"],"picked":"Juggernaut","floor":33},{"not_picked":["Sword Boomerang","Cleave+1"],"picked":"Headbutt","floor":35},{"not_picked":["Metallicize","Shockwave"],"picked":"Body Slam+1","floor":38},{"not_picked":["Mind Blast","Bandage Up"],"picked":"Metamorphosis","floor":39},{"not_picked":["Carnage","Thunderclap+1"],"picked":"True Grit+1","floor":40},{"not_picked":["Shrug It Off+1","Heavy Blade","Cleave"],"picked":"SKIP","floor":44},{"not_picked":["Iron Wave","Rupture+1","Perfected Strike+1"],"picked":"SKIP","floor":46},{"not_picked":["Warcry","Anger+1","Double Tap"],"picked":"SKIP","floor":47},{"not_picked":["Body Slam+1","Shrug It Off"],"picked":"Blood for Blood+1","floor":48}],"player_experience":302956,"relics_obtained":[{"floor":6,"key":"Ornamental Fan"},{"floor":9,"key":"Orichalcum"},{"floor":13,"key":"Mango"},{"floor":23,"key":"Whetstone"},{"floor":23,"key":"Boot"},{"floor":24,"key":"Pantograph"},{"floor":26,"key":"Smiling Mask"},{"floor":28,"key":"Kunai"},{"floor":28,"key":"Bottled Lightning"},{"floor":40,"key":"Mercury Hourglass"},{"floor":40,"key":"Self Forming Clay"},{"floor":43,"key":"Bronze Scales"}],"event_choices":[{"event_name":"Big Fish","player_choice":"Box","floor":2,"damage_taken":0},{"event_name":"The Cleric","player_choice":"Card Removal","floor":7,"damage_taken":0},{"event_name":"Purifier","player_choice":"One Purge","floor":19,"damage_taken":0},{"event_name":"Match and Keep!","player_choice":"1 cards matched","floor":20,"damage_taken":0},{"event_name":"Vampires","player_choice":"Ignored","floor":21,"damage_taken":0},{"event_name":"Match and Keep!","player_choice":"1 cards matched","floor":36,"damage_taken":0},{"event_name":"Wheel of Change","player_choice":"Gold","floor":37,"damage_taken":0},{"event_name":"SensoryStone","player_choice":"Memory 1","floor":39,"damage_taken":0},{"event_name":"The Moai Head","player_choice":"Ignored","floor":42,"damage_taken":0}],"is_beta":false,"boss_relics":[{"not_picked":["Eternal Feather","Pandora\u0027s Box"],"picked":"Black Star"},{"not_picked":["Calling Bell","Snecko Eye"],"picked":"Mark of Pain"}],"items_purged_floors":[5,31,45],"is_endless":false,"potions_floor_spawned":[1,4,6,10,16,22,23,27,28,38,40,46],"ascension_level":0}