{"gold_per_floor":[369,385,404,16,28,61,61,96,123,155,105,105,133,144,144,249,249,263,263,263,276,293,323,323,358,358,388,408,408],"floor_reached":29,"playtime":2728,"items_purged":["Injury"],"score":329,"play_id":"40ef9a45-bdb1-47c7-a321-96793da0aa9d","local_time":"20180716193940","is_ascension_mode":true,"campfire_choices":[{"floor":12,"key":"REST"},{"floor":15,"key":"REST"},{"floor":24,"key":"REST"}],"neow_cost":"CURSE","seed_source_timestamp":37506878695577,"circlet_count":0,"master_deck":["Strike_B","Strike_B","Strike_B","Defend_B","Defend_B","Defend_B","Defend_B","Zap","Dualcast","Blizzard","Coolheaded","Cold Snap","Cold Snap","FTL+1","Chaos","FTL+1","Defragment","Coolheaded","Conserve Battery","Reinforced Body","Echo Form","Stack+1","FTL","Redo"],"relics":["Cracked Core","Calipers","Dream Catcher","Bag of Marbles","Blood Vial","Centennial Puzzle","Juzu Bracelet","Smiling Mask","Black Star","Pear","Gremlin Horn","Shovel","Sundial","Whetstone","Torii","Bird Faced Urn"],"potions_floor_usage":[6,13,16,18,23,23,27],"damage_taken":[{"damage":0,"enemies":"Small Slimes","floor":1,"turns":2},{"damage":2,"enemies":"2 Louse","floor":2,"turns":2},{"damage":10,"enemies":"Jaw Worm","floor":3,"turns":4},{"damage":1,"enemies":"Large Slime","floor":5,"turns":6},{"damage":17,"enemies":"Gremlin Nob","floor":6,"turns":4},{"damage":11,"enemies":"3 Sentries","floor":8,"turns":8},{"damage":15,"enemies":"Lagavulin","floor":10,"turns":8},{"damage":12,"enemies":"3 Sentries","floor":13,"turns":6},{"damage":3,"enemies":"Looter","floor":14,"turns":3},{"damage":8,"enemies":"The Guardian","floor":16,"turns":12},{"damage":11,"enemies":"3 Byrds","floor":18,"turns":5},{"damage":2,"enemies":"Shell Parasite","floor":21,"turns":8},{"damage":4,"enemies":"Sentry and Sphere","floor":22,"turns":6},{"damage":36,"enemies":"Slavers","floor":23,"turns":8},{"damage":21,"enemies":"Gremlin Leader","floor":25,"turns":12},{"damage":27,"enemies":"Slavers","floor":27,"turns":8},{"damage":16,"enemies":"Snake Plant","floor":28,"turns":9},{"damage":11,"floor":29,"turns":2}],"seed_played":"8883330527719677817","potions_obtained":[{"floor":1,"key":"FocusPotion"},{"floor":2,"key":"Poison Potion"},{"floor":5,"key":"SpeedPotion"},{"floor":8,"key":"Poison Potion"},{"floor":16,"key":"Energy Potion"},{"floor":21,"key":"LiquidBronze"},{"floor":25,"key":"FocusPotion"},{"floor":28,"key":"Dexterity Potion"}],"is_trial":false,"path_per_floor":["M","M","M","$","M","E","?","E","T","E","?","R","E","M","R","B",null,"M","?","?","M","M","E","R","E","T","E","M"],"character_chosen":"DEFECT","items_purchased":["Calipers"],"campfire_rested":3,"item_purchase_floors":[4],"current_hp_per_floor":[75,73,63,63,62,45,42,31,31,18,18,40,30,29,51,45,75,64,64,57,57,55,31,56,37,37,12,4,0],"gold":408,"neow_bonus":"TWO_FIFTY_GOLD","is_prod":false,"is_daily":false,"chose_seed":false,"campfire_upgraded":0,"win_rate":0,"timestamp":1531741180,"path_taken":["M","M","M","$","M","E","?","E","T","E","?","R","E","M","R","BOSS","M","?","?","M","M","E","R","E","T","E","M","?"],"build_version":"2018-07-12","purchased_purges":1,"victory":false,"max_hp_per_floor":[75,75,75,75,75,75,75,75,75,75,75,75,75,75,75,75,75,75,75,75,75,75,85,85,85,85,85,85,85],"card_choices":[{"not_picked":["Barrage","Loop"],"picked":"Blizzard","floor":1},{"not_picked":["Turbo","Compile Driver","Static Discharge"],"picked":"SKIP","floor":2},{"not_picked":["Rebound","Compile Driver"],"picked":"Coolheaded","floor":3},{"not_picked":["Hello World","Conserve Battery"],"picked":"Cold Snap","floor":5},{"not_picked":["Rebound","Hello World"],"picked":"Cold Snap","floor":6},{"not_picked":["Redo","Beam Cell"],"picked":"FTL","floor":8},{"not_picked":["Steam","Turbo","Gash"],"picked":"SKIP","floor":10},{"not_picked":["Heatsinks","Hyperbeam"],"picked":"Chaos","floor":12},{"not_picked":["Fusion","Sweeping Beam"],"picked":"FTL","floor":13},{"not_picked":["Rip and Tear","Storm","Tempest"],"picked":"SKIP","floor":14},{"not_picked":["Chill","Compile Driver"],"picked":"Defragment","floor":15},{"not_picked":["Turbo","Storm"],"picked":"Coolheaded","floor":18},{"not_picked":["Hologram","Beam Cell"],"picked":"Conserve Battery","floor":21},{"not_picked":["Lockon","Go for the Eyes"],"picked":"Reinforced Body","floor":22},{"not_picked":["Seek","Cold Snap"],"picked":"Echo Form","floor":23},{"not_picked":["Streamline","Leap"],"picked":"Stack+1","floor":24},{"not_picked":["Hologram","Heatsinks"],"picked":"FTL","floor":25},{"not_picked":["Consume","Genetic Algorithm","Compile Driver"],"picked":"SKIP","floor":27},{"not_picked":["Gash","Compile Driver"],"picked":"Redo","floor":28}],"player_experience":134591,"relics_obtained":[{"floor":6,"key":"Dream Catcher"},{"floor":8,"key":"Blood Vial"},{"floor":9,"key":"Centennial Puzzle"},{"floor":10,"key":"Juzu Bracelet"},{"floor":13,"key":"Smiling Mask"},{"floor":23,"key":"Pear"},{"floor":23,"key":"Gremlin Horn"},{"floor":25,"key":"Shovel"},{"floor":25,"key":"Sundial"},{"floor":26,"key":"Whetstone"},{"floor":27,"key":"Torii"},{"floor":27,"key":"Bird Faced Urn"}],"event_choices":[{"event_name":"Scrap Ooze","player_choice":"success","floor":7,"damage_taken":3},{"event_name":"The Cleric","player_choice":"Card Removal","floor":11,"damage_taken":0},{"event_name":"Vampires","player_choice":"Ignored","floor":19,"damage_taken":0},{"event_name":"Knowing Skull","player_choice":"","floor":20,"damage_taken":0},{"event_name":"Masked Bandits","player_choice":"Fought over 408 gold","floor":29,"damage_taken":0}],"boss_relics":[{"not_picked":["Runic Dome","Coffee Dripper"],"picked":"Black Star"}],"items_purged_floors":[4],"is_endless":false,"potions_floor_spawned":[1,2,5,8,16,21,25,28],"ascension_level":1}