{"gold_per_floor":[366,366,381,130,130,130,165,165,190,190,81,93,104,117,117,222,222,237,255,255,267,126,126,161,161,217,217,217,217],"floor_reached":29,"playtime":1349,"items_purged":["Strike_B","Strike_B"],"score":241,"play_id":"ef6f8374-1cdd-4d5b-9326-ef6b28b66aa5","local_time":"20181113220252","is_ascension_mode":false,"campfire_choices":[{"data":"Fusion","floor":6.0,"key":"SMITH"},{"data":"Chaos","floor":8.0,"key":"SMITH"},{"floor":15.0,"key":"REST"},{"data":"Zap","floor":23.0,"key":"SMITH"},{"data":"Dualcast","floor":25.0,"key":"SMITH"},{"data":"Rainbow","floor":27.0,"key":"SMITH"}],"neow_cost":"CURSE","seed_source_timestamp":31961673763342,"circlet_count":0,"master_deck":["Strike_B","Defend_B","Defend_B","Defend_B","Defend_B","Zap+1","Dualcast+1","Fusion+1","Chaos+1","Auto Shields","Capacitor+1","Loop+1","Sweeping Beam","Ball Lightning","Multi-Cast","Sunder","Conserve Battery","Cold Snap","Rainbow+1","Defragment+1","Defragment+1","Doubt"],"special_seed":0,"relics":["Cracked Core","Frozen Egg 2","Kunai","Vajra","Calipers","Cursed Key","Emotion Chip","Tiny Chest"],"potions_floor_usage":[],"damage_taken":[{"damage":1.0,"enemies":"Jaw Worm","floor":1.0,"turns":4.0},{"damage":0.0,"enemies":"2 Louse","floor":3.0,"turns":4.0},{"damage":42.0,"enemies":"3 Sentries","floor":7.0,"turns":12.0},{"damage":0.0,"enemies":"Small Slimes","floor":12.0,"turns":7.0},{"damage":5.0,"enemies":"Looter","floor":13.0,"turns":3.0},{"damage":5.0,"enemies":"Blue Slaver","floor":14.0,"turns":4.0},{"damage":18.0,"enemies":"Hexaghost","floor":16.0,"turns":7.0},{"damage":18.0,"enemies":"Chosen","floor":18.0,"turns":6.0},{"damage":0.0,"enemies":"Spheric Guardian","floor":19.0,"turns":3.0},{"damage":0.0,"enemies":"Snecko","floor":21.0,"turns":5.0},{"damage":39.0,"enemies":"Gremlin Leader","floor":24.0,"turns":6.0},{"damage":13,"enemies":"Colosseum Slavers","floor":28,"turns":4},{"damage":6,"enemies":"Cultist and Chosen","floor":29,"turns":1}],"seed_played":"5012696537567754634","potions_obtained":[{"floor":3.0,"key":"FocusPotion"},{"floor":7.0,"key":"SteroidPotion"},{"floor":12.0,"key":"FearPotion"},{"floor":18.0,"key":"Poison Potion"},{"floor":24.0,"key":"SpeedPotion"}],"is_trial":false,"path_per_floor":["M","?","M","$","?","R","E","R","T","?","$","M","M","M","R","B",null,"M","M","?","M","$","R","E","R","T","R","?","M"],"character_chosen":"DEFECT","items_purchased":["Frozen Egg 2","Capacitor+1","Defragment+1"],"campfire_rested":1,"item_purchase_floors":[4,11,22],"current_hp_per_floor":[74,67,67,67,67,67,25,25,25,13,13,13,8,3,25,7,75,57,57,57,57,57,57,18,18,18,18,5,0],"gold":217,"neow_bonus":"TWO_FIFTY_GOLD","is_prod":false,"is_daily":false,"chose_seed":false,"campfire_upgraded":5,"win_rate":0,"timestamp":1542117772,"path_taken":["M","?","M","$","?","R","E","R","T","?","?","M","?","M","R","BOSS","M","M","?","M","$","R","E","R","T","R","?","M"],"build_version":"2018-11-08","purchased_purges":2,"victory":false,"max_hp_per_floor":[75,75,75,75,75,75,75,75,75,75,75,75,75,75,75,75,75,75,75,75,75,75,75,75,75,75,75,75,75],"card_choices":[{"not_picked":["Conserve Battery","Redo"],"picked":"Fusion","floor":1.0},{"not_picked":["Gash","Turbo"],"picked":"Chaos","floor":3.0},{"not_picked":["Hologram","Doom and Gloom"],"picked":"Auto Shields","floor":7.0},{"not_picked":["Sweeping Beam","Darkness"],"picked":"Loop+1","floor":12.0},{"not_picked":["Skim","Barrage"],"picked":"Sweeping Beam","floor":13.0},{"not_picked":["Barrage","Sweeping Beam"],"picked":"Ball Lightning","floor":14.0},{"not_picked":["Rainbow","Hyperbeam"],"picked":"Multi-Cast","floor":16.0},{"not_picked":["Genetic Algorithm","Steam+1"],"picked":"Sunder","floor":18.0},{"not_picked":["Ball Lightning","Turbo"],"picked":"Conserve Battery","floor":19.0},{"not_picked":["Cold Snap","Turbo"],"picked":"Rainbow","floor":21.0},{"not_picked":["Rebound","Steam"],"picked":"Defragment+1","floor":24.0}],"player_experience":429359,"relics_obtained":[{"floor":7.0,"key":"Kunai"},{"floor":9.0,"key":"Vajra"},{"floor":24.0,"key":"Emotion Chip"},{"floor":26.0,"key":"Tiny Chest"}],"event_choices":[{"cards_removed":["Doubt"],"damage_healed":0.0,"max_hp_gain":0.0,"max_hp_loss":0.0,"gold_gain":0.0,"event_name":"Golden Wing","player_choice":"Card Removal","floor":2.0,"gold_loss":0.0,"damage_taken":7.0},{"cards_removed":["Strike_B"],"damage_healed":0.0,"max_hp_gain":0.0,"max_hp_loss":0.0,"gold_gain":0.0,"event_name":"Living Wall","player_choice":"Forget","floor":5.0,"gold_loss":0.0,"damage_taken":0.0},{"damage_healed":0.0,"max_hp_gain":0.0,"max_hp_loss":0.0,"gold_gain":0.0,"event_name":"Scrap Ooze","player_choice":"Success","floor":10.0,"gold_loss":0.0,"damage_taken":12.0,"relics_obtained":["Calipers"]},{"damage_healed":0.0,"max_hp_gain":0.0,"max_hp_loss":0.0,"gold_gain":0.0,"event_name":"The Library","player_choice":"Read","floor":20.0,"gold_loss":0.0,"damage_taken":0.0,"cards_obtained":["Cold Snap"]},{"damage_healed":0,"gold_gain":0,"player_choice":"Fight","damage_taken":0,"max_hp_gain":0,"max_hp_loss":0,"event_name":"Colosseum","floor":28,"gold_loss":0},{"damage_healed":0,"gold_gain":0,"player_choice":"Fled From Nobs","damage_taken":0,"max_hp_gain":0,"max_hp_loss":0,"event_name":"Colosseum","floor":28,"gold_loss":0}],"is_beta":false,"boss_relics":[{"not_picked":["Runic Dome","Astrolabe"],"picked":"Cursed Key"}],"items_purged_floors":[11,22],"is_endless":false,"potions_floor_spawned":[3,7,12,18,24],"killed_by":"Cultist and Chosen","ascension_level":0}