{"gold_per_floor":[115,40,40,40,57,83,83,110,158,169,169,200,200,221,221,312,312,325,348,348,128,138,167,167,179,232,5,5,22,22,50,50,126,126,145,89,89,99,119,119,135,153,198,198,215,225,225,254,254,254,254,254,254,68,94,94],"floor_reached":57,"playtime":3723,"items_purged":["Strike_B","Strike_B+1"],"score":2884,"play_id":"730049c9-6967-4903-8737-b438263f28ce","local_time":"20190520225033","is_ascension_mode":true,"campfire_choices":[{"data":"Reinforced Body","floor":7.0,"key":"SMITH"},{"floor":15.0,"key":"REST"},{"data":"Biased Cognition","floor":24.0,"key":"SMITH"},{"floor":28.0,"key":"REST"},{"data":"Hologram","floor":32.0,"key":"SMITH"},{"data":"Barrage","floor":40.0,"key":"SMITH"},{"data":"Creative AI","floor":44.0,"key":"SMITH"},{"data":"Amplify","floor":47.0,"key":"SMITH"},{"floor":49.0,"key":"RECALL"},{"data":"Creative AI","floor":53.0,"key":"SMITH"}],"neow_cost":"NONE","seed_source_timestamp":0,"circlet_count":0,"master_deck":["AscendersBane","Defend_B","Defend_B","Defend_B","Defend_B","Zap+1","Dualcast","FTL+1","Auto Shields","Conserve Battery","Reinforced Body+1","Biased Cognition+1","Compile Driver","Glacier","Ball Lightning","Core Surge","Hologram+1","Go for the Eyes+1","Genetic Algorithm","Coolheaded","Self Repair","Defragment+1","Creative AI+1","Barrage+1","Creative AI+1","Glacier+1","Amplify+1"],"special_seed":0,"relics":["FrozenCore","NeowsBlessing","Lantern","Potion Belt","Whetstone","Blue Candle","Bloody Idol","ClockworkSouvenir","DataDisk","Bronze Scales","Chemical X","Mummified Hand","Inserter","PreservedInsect","Anchor"],"potions_floor_usage":[56,56,56,56],"damage_taken":[{"damage":0.0,"enemies":"2 Louse","floor":1.0,"turns":1.0},{"damage":0.0,"enemies":"Jaw Worm","floor":5.0,"turns":1.0},{"damage":0.0,"enemies":"3 Sentries","floor":6.0,"turns":1.0},{"damage":11.0,"enemies":"Lagavulin","floor":8.0,"turns":9.0},{"damage":4.0,"enemies":"Cultist","floor":10.0,"turns":4.0},{"damage":21.0,"enemies":"3 Sentries","floor":12.0,"turns":10.0},{"damage":7.0,"enemies":"Large Slime","floor":14.0,"turns":7.0},{"damage":11.0,"enemies":"The Guardian","floor":16.0,"turns":11.0},{"damage":12.0,"enemies":"Shell Parasite","floor":18.0,"turns":6.0},{"damage":4.0,"enemies":"2 Thieves","floor":19.0,"turns":5.0},{"damage":13.0,"enemies":"Snake Plant","floor":22.0,"turns":6.0},{"damage":14.0,"enemies":"Gremlin Leader","floor":23.0,"turns":9.0},{"damage":5.0,"enemies":"3 Cultists","floor":25.0,"turns":7.0},{"damage":1.0,"enemies":"Centurion and Healer","floor":29.0,"turns":7.0},{"damage":24.0,"enemies":"Slavers","floor":31.0,"turns":7.0},{"damage":24.0,"enemies":"Collector","floor":33.0,"turns":14.0},{"damage":1.0,"enemies":"3 Shapes","floor":35.0,"turns":5.0},{"damage":7.0,"enemies":"3 Darklings","floor":38.0,"turns":5.0},{"damage":0.0,"enemies":"Spire Growth","floor":39.0,"turns":6.0},{"damage":9.0,"enemies":"4 Shapes","floor":41.0,"turns":4.0},{"damage":0.0,"enemies":"Maw","floor":42.0,"turns":9.0},{"damage":0.0,"enemies":"Spire Growth","floor":45.0,"turns":7.0},{"damage":1.0,"enemies":"Transient","floor":46.0,"turns":6.0},{"damage":0.0,"enemies":"Nemesis","floor":48.0,"turns":9.0},{"damage":0.0,"enemies":"Time Eater","floor":50.0,"turns":12.0},{"damage":0.0,"enemies":"Donu and Deca","floor":51.0,"turns":12.0},{"damage":38.0,"enemies":"Shield and Spear","floor":55.0,"turns":5.0},{"damage":22,"enemies":"The Heart","floor":56,"turns":10}],"seed_played":"-5440317445578847718","potions_obtained":[{"floor":1.0,"key":"Weak Potion"},{"floor":8.0,"key":"FocusPotion"},{"floor":12.0,"key":"AttackPotion"},{"floor":16.0,"key":"Block Potion"},{"floor":22.0,"key":"PowerPotion"},{"floor":29.0,"key":"Regen Potion"},{"floor":31.0,"key":"Fire Potion"},{"floor":33.0,"key":"Fruit Juice"},{"floor":39.0,"key":"GamblersBrew"},{"floor":41.0,"key":"SkillPotion"},{"floor":42.0,"key":"FearPotion"}],"is_trial":false,"path_per_floor":["M","$","?","?","M","E","R","E","T","M","?","E","?","M","R","B",null,"M","M","?","$","M","E","R","M","T","$","R","M","?","E","R","B",null,"M","$","?","M","M","R","M","M","T","R","M","M","R","E","R","B","B",null,"R","$","E","B",null],"character_chosen":"DEFECT","items_purchased":["ClockworkSouvenir","Chemical X","Barrage","Ancient Potion"],"campfire_rested":2,"item_purchase_floors":[21,27,36,54],"current_hp_per_floor":[64,64,64,64,64,64,64,53,53,49,49,28,28,21,40,29,55,43,39,39,39,31,22,22,22,27,27,46,57,57,60,60,48,60,64,64,64,64,69,69,69,69,69,69,69,69,69,69,69,69,69,69,69,69,43,35],"gold":94,"neow_bonus":"THREE_ENEMY_KILL","is_prod":false,"is_daily":false,"chose_seed":false,"campfire_upgraded":7,"win_rate":0,"timestamp":1558385433,"path_taken":["M","$","?","?","?","E","R","E","T","M","?","E","?","M","R","BOSS","M","M","?","?","M","E","R","M","T","$","R","M","?","E","R","BOSS","M","$","?","M","M","R","?","M","T","R","M","M","R","E","R","BOSS","BOSS","R","$","E","BOSS"],"build_version":"2019-01-23","purchased_purges":2,"victory":true,"max_hp_per_floor":[71,71,71,71,71,71,71,71,71,71,71,71,64,64,64,64,64,64,64,64,64,64,64,64,64,64,64,64,64,64,64,64,64,64,64,64,64,64,69,69,69,69,69,69,69,69,69,69,69,69,69,69,69,69,69,69],"card_choices":[{"not_picked":["Steam","Barrage"],"picked":"FTL","floor":1.0},{"not_picked":["Leap","Barrage"],"picked":"Conserve Battery","floor":5.0},{"not_picked":["Skim","Melter"],"picked":"Reinforced Body","floor":6.0},{"not_picked":["Conserve Battery","Rebound"],"picked":"Biased Cognition","floor":8.0},{"not_picked":["Redo","Storm"],"picked":"Compile Driver","floor":10.0},{"not_picked":["Compile Driver","Blizzard"],"picked":"Glacier","floor":12.0},{"not_picked":["Conserve Battery","Sunder"],"picked":"Ball Lightning","floor":14.0},{"not_picked":["Reboot","Amplify"],"picked":"Core Surge","floor":16.0},{"not_picked":["Storm","Skim"],"picked":"Hologram","floor":18.0},{"not_picked":["Coolheaded","Hello World"],"picked":"Go for the Eyes+1","floor":19.0},{"not_picked":["Streamline","Tempest"],"picked":"Genetic Algorithm","floor":22.0},{"not_picked":["Glacier","Steam"],"picked":"Coolheaded","floor":23.0},{"not_picked":["Cold Snap+1","Genetic Algorithm"],"picked":"Self Repair","floor":25.0},{"not_picked":["Storm","Hologram","Compile Driver"],"picked":"SKIP","floor":29.0},{"not_picked":["Go for the Eyes","Rebound+1"],"picked":"Defragment+1","floor":31.0},{"not_picked":["Buffer","Electrodynamics"],"picked":"Creative AI","floor":33.0},{"not_picked":["Double Energy","Beam Cell","Go for the Eyes"],"picked":"SKIP","floor":35.0},{"not_picked":["Loop","Turbo+1","Reprogram"],"picked":"SKIP","floor":38.0},{"not_picked":["Conserve Battery","Sweeping Beam","Loop"],"picked":"SKIP","floor":39.0},{"not_picked":["Redo+1","Reinforced Body+1"],"picked":"Glacier+1","floor":41.0},{"not_picked":["Skim","Steam","Stack"],"picked":"SKIP","floor":42.0},{"not_picked":["Ball Lightning+1","Streamline","Beam Cell"],"picked":"SKIP","floor":45.0},{"not_picked":["Reprogram","Compile Driver"],"picked":"Amplify","floor":46.0},{"not_picked":["Barrage","Hologram","Sunder+1"],"picked":"SKIP","floor":48.0},{"not_picked":["Coolheaded+1","Conserve Battery","Barrage+1"],"picked":"SKIP","floor":55.0}],"player_experience":889165,"relics_obtained":[{"floor":6.0,"key":"Lantern"},{"floor":8.0,"key":"Potion Belt"},{"floor":9.0,"key":"Whetstone"},{"floor":12.0,"key":"Blue Candle"},{"floor":23.0,"key":"DataDisk"},{"floor":26.0,"key":"Bronze Scales"},{"floor":31.0,"key":"Mummified Hand"},{"floor":48.0,"key":"PreservedInsect"},{"floor":55.0,"key":"Anchor"}],"event_choices":[{"damage_healed":0.0,"max_hp_gain":0.0,"max_hp_loss":0.0,"gold_gain":0.0,"event_name":"Living Wall","player_choice":"Grow","floor":3.0,"gold_loss":0.0,"damage_taken":0.0,"cards_upgraded":["Zap"]},{"damage_healed":0.0,"max_hp_gain":0.0,"max_hp_loss":0.0,"gold_gain":0.0,"cards_transformed":["Strike_B"],"event_name":"Transmorgrifier","player_choice":"Transformed","floor":4.0,"gold_loss":0.0,"damage_taken":0.0,"cards_obtained":["Auto Shields"]},{"damage_healed":0.0,"max_hp_gain":0.0,"max_hp_loss":0.0,"gold_gain":0.0,"event_name":"Shining Light","player_choice":"Ignored","floor":11.0,"gold_loss":0.0,"damage_taken":0.0},{"damage_healed":0.0,"max_hp_gain":0.0,"max_hp_loss":7.0,"gold_gain":0.0,"event_name":"Golden Idol","player_choice":"Lose Max HP","floor":13.0,"gold_loss":0.0,"damage_taken":0.0,"relics_obtained":["Golden Idol"]},{"damage_healed":0.0,"max_hp_gain":0.0,"max_hp_loss":0.0,"gold_gain":0.0,"event_name":"Forgotten Altar","player_choice":"Gave Idol","floor":20.0,"relics_lost":["Golden Idol"],"gold_loss":0.0,"damage_taken":0.0,"relics_obtained":["Bloody Idol"]},{"damage_healed":0.0,"max_hp_gain":0.0,"max_hp_loss":0.0,"gold_gain":0.0,"event_name":"The Mausoleum","player_choice":"Ignored","floor":30.0,"gold_loss":0.0,"damage_taken":0.0},{"damage_healed":0.0,"max_hp_gain":0.0,"max_hp_loss":0.0,"gold_gain":0.0,"cards_transformed":["Strike_B"],"event_name":"Transmorgrifier","player_choice":"Transformed","floor":37.0,"gold_loss":0.0,"damage_taken":0.0,"cards_obtained":["Creative AI"]}],"is_beta":false,"boss_relics":[{"not_picked":["Coffee Dripper","Tiny House"],"picked":"FrozenCore"},{"not_picked":["Astrolabe","Cursed Key"],"picked":"Inserter"}],"items_purged_floors":[2,54],"is_endless":false,"potions_floor_spawned":[1,8,12,16,18,22,29,31,33,39,41,42,46],"ascension_level":20}