{"gold_per_floor":[148,148,98,113,113,113,113,113,186,200,213,252,252,283,283,381,381,406,406],"floor_reached":19,"playtime":386,"items_purged":["Defend_R"],"score":350,"play_id":"8d24f828-b97f-409f-948b-68754432a1b3","local_time":"20190420180646","is_ascension_mode":true,"campfire_choices":[{"data":"Cleave","floor":6,"key":"SMITH"},{"data":"Shockwave","floor":8,"key":"SMITH"},{"floor":15,"key":"REST"}],"neow_cost":"NONE","seed_source_timestamp":372093269873296,"circlet_count":0,"master_deck":["AscendersBane","Strike_R","Strike_R","Strike_R","Strike_R","Strike_R","Bash","Cleave+1","Shockwave+1","Perfected Strike","Uppercut+1","Limit Break+1","Feel No Pain+1","Offering+1","Offering+1"],"relics":["Burning Blood","Tiny Chest","Smiling Mask","Golden Idol","Toxic Egg 2","Ancient Tea Set","Red Skull","Astrolabe"],"potions_floor_usage":[14,14,18],"damage_taken":[{"damage":1,"enemies":"Cultist","floor":1,"turns":3},{"damage":4,"enemies":"Small Slimes","floor":4,"turns":3},{"damage":6,"enemies":"Jaw Worm","floor":10,"turns":4},{"damage":20,"enemies":"Exordium Thugs","floor":11,"turns":3},{"damage":25,"enemies":"Lagavulin","floor":12,"turns":6},{"damage":10,"enemies":"3 Sentries","floor":14,"turns":3},{"damage":20,"enemies":"Slime Boss","floor":16,"turns":7},{"damage":12,"enemies":"2 Thieves","floor":18,"turns":1},{"damage":28,"enemies":"Colosseum Slavers","floor":19,"turns":3},{"damage":35,"enemies":"Colosseum Nobs","floor":19,"turns":3}],"seed_played":"6348257365219193741","potions_obtained":[{"floor":10,"key":"Fire Potion"},{"floor":12,"key":"SteroidPotion"},{"floor":16,"key":"SteroidPotion"}],"is_trial":false,"path_per_floor":["M","T","$","M","?","R","?","R","T","M","M","E","?","E","R","B",null,"M","?"],"character_chosen":"IRONCLAD","items_purchased":[],"campfire_rested":1,"item_purchase_floors":[],"current_hp_per_floor":[73,73,73,75,75,75,49,49,49,49,35,16,16,12,34,20,61,55,0],"gold":406,"neow_bonus":"RANDOM_COMMON_RELIC","is_prod":false,"is_daily":false,"chose_seed":false,"campfire_upgraded":2,"win_rate":0,"timestamp":1555776406,"path_taken":["M","?","$","?","?","R","?","R","T","M","M","E","?","E","R","BOSS","M","?"],"build_version":"2019-01-23","purchased_purges":1,"victory":false,"max_hp_per_floor":[75,75,75,75,75,75,75,75,75,75,75,75,75,75,75,75,75,75,75],"card_choices":[{"not_picked":["Warcry","Clothesline"],"picked":"Cleave","floor":1},{"not_picked":["Headbutt","Rage"],"picked":"Shockwave","floor":4},{"not_picked":["Shrug It Off+1","Body Slam"],"picked":"Perfected Strike","floor":10},{"not_picked":["Armaments+1","Burning Pact+1","Hemokinesis"],"picked":"SKIP","floor":11},{"not_picked":["Brutality","Bloodletting+1"],"picked":"Uppercut","floor":12},{"not_picked":["Cleave","Sword Boomerang","Clothesline"],"picked":"SKIP","floor":14},{"not_picked":["Dark Embrace","Immolate"],"picked":"Limit Break+1","floor":16},{"not_picked":["Havoc+1","True Grit+1","Sword Boomerang"],"picked":"SKIP","floor":18}],"player_experience":850278,"relics_obtained":[{"floor":2,"key":"Smiling Mask"},{"floor":9,"key":"Toxic Egg 2"},{"floor":12,"key":"Ancient Tea Set"},{"floor":14,"key":"Red Skull"}],"event_choices":[{"damage_healed":0,"gold_gain":0,"player_choice":"Leave","damage_taken":0,"max_hp_gain":0,"max_hp_loss":0,"event_name":"The Cleric","floor":5,"gold_loss":0},{"damage_healed":0,"gold_gain":0,"player_choice":"Take Damage","damage_taken":26,"relics_obtained":["Golden Idol"],"max_hp_gain":0,"max_hp_loss":0,"event_name":"Golden Idol","floor":7,"gold_loss":0},{"damage_healed":0,"gold_gain":0,"player_choice":"Grow","damage_taken":0,"max_hp_gain":0,"max_hp_loss":0,"event_name":"Living Wall","floor":13,"gold_loss":0,"cards_upgraded":["Uppercut"]},{"damage_healed":0,"gold_gain":0,"player_choice":"Fight","damage_taken":0,"max_hp_gain":0,"max_hp_loss":0,"event_name":"Colosseum","floor":19,"gold_loss":0},{"damage_healed":0,"gold_gain":0,"player_choice":"Fought Nobs","damage_taken":0,"max_hp_gain":0,"max_hp_loss":0,"event_name":"Colosseum","floor":19,"gold_loss":0}],"is_beta":false,"boss_relics":[{"not_picked":["Runic Cube","Runic Pyramid"],"picked":"Astrolabe"}],"items_purged_floors":[3],"is_endless":false,"potions_floor_spawned":[10,12,16,19],"killed_by":"Colosseum Nobs","ascension_level":20}