{"gold_per_floor":[113,113,113,124,124,124,21,56,56,82,82,111,138,5,5,76,76,94,107,118,128,21,21,21,21,21,54,54,154,184,204,204,282,282,294,294,304,323,95,128,128,0,26,41,41,96,114,148,148,148],"floor_reached":51,"playtime":1255,"items_purged":["Defend_R","Defend_R","Defend_R"],"score":1540,"play_id":"68c4e2f9-c00c-43d7-8cd5-542a47758bdc","local_time":"20181027235708","is_ascension_mode":true,"campfire_choices":[{"data":"Bash","floor":6.0,"key":"SMITH"},{"floor":15.0,"key":"REST"},{"floor":23.0,"key":"REST"},{"data":"Limit Break","floor":28.0,"key":"SMITH"},{"floor":32.0,"key":"REST"},{"data":"Whirlwind","floor":41.0,"key":"SMITH"},{"data":"Pommel Strike","floor":45.0,"key":"SMITH"},{"floor":49.0,"key":"REST"}],"neow_cost":"NONE","seed_source_timestamp":39376769114182,"circlet_count":0,"master_deck":["Strike_R+1","Strike_R+1","Strike_R+1","Strike_R+1","Strike_R+1","Bash+1","AscendersBane","Flex+1","Battle Trance","Thunderclap","Disarm","Anger","Cleave","Whirlwind+1","Limit Break+1","Spot Weakness","Whirlwind","Perfected Strike+1","Perfected Strike+1","Feed","Pommel Strike+1","Twin Strike"],"special_seed":0,"relics":["Black Blood","NeowsBlessing","Smiling Mask","Prayer Wheel","Shuriken","Odd Mushroom","Magic Flower","Busted Crown","PreservedInsect","Champion Belt","Du-Vu Doll","Frozen Egg 2","Ancient Tea Set","Bag of Marbles","Centennial Puzzle","Red Mask","Blood Vial","Pocketwatch","Orichalcum"],"potions_floor_usage":[50,50],"damage_taken":[{"damage":0.0,"enemies":"2 Louse","floor":1.0,"turns":1.0},{"damage":0.0,"enemies":"Cultist","floor":4.0,"turns":1.0},{"damage":0.0,"enemies":"Lagavulin","floor":8.0,"turns":1.0},{"damage":31.0,"enemies":"Gremlin Nob","floor":10.0,"turns":4.0},{"damage":12.0,"enemies":"The Mushroom Lair","floor":12.0,"turns":3.0},{"damage":15.0,"enemies":"3 Sentries","floor":13.0,"turns":4.0},{"damage":30.0,"enemies":"Hexaghost","floor":16.0,"turns":6.0},{"damage":0.0,"enemies":"Chosen","floor":18.0,"turns":3.0},{"damage":7.0,"enemies":"3 Byrds","floor":19.0,"turns":4.0},{"damage":18.0,"enemies":"Snecko","floor":20.0,"turns":3.0},{"damage":42.0,"enemies":"Shelled Parasite and Fungi","floor":21.0,"turns":3.0},{"damage":0.0,"enemies":"Slavers","floor":27.0,"turns":1.0},{"damage":23.0,"enemies":"Colosseum Slavers","floor":29.0,"turns":2.0},{"damage":11.0,"enemies":"Colosseum Nobs","floor":29.0,"turns":3.0},{"damage":15.0,"enemies":"Book of Stabbing","floor":30.0,"turns":2.0},{"damage":9.0,"enemies":"Centurion and Healer","floor":31.0,"turns":3.0},{"damage":33.0,"enemies":"Champ","floor":33.0,"turns":6.0},{"damage":0.0,"enemies":"3 Shapes","floor":35.0,"turns":2.0},{"damage":35.0,"enemies":"3 Darklings","floor":37.0,"turns":3.0},{"damage":12.0,"enemies":"Jaw Worm Horde","floor":38.0,"turns":3.0},{"damage":40.0,"enemies":"Reptomancer","floor":40.0,"turns":3.0},{"damage":9.0,"enemies":"Writhing Mass","floor":44.0,"turns":2.0},{"damage":20.0,"enemies":"2 Orb Walkers","floor":46.0,"turns":2.0},{"damage":2.0,"enemies":"Maw","floor":47.0,"turns":4.0},{"damage":18.0,"enemies":"Giant Head","floor":48.0,"turns":4.0},{"damage":63,"enemies":"Awakened One","floor":50,"turns":6}],"seed_played":"4031122977647194688","potions_obtained":[{"floor":1.0,"key":"Poison Potion"},{"floor":20.0,"key":"Dexterity Potion"},{"floor":29.0,"key":"SkillPotion"},{"floor":31.0,"key":"LiquidBronze"},{"floor":35.0,"key":"AttackPotion"},{"floor":40.0,"key":"PowerPotion"},{"floor":48.0,"key":"Dexterity Potion"}],"is_trial":false,"path_per_floor":["M","?","?","M","?","R","$","E","T","E","?","?","E","$","R","B",null,"M","M","M","M","$","R","?","?","T","E","R","?","E","M","R","B",null,"M","$","M","M","$","E","R","?","T","M","R","?","M","E","R","B"],"character_chosen":"IRONCLAD","items_purchased":["Thunderclap","BloodPotion","Anger","Bag of Marbles","SteroidPotion"],"campfire_rested":4,"item_purchase_floors":[7,14,22,39,39],"current_hp_per_floor":[74,74,51,57,50,50,50,56,56,31,31,25,16,16,38,17,61,70,72,63,30,30,52,52,52,52,61,61,45,39,39,61,37,66,78,78,63,66,66,41,41,41,41,50,50,48,64,64,81,45],"gold":148,"neow_bonus":"THREE_ENEMY_KILL","is_prod":false,"is_daily":false,"chose_seed":false,"campfire_upgraded":4,"win_rate":0,"timestamp":1540677428,"path_taken":["M","?","?","?","?","R","?","E","T","E","?","?","E","$","R","BOSS","M","M","M","M","$","R","?","?","T","E","R","?","E","M","R","BOSS","M","$","M","M","$","E","R","?","T","M","R","?","M","E","R","BOSS"],"build_version":"2018-10-25v2","purchased_purges":3,"victory":true,"max_hp_per_floor":[75,75,75,75,75,75,75,75,75,75,75,75,75,75,75,75,75,75,75,75,75,75,75,75,75,75,75,75,75,75,75,75,75,75,78,78,81,81,81,81,81,81,81,81,81,81,81,81,81,81],"card_choices":[{"not_picked":["Flame Barrier","Sword Boomerang"],"picked":"Flex","floor":1.0},{"not_picked":["Battle Trance","Disarm","Headbutt"],"picked":"SKIP","floor":4.0},{"not_picked":["Disarm","Headbutt"],"picked":"Battle Trance","floor":4.0},{"not_picked":["Clothesline","Warcry"],"picked":"Disarm","floor":8.0},{"not_picked":["Exhume","Twin Strike"],"picked":"Anger","floor":10.0},{"not_picked":["Intimidate","Pommel Strike"],"picked":"Cleave","floor":12.0},{"not_picked":["Cleave","Iron Wave"],"picked":"Whirlwind","floor":13.0},{"not_picked":["Brutality","Exhume"],"picked":"Limit Break","floor":16.0},{"not_picked":["Dual Wield+1"],"picked":"SKIP","floor":18.0},{"not_picked":["Searing Blow+1"],"picked":"SKIP","floor":18.0},{"not_picked":["Shrug It Off"],"picked":"SKIP","floor":19.0},{"not_picked":["Thunderclap"],"picked":"SKIP","floor":19.0},{"not_picked":["Armaments+1"],"picked":"SKIP","floor":20.0},{"not_picked":["Evolve"],"picked":"SKIP","floor":20.0},{"not_picked":[],"picked":"Spot Weakness","floor":21.0},{"not_picked":["Wild Strike"],"picked":"SKIP","floor":21.0},{"not_picked":["Perfected Strike"],"picked":"SKIP","floor":27.0},{"not_picked":["Burning Pact+1"],"picked":"SKIP","floor":30.0},{"not_picked":[],"picked":"Perfected Strike+1","floor":31.0},{"not_picked":[],"picked":"Perfected Strike+1","floor":31.0},{"not_picked":[],"picked":"Feed","floor":33.0},{"not_picked":["Wild Strike"],"picked":"SKIP","floor":35.0},{"not_picked":["Sword Boomerang"],"picked":"SKIP","floor":35.0},{"not_picked":["Sword Boomerang"],"picked":"SKIP","floor":37.0},{"not_picked":["Anger+1"],"picked":"SKIP","floor":37.0},{"not_picked":[],"picked":"Pommel Strike","floor":38.0},{"not_picked":["Thunderclap"],"picked":"SKIP","floor":38.0},{"not_picked":["Blood for Blood+1"],"picked":"SKIP","floor":40.0},{"not_picked":[],"picked":"Twin Strike","floor":44.0},{"not_picked":["Armaments"],"picked":"SKIP","floor":44.0},{"not_picked":["Burning Pact"],"picked":"SKIP","floor":47.0},{"not_picked":["Combust+1"],"picked":"SKIP","floor":47.0},{"not_picked":["Evolve+1"],"picked":"SKIP","floor":48.0}],"player_experience":705214,"relics_obtained":[{"floor":8.0,"key":"Smiling Mask"},{"floor":9.0,"key":"Prayer Wheel"},{"floor":10.0,"key":"Shuriken"},{"floor":12.0,"key":"Odd Mushroom"},{"floor":13.0,"key":"Magic Flower"},{"floor":26.0,"key":"PreservedInsect"},{"floor":27.0,"key":"Champion Belt"},{"floor":29.0,"key":"Du-Vu Doll"},{"floor":29.0,"key":"Frozen Egg 2"},{"floor":30.0,"key":"Ancient Tea Set"},{"floor":40.0,"key":"Centennial Puzzle"},{"floor":43.0,"key":"Blood Vial"},{"floor":46.0,"key":"Pocketwatch"},{"floor":48.0,"key":"Orichalcum"}],"event_choices":[{"damage_healed":0.0,"max_hp_gain":0.0,"max_hp_loss":0.0,"gold_gain":0.0,"event_name":"Living Wall","player_choice":"Grow","floor":2.0,"gold_loss":0.0,"damage_taken":0.0,"cards_upgraded":["Flex"]},{"damage_healed":0.0,"max_hp_gain":0.0,"max_hp_loss":0.0,"gold_gain":0.0,"event_name":"Shining Light","player_choice":"Entered Light","floor":3.0,"gold_loss":0.0,"damage_taken":23.0,"cards_upgraded":["Strike_R","Strike_R"]},{"cards_removed":["Defend_R"],"damage_healed":0.0,"max_hp_gain":0.0,"max_hp_loss":0.0,"gold_gain":0.0,"event_name":"Golden Wing","player_choice":"Card Removal","floor":5.0,"gold_loss":0.0,"damage_taken":7.0},{"damage_healed":0.0,"max_hp_gain":0.0,"max_hp_loss":0.0,"gold_gain":0.0,"event_name":"Golden Idol","player_choice":"Ignored","floor":11.0,"gold_loss":0.0,"damage_taken":0.0},{"damage_healed":0.0,"max_hp_gain":0.0,"max_hp_loss":0.0,"gold_gain":0.0,"event_name":"Mushrooms","player_choice":"Fought Mushrooms","floor":12.0,"gold_loss":0.0,"damage_taken":0.0},{"damage_healed":0.0,"max_hp_gain":0.0,"max_hp_loss":0.0,"gold_gain":0.0,"event_name":"Back to Basics","player_choice":"Simplicity","floor":24.0,"gold_loss":0.0,"damage_taken":0.0,"cards_upgraded":["Strike_R","Strike_R","Strike_R"]},{"damage_healed":0.0,"max_hp_gain":0.0,"max_hp_loss":0.0,"gold_gain":0.0,"cards_transformed":["Anger"],"event_name":"Transmorgrifier","player_choice":"Transformed","floor":25.0,"gold_loss":0.0,"damage_taken":0.0,"cards_obtained":["Whirlwind"]},{"damage_healed":0.0,"max_hp_gain":0.0,"max_hp_loss":0.0,"gold_gain":0.0,"event_name":"Colosseum","player_choice":"Fight","floor":29.0,"gold_loss":0.0,"damage_taken":0.0},{"damage_healed":0.0,"max_hp_gain":0.0,"max_hp_loss":0.0,"gold_gain":0.0,"event_name":"Colosseum","player_choice":"Fought Nobs","floor":29.0,"gold_loss":0.0,"damage_taken":0.0},{"damage_healed":0.0,"max_hp_gain":0.0,"max_hp_loss":0.0,"gold_gain":0.0,"event_name":"Tomb of Lord Red Mask","player_choice":"Paid","floor":42.0,"gold_loss":128.0,"damage_taken":0.0,"relics_obtained":["Red Mask"]},{"damage_healed":0.0,"max_hp_gain":0.0,"max_hp_loss":0.0,"gold_gain":0.0,"event_name":"Mysterious Sphere","player_choice":"Fight","floor":46.0,"gold_loss":0.0,"damage_taken":0.0}],"is_beta":true,"boss_relics":[{"not_picked":["Snecko Eye","Philosopher\u0027s Stone"],"picked":"Busted Crown"},{"not_picked":["Astrolabe","Pandora\u0027s Box"],"picked":"Black Blood"}],"items_purged_floors":[7,14,22],"is_endless":false,"potions_floor_spawned":[1,20,21,29,31,35,40,48],"ascension_level":18}