{"gold_per_floor":[115,115,128,54,54,98,98,128,155,155,155,184,74,90,90,218,218,238,363,363,380,409,409,423,457,457,457,457,149,179,206,218,328,340,367,479,510,193,193,193,208,238,263,313,535,555,555,159,159,159,159,159,109,134,134],"floor_reached":56,"playtime":2685,"items_purged":["Strike_R","Strike_R","Strike_R","Strike_R"],"score":1432,"play_id":"7ec37362-c6fe-4544-843a-a9819da952fa","local_time":"20190124031502","is_ascension_mode":false,"campfire_choices":[{"data":"Whirlwind","floor":7.0,"key":"SMITH"},{"data":"Seeing Red","floor":11.0,"key":"SMITH"},{"data":"Flex","floor":15.0,"key":"SMITH"},{"data":"Offering","floor":23.0,"key":"SMITH"},{"data":"Warcry","floor":27.0,"key":"SMITH"},{"data":"Seeing Red","floor":32.0,"key":"SMITH"},{"floor":40.0,"key":"RECALL"},{"data":"Warcry","floor":49.0,"key":"SMITH"},{"data":"Defend_R","floor":52.0,"key":"SMITH"}],"neow_cost":"NONE","seed_source_timestamp":18045861882463,"circlet_count":0,"master_deck":["Defend_R","Defend_R","Defend_R+1","Defend_R+1","Bash","Whirlwind+1","Warcry+1","Seeing Red+1","Iron Wave+1","Headbutt+1","Seeing Red+1","Flex+1","Offering+1","Warcry+1","Warcry+1"],"special_seed":0,"relics":["Burning Blood","NeowsBlessing","Bloody Idol","Potion Belt","Nunchaku","Matryoshka","Odd Mushroom","Busted Crown","Pocketwatch","Dodecahedron","Red Mask","Pear","Centennial Puzzle","Oddly Smooth Stone","Vajra","War Paint","Chemical X","MawBank","Coffee Dripper","Magic Flower","TheAbacus","Sundial","Whetstone","StoneCalendar","Pen Nib"],"potions_floor_usage":[55,55,55,55,55],"damage_taken":[{"damage":0.0,"enemies":"Small Slimes","floor":1.0,"turns":1.0},{"damage":0.0,"enemies":"2 Louse","floor":3.0,"turns":1.0},{"damage":0.0,"enemies":"3 Sentries","floor":6.0,"turns":1.0},{"damage":13.0,"enemies":"The Mushroom Lair","floor":12.0,"turns":3.0},{"damage":1.0,"enemies":"Jaw Worm","floor":14.0,"turns":3.0},{"damage":51.0,"enemies":"Hexaghost","floor":16.0,"turns":8.0},{"damage":20.0,"enemies":"Shell Parasite","floor":18.0,"turns":6.0},{"damage":6.0,"enemies":"Colosseum Slavers","floor":19.0,"turns":1.0},{"damage":3.0,"enemies":"Colosseum Nobs","floor":19.0,"turns":3.0},{"damage":6.0,"enemies":"Spheric Guardian","floor":21.0,"turns":1.0},{"damage":0.0,"enemies":"Masked Bandits","floor":22.0,"turns":1.0},{"damage":1.0,"enemies":"Chosen and Byrds","floor":24.0,"turns":3.0},{"damage":0.0,"enemies":"Gremlin Leader","floor":25.0,"turns":3.0},{"damage":6.0,"enemies":"Book of Stabbing","floor":30.0,"turns":2.0},{"damage":0.0,"enemies":"Snake Plant","floor":31.0,"turns":2.0},{"damage":24.0,"enemies":"Collector","floor":33.0,"turns":3.0},{"damage":6.0,"enemies":"3 Shapes","floor":35.0,"turns":1.0},{"damage":6.0,"enemies":"Mind Bloom Boss Battle","floor":36.0,"turns":2.0},{"damage":6.0,"enemies":"3 Darklings","floor":37.0,"turns":1.0},{"damage":6.0,"enemies":"Jaw Worm Horde","floor":41.0,"turns":1.0},{"damage":7.0,"enemies":"Giant Head","floor":42.0,"turns":4.0},{"damage":0.0,"enemies":"2 Orb Walkers","floor":44.0,"turns":2.0},{"damage":6.0,"enemies":"Maw","floor":46.0,"turns":3.0},{"damage":6.0,"enemies":"Time Eater","floor":50.0,"turns":2.0},{"damage":6,"enemies":"Shield and Spear","floor":54,"turns":2},{"damage":109,"enemies":"The Heart","floor":55,"turns":6}],"seed_played":"-8893974485202858588","potions_obtained":[{"floor":1.0,"key":"PowerPotion"},{"floor":6.0,"key":"Poison Potion"},{"floor":19.0,"key":"EssenceOfSteel"},{"floor":22.0,"key":"Fire Potion"},{"floor":31.0,"key":"Energy Potion"},{"floor":35.0,"key":"SteroidPotion"},{"floor":36.0,"key":"Fruit Juice"}],"is_trial":false,"path_per_floor":["M","?","M","$","?","E","R","?","T","T","R","?","$","M","R","B",null,"M","?","?","M","?","R","M","E","T","R","T","$","E","M","R","B",null,"M","?","M","$","?","R","M","E","T","?","?","M","?","$","R","B",null,"R","$","E","B",null],"character_chosen":"IRONCLAD","items_purchased":["Seeing Red","Seeing Red","Chemical X","TheAbacus","Fruit Juice","BloodPotion","Fire Potion","Warcry","PowerPotion"],"campfire_rested":0,"item_purchase_floors":[4,13,29,38,48,48,48,48,53],"current_hp_per_floor":[80,80,80,80,60,66,66,66,66,66,66,59,59,64,64,19,80,66,69,69,74,80,80,80,90,90,90,90,90,90,90,90,77,90,90,90,95,95,95,95,95,95,95,95,95,95,95,100,100,100,100,100,100,100,15],"gold":134,"neow_bonus":"THREE_ENEMY_KILL","is_prod":false,"is_daily":false,"chose_seed":false,"campfire_upgraded":8,"win_rate":0,"timestamp":1548270902,"path_taken":["M","?","M","$","?","E","R","?","T","?","R","?","$","M","R","BOSS","M","?","?","M","?","R","M","E","T","R","?","$","E","M","R","BOSS","M","?","M","$","?","R","M","E","T","?","?","M","?","$","R","BOSS","R","$","E","BOSS"],"build_version":"2019-01-17v2","purchased_purges":4,"victory":true,"max_hp_per_floor":[80,80,80,80,80,80,80,80,80,80,80,80,80,80,80,80,80,80,80,80,80,80,80,80,90,90,90,90,90,90,90,90,90,90,90,90,95,95,95,95,95,95,95,95,95,95,95,100,100,100,100,100,100,100,100],"card_choices":[{"not_picked":["Rampage","Hemokinesis"],"picked":"Whirlwind","floor":1.0},{"not_picked":["Carnage","Shockwave"],"picked":"Warcry","floor":3.0},{"not_picked":["Rupture","Impervious"],"picked":"Iron Wave","floor":6.0},{"not_picked":["Sword Boomerang","Disarm"],"picked":"Headbutt","floor":12.0},{"not_picked":["Headbutt","Metallicize"],"picked":"Flex","floor":14.0},{"not_picked":["Exhume","Double Tap"],"picked":"Offering","floor":16.0},{"not_picked":["Iron Wave"],"picked":"SKIP","floor":18.0},{"not_picked":[],"picked":"Warcry","floor":19.0},{"not_picked":["Fire Breathing"],"picked":"SKIP","floor":21.0},{"not_picked":["Searing Blow"],"picked":"SKIP","floor":24.0},{"not_picked":["Pummel"],"picked":"SKIP","floor":25.0},{"not_picked":["Bludgeon"],"picked":"SKIP","floor":30.0},{"not_picked":["Entrench+1"],"picked":"SKIP","floor":31.0},{"not_picked":["Entrench"],"picked":"SKIP","floor":35.0},{"not_picked":["Cleave"],"picked":"SKIP","floor":37.0},{"not_picked":["Clothesline+1"],"picked":"SKIP","floor":41.0},{"not_picked":["Clash"],"picked":"SKIP","floor":42.0},{"not_picked":[],"picked":"Warcry+1","floor":44.0},{"not_picked":["Ghostly Armor+1"],"picked":"SKIP","floor":46.0},{"not_picked":["Dual Wield"],"picked":"SKIP","floor":54}],"player_experience":463146,"relics_obtained":[{"floor":6.0,"key":"Potion Belt"},{"floor":10.0,"key":"Matryoshka"},{"floor":12.0,"key":"Odd Mushroom"},{"floor":19.0,"key":"Pocketwatch"},{"floor":19.0,"key":"Dodecahedron"},{"floor":22.0,"key":"Red Mask"},{"floor":25.0,"key":"Pear"},{"floor":26.0,"key":"Centennial Puzzle"},{"floor":26.0,"key":"Oddly Smooth Stone"},{"floor":28.0,"key":"Vajra"},{"floor":28.0,"key":"War Paint"},{"floor":30.0,"key":"MawBank"},{"floor":36.0,"key":"Magic Flower"},{"floor":42.0,"key":"Sundial"},{"floor":43.0,"key":"Whetstone"},{"floor":44.0,"key":"StoneCalendar"},{"floor":54,"key":"Pen Nib"}],"event_choices":[{"cards_removed":["Strike_R"],"damage_healed":0.0,"max_hp_gain":0.0,"max_hp_loss":0.0,"gold_gain":0.0,"event_name":"Living Wall","player_choice":"Forget","floor":2.0,"gold_loss":0.0,"damage_taken":0.0},{"damage_healed":0.0,"max_hp_gain":0.0,"max_hp_loss":0.0,"gold_gain":0.0,"event_name":"Golden Idol","player_choice":"Take Damage","floor":5.0,"gold_loss":0.0,"damage_taken":20.0,"relics_obtained":["Golden Idol"]},{"damage_healed":0.0,"max_hp_gain":0.0,"max_hp_loss":0.0,"gold_gain":30.0,"event_name":"Dead Adventurer","player_choice":"Searched \u00273\u0027 times","floor":8.0,"gold_loss":0.0,"damage_taken":0.0,"relics_obtained":["Nunchaku"]},{"damage_healed":0.0,"max_hp_gain":0.0,"max_hp_loss":0.0,"gold_gain":0.0,"event_name":"Mushrooms","player_choice":"Fought Mushrooms","floor":12.0,"gold_loss":0.0,"damage_taken":0.0},{"damage_healed":0.0,"max_hp_gain":0.0,"max_hp_loss":0.0,"gold_gain":0.0,"event_name":"Colosseum","player_choice":"Fight","floor":19.0,"gold_loss":0.0,"damage_taken":0.0},{"damage_healed":0.0,"max_hp_gain":0.0,"max_hp_loss":0.0,"gold_gain":0.0,"event_name":"Colosseum","player_choice":"Fought Nobs","floor":19.0,"gold_loss":0.0,"damage_taken":0.0},{"damage_healed":0.0,"max_hp_gain":0.0,"max_hp_loss":0.0,"gold_gain":0.0,"event_name":"Forgotten Altar","player_choice":"Gave Idol","floor":20.0,"relics_lost":["Golden Idol"],"gold_loss":0.0,"damage_taken":0.0,"relics_obtained":["Bloody Idol"]},{"damage_healed":0.0,"max_hp_gain":0.0,"max_hp_loss":0.0,"gold_gain":0.0,"event_name":"Masked Bandits","player_choice":"Fought Bandits","floor":22.0,"gold_loss":0.0,"damage_taken":0.0},{"damage_healed":0.0,"max_hp_gain":0.0,"max_hp_loss":0.0,"gold_gain":0.0,"event_name":"MindBloom","player_choice":"Fight","floor":36.0,"gold_loss":0.0,"damage_taken":0.0},{"damage_healed":0.0,"max_hp_gain":0.0,"max_hp_loss":0.0,"gold_gain":0.0,"event_name":"SensoryStone","player_choice":"Memory 1","floor":39.0,"gold_loss":0.0,"damage_taken":0.0},{"damage_healed":0.0,"max_hp_gain":0.0,"max_hp_loss":0.0,"gold_gain":0.0,"event_name":"Mysterious Sphere","player_choice":"Fight","floor":44.0,"gold_loss":0.0,"damage_taken":0.0},{"damage_healed":0.0,"max_hp_gain":0.0,"max_hp_loss":0.0,"gold_gain":222.0,"event_name":"Tomb of Lord Red Mask","player_choice":"Wore Mask","floor":45.0,"gold_loss":0.0,"damage_taken":0.0},{"cards_removed":["Warcry"],"damage_healed":0.0,"max_hp_gain":0.0,"max_hp_loss":0.0,"gold_gain":0.0,"event_name":"Falling","player_choice":"Removed Skill","floor":47.0,"gold_loss":0.0,"damage_taken":0.0}],"is_beta":false,"boss_relics":[{"not_picked":["Runic Dome","Ectoplasm"],"picked":"Busted Crown"},{"not_picked":["Sozu","Lizard Tail"],"picked":"Coffee Dripper"}],"items_purged_floors":[13,29,38,48],"is_endless":false,"potions_floor_spawned":[1,6,19,19,22,31,35,36,54],"ascension_level":0}