{"gold_per_floor":[214,65,78,92,106,106,140,140,140,140,169,182,182,182,182,285,285,299,398,150,168,168,168,17,47,94,124,124,137,137,152,152,252,252,272,272,292,46,91,110,124,124,148,148,148,148],"floor_reached":46,"playtime":2858,"items_purged":["Strike_B","Strike_B","Strike_B"],"score":652,"play_id":"6763cd49-823d-4c93-a065-19a6e4b1d4fe","local_time":"20180717181758","is_ascension_mode":true,"campfire_choices":[{"data":"Static Discharge","floor":6,"key":"SMITH"},{"data":"Zap","floor":8,"key":"SMITH"},{"data":"Dualcast","floor":10,"key":"SMITH"},{"data":"Leap","floor":15,"key":"SMITH"},{"data":"Defend_B","floor":23,"key":"SMITH"},{"data":"Conserve Battery","floor":28,"key":"SMITH"},{"data":"Defend_B","floor":30,"key":"SMITH"},{"data":"Streamline","floor":32,"key":"SMITH"},{"data":"Consume","floor":42,"key":"SMITH"},{"data":"Defend_B","floor":45,"key":"SMITH"}],"neow_cost":"NONE","seed_source_timestamp":368820052848468,"circlet_count":0,"master_deck":["Defend_B+1","Defend_B+1","Defend_B+1","Defend_B","Zap+1","Dualcast+1","Static Discharge+1","Echo Form","Leap+1","Electrodynamics","Multi-Cast","Streamline+1","Echo Form","Skim","Self Repair","Conserve Battery+1","Auto Shields+1","Fission","Leap+1","Self Repair","Turbo","Consume+1"],"relics":["Cracked Core","Torii","Mercury Hourglass","Pantograph","Nuclear Battery","Oddly Smooth Stone","Cables","Happy Flower","Art of War","Eternal Feather","Thread and Needle","Bag of Marbles"],"potions_floor_usage":[11,25,25,27,39,46],"damage_taken":[{"damage":2,"enemies":"Jaw Worm","floor":1,"turns":3},{"damage":5,"enemies":"Small Slimes","floor":3,"turns":4},{"damage":0,"enemies":"Cultist","floor":4,"turns":4},{"damage":3,"enemies":"3 Louse","floor":5,"turns":4},{"damage":17,"enemies":"3 Sentries","floor":7,"turns":5},{"damage":19,"enemies":"Gremlin Nob","floor":11,"turns":4},{"damage":9,"enemies":"Blue Slaver","floor":12,"turns":2},{"damage":9,"enemies":"Slime Boss","floor":16,"turns":5},{"damage":10,"enemies":"2 Thieves","floor":18,"turns":3},{"damage":8,"enemies":"Shell Parasite","floor":21,"turns":3},{"damage":1,"enemies":"Gremlin Leader","floor":25,"turns":5},{"damage":21,"enemies":"Book of Stabbing","floor":27,"turns":5},{"damage":17,"enemies":"Centurion and Healer","floor":29,"turns":3},{"damage":1,"enemies":"Cultist and Chosen","floor":31,"turns":5},{"damage":15,"enemies":"Champ","floor":33,"turns":13},{"damage":11,"enemies":"3 Darklings","floor":35,"turns":3},{"damage":22,"enemies":"Flame Bruiser 1 Orb","floor":37,"turns":7},{"damage":33,"floor":39,"turns":4},{"damage":28,"enemies":"4 Shapes","floor":40,"turns":4},{"damage":0,"enemies":"3 Darklings","floor":41,"turns":4},{"damage":39,"enemies":"Nemesis","floor":46,"turns":10}],"seed_played":"4636431047802410627","potions_obtained":[{"floor":5,"key":"LiquidBronze"},{"floor":7,"key":"LiquidBronze"},{"floor":16,"key":"Explosive Potion"},{"floor":18,"key":"FearPotion"},{"floor":21,"key":"LiquidBronze"},{"floor":29,"key":"Swift Potion"},{"floor":41,"key":"GamblersBrew"}],"is_trial":false,"path_per_floor":["M","$","M","M","M","R","E","R","T","R","E","M","?","?","R","B",null,"M","?","$","M","?","R","$","E","T","E","R","M","R","M","R","B",null,"M","?","M","$","?","M","M","R","T","$","R"],"character_chosen":"DEFECT","items_purchased":["Echo Form","Echo Form","Oddly Smooth Stone","Self Repair","Turbo"],"campfire_rested":0,"item_purchase_floors":[2,20,24,38,38],"current_hp_per_floor":[66,66,61,61,58,58,41,41,41,41,22,13,6,6,6,22,62,52,52,52,44,44,44,44,57,57,36,36,19,19,25,25,42,67,56,56,48,48,29,8,22,30,30,30,38,0],"gold":148,"neow_bonus":"HUNDRED_GOLD","is_prod":false,"is_daily":false,"chose_seed":false,"campfire_upgraded":10,"win_rate":0,"timestamp":1531844278,"path_taken":["M","$","M","M","M","R","E","R","T","R","E","M","?","?","R","BOSS","M","?","$","M","?","R","?","E","T","E","R","M","R","M","R","BOSS","M","?","M","$","?","M","M","R","T","?","R","E"],"build_version":"2018-07-16","purchased_purges":3,"victory":false,"max_hp_per_floor":[75,75,75,75,75,75,75,75,75,75,75,75,75,75,75,75,75,75,75,75,75,75,75,75,75,75,75,75,75,75,75,75,75,75,75,75,75,75,75,75,75,75,75,75,75,75],"card_choices":[{"not_picked":["Leap","Darkness"],"picked":"Static Discharge","floor":1},{"not_picked":["Fusion","Coolheaded"],"picked":"Leap","floor":3},{"not_picked":["Compile Driver","Stack","Redo"],"picked":"SKIP","floor":4},{"not_picked":["Lockon","Compile Driver","Genetic Algorithm"],"picked":"SKIP","floor":5},{"not_picked":["Turbo","Go for the Eyes"],"picked":"Electrodynamics","floor":7},{"not_picked":["Barrage","Go for the Eyes"],"picked":"Cold Snap","floor":11},{"not_picked":["Blizzard","Redo","Beam Cell"],"picked":"SKIP","floor":12},{"not_picked":["Meteor Strike","Biased Cognition"],"picked":"Multi-Cast","floor":16},{"not_picked":["Coolheaded","Barrage"],"picked":"Streamline","floor":18},{"not_picked":["Chill","Steam"],"picked":"Skim","floor":21},{"not_picked":["Self Repair","Chaos"],"picked":"Conserve Battery","floor":25},{"not_picked":["Recycle","Hyperbeam","Chaos+1"],"picked":"SKIP","floor":27},{"not_picked":["Skim","Blizzard","Beam Cell+1"],"picked":"SKIP","floor":29},{"not_picked":["Coolheaded+1","Hello World"],"picked":"Auto Shields+1","floor":31},{"not_picked":["Multi-Cast","Rainbow"],"picked":"Fission","floor":33},{"not_picked":["Barrage+1","Force Field"],"picked":"Leap+1","floor":35},{"not_picked":["Blizzard+1","Rebound","Aggregate+1"],"picked":"SKIP","floor":37},{"not_picked":["Barrage","Hologram"],"picked":"Consume","floor":39},{"not_picked":["Genetic Algorithm","Redo+1","Compile Driver+1"],"picked":"SKIP","floor":40},{"not_picked":["Streamline","Rebound","Melter+1"],"picked":"SKIP","floor":41}],"player_experience":412542,"relics_obtained":[{"floor":7,"key":"Torii"},{"floor":9,"key":"Mercury Hourglass"},{"floor":11,"key":"Pantograph"},{"floor":25,"key":"Cables"},{"floor":26,"key":"Happy Flower"},{"floor":27,"key":"Art of War"},{"floor":39,"key":"Thread and Needle"},{"floor":43,"key":"Bag of Marbles"}],"event_choices":[{"event_name":"Golden Wing","player_choice":"Card Removal","floor":13,"damage_taken":0},{"event_name":"Shining Light","player_choice":"Ignored","floor":14,"damage_taken":0},{"event_name":"Nest","player_choice":"Stole From Cult","floor":19,"damage_taken":0},{"event_name":"The Library","player_choice":"Read","floor":22,"damage_taken":0},{"event_name":"Falling","player_choice":"Removed Attack","floor":36,"damage_taken":0},{"event_name":"Mysterious Sphere","player_choice":"Fight","floor":39,"damage_taken":0}],"boss_relics":[{"not_picked":["Astrolabe","Fusion Hammer"],"picked":"Nuclear Battery"},{"not_picked":["Pandora\u0027s Box","Orrery"],"picked":"Eternal Feather"}],"items_purged_floors":[2,20,38],"is_endless":false,"potions_floor_spawned":[5,7,16,18,21,29,41],"killed_by":"Nemesis","ascension_level":8}