{"gold_per_floor":[115,215,227,239,253,253,253,253,253,264,295,295,330,341,341,441,441,457,489,489,15,32,65,65,92,92,92,92,92,105,121,121,223,223,234,244,244,344,393,393,47,59,106,106,133,133,151,164,164,164],"floor_reached":51,"playtime":3671,"items_purged":["Defend_P","Strike_P"],"score":853,"play_id":"0a5d3bb9-3641-4339-a785-de30ba728fb4","local_time":"20190430002558","is_ascension_mode":true,"campfire_choices":[{"data":"Eruption","floor":6.0,"key":"SMITH"},{"data":"WindmillStrike","floor":8.0,"key":"SMITH"},{"data":"Vigilance","floor":15.0,"key":"SMITH"},{"data":"Halt","floor":24.0,"key":"SMITH"},{"data":"Adaptation","floor":27.0,"key":"SMITH"},{"data":"Defend_P","floor":29.0,"key":"SMITH"},{"floor":32.0,"key":"REST"},{"data":"Defend_P","floor":40,"key":"SMITH"},{"data":"Defend_P","floor":46,"key":"SMITH"},{"floor":49,"key":"REST"}],"neow_cost":"NONE","seed_source_timestamp":403600796283,"circlet_count":0,"master_deck":["Strike_P","Strike_P+1","Strike_P+1","Defend_P+1","Defend_P+1","Defend_P+1","Eruption+1","Vigilance+1","Halt+1","WindmillStrike+1","FollowUp+1","Adaptation+1","FearNoEvil+1","InnerPeace+1","FollowUp+1","Indignation+1","FlurryOfBlows+1","SashWhip+1","CarveReality+1","DeusExMachina+1","CurseOfTheBell","Crescendo+1","EmptyMind+1","FlyingSleeves+1","FearNoEvil+1","Meditate+1","EmptyBody+1"],"special_seed":0,"relics":["Busted Crown","Torii","CloakClasp","Lantern","Yang","Toxic Egg 2","VioletLotus","Red Mask","Molten Egg 2","Sundial","Ornamental Fan","Whetstone","Calling Bell","Potion Belt","White Beast Statue","Prayer Wheel","Du-Vu Doll","Mango","TheAbacus","Toy Ornithopter","Meat on the Bone"],"potions_floor_usage":[39,45,50,50,50,50],"damage_taken":[{"damage":0.0,"enemies":"Jaw Worm","floor":1.0,"turns":4.0},{"damage":0.0,"enemies":"Cultist","floor":3.0,"turns":4.0},{"damage":0.0,"enemies":"2 Louse","floor":4.0,"turns":2.0},{"damage":6.0,"enemies":"Looter","floor":5.0,"turns":4.0},{"damage":1.0,"enemies":"Large Slime","floor":10.0,"turns":4.0},{"damage":9.0,"enemies":"3 Sentries","floor":11.0,"turns":6.0},{"damage":0.0,"enemies":"Lagavulin","floor":13.0,"turns":4.0},{"damage":0.0,"enemies":"Exordium Thugs","floor":14.0,"turns":3.0},{"damage":0.0,"enemies":"Slime Boss","floor":16.0,"turns":7.0},{"damage":0.0,"enemies":"Chosen","floor":18.0,"turns":3.0},{"damage":26.0,"enemies":"Masked Bandits","floor":19.0,"turns":6.0},{"damage":1.0,"enemies":"Spheric Guardian","floor":22.0,"turns":3.0},{"damage":18.0,"enemies":"Slavers","floor":23.0,"turns":5.0},{"damage":7.0,"enemies":"Book of Stabbing","floor":25.0,"turns":4.0},{"damage":0.0,"enemies":"Snecko","floor":30.0,"turns":3.0},{"damage":0.0,"enemies":"Snake Plant","floor":31.0,"turns":2.0},{"damage":14.0,"enemies":"Champ","floor":33.0,"turns":8.0},{"damage":0.0,"enemies":"Orb Walker","floor":35.0,"turns":2.0},{"damage":22.0,"enemies":"3 Darklings","floor":36.0,"turns":4.0},{"damage":5.0,"enemies":"Mind Bloom Boss Battle","floor":38.0,"turns":5.0},{"damage":1,"enemies":"2 Orb Walkers","floor":39,"turns":2},{"damage":10,"enemies":"Spire Growth","floor":42,"turns":3},{"damage":0,"enemies":"Giant Head","floor":45,"turns":5},{"damage":34,"enemies":"4 Shapes","floor":47,"turns":3},{"damage":0,"enemies":"Transient","floor":48,"turns":5},{"damage":1,"enemies":"Donu and Deca","floor":50,"turns":7}],"seed_played":"1393554583135924277","potions_obtained":[{"floor":4.0,"key":"EssenceOfSteel"},{"floor":11.0,"key":"Ambrosia"},{"floor":14.0,"key":"SpeedPotion"},{"floor":19.0,"key":"DuplicationPotion"},{"floor":25.0,"key":"Strength Potion"},{"floor":31.0,"key":"FearPotion"},{"floor":33.0,"key":"SpeedPotion"},{"floor":35.0,"key":"Energy Potion"},{"floor":36.0,"key":"Strength Potion"},{"floor":38.0,"key":"Explosive Potion"},{"floor":39,"key":"Fire Potion"},{"floor":42,"key":"AttackPotion"},{"floor":45,"key":"LiquidBronze"},{"floor":48,"key":"Swift Potion"}],"is_trial":false,"path_per_floor":["M","?","M","M","M","R","?","R","T","M","E","T","E","M","R","B",null,"M","?","?","$","M","E","R","E","T","R","?","R","M","M","R","B",null,"M","M","?","?","?","R","$","M","T","?","E","R","M","M","R","B",null],"character_chosen":"WATCHER","items_purchased":["Molten Egg 2","FearNoEvil+1","InnerPeace+1","FlyingSleeves+1","FearNoEvil+1","TheAbacus"],"campfire_rested":2,"item_purchase_floors":[21,21,21,41,41,41],"current_hp_per_floor":[65,65,65,65,59,59,59,59,59,58,49,49,49,49,49,49,65,65,39,60,60,59,41,41,34,34,34,34,34,34,34,53,39,65,65,43,43,38,51,51,51,41,41,41,46,46,24,36,59,78],"gold":164,"neow_bonus":"BOSS_RELIC","is_prod":false,"is_daily":false,"chose_seed":false,"campfire_upgraded":8,"win_rate":0,"timestamp":1556551558,"path_taken":["M","?","M","?","M","R","?","R","T","?","E","?","E","M","R","BOSS","M","?","?","$","M","E","R","E","T","R","?","R","M","?","R","BOSS","M","M","?","?","?","R","$","M","T","?","E","R","M","?","R","BOSS"],"build_version":"2019-09-25","purchased_purges":2,"victory":true,"max_hp_per_floor":[65,65,65,65,65,65,65,65,65,65,65,65,65,65,65,65,65,65,65,65,65,65,65,65,65,65,65,65,65,65,65,65,65,65,65,65,65,65,79,79,79,79,79,79,79,79,79,79,79,79],"card_choices":[{"not_picked":[],"picked":"Halt","floor":1.0},{"not_picked":[],"picked":"EmptyBody","floor":3.0},{"not_picked":[],"picked":"WindmillStrike","floor":4.0},{"not_picked":["Weave"],"picked":"SKIP","floor":5.0},{"not_picked":["CrushJoints"],"picked":"SKIP","floor":10.0},{"not_picked":["JustLucky"],"picked":"SKIP","floor":11.0},{"not_picked":["Worship"],"picked":"SKIP","floor":13.0},{"not_picked":[],"picked":"FollowUp","floor":14.0},{"not_picked":[],"picked":"Adaptation","floor":16.0},{"not_picked":["JustLucky"],"picked":"SKIP","floor":18.0},{"not_picked":[],"picked":"FollowUp+1","floor":22.0},{"not_picked":[],"picked":"Indignation+1","floor":23.0},{"not_picked":[],"picked":"FlurryOfBlows+1","floor":25.0},{"not_picked":[],"picked":"SashWhip+1","floor":30.0},{"not_picked":[],"picked":"CarveReality+1","floor":31.0},{"not_picked":[],"picked":"DeusExMachina+1","floor":33.0},{"not_picked":[],"picked":"SashWhip+1","floor":35.0},{"not_picked":["ThirdEye+1"],"picked":"SKIP","floor":35.0},{"not_picked":[],"picked":"Crescendo+1","floor":36.0},{"not_picked":["FollowUp+1"],"picked":"SKIP","floor":36.0},{"not_picked":[],"picked":"EmptyMind+1","floor":38.0},{"not_picked":[],"picked":"Meditate+1","floor":42},{"not_picked":["Consecrate+1"],"picked":"SKIP","floor":42},{"not_picked":["ThirdEye+1"],"picked":"SKIP","floor":45},{"not_picked":["JustLucky+1"],"picked":"SKIP","floor":47},{"not_picked":["FollowUp+1"],"picked":"SKIP","floor":47},{"not_picked":["EmptyBody+1"],"picked":"SKIP","floor":48},{"not_picked":["ReachHeaven+1"],"picked":"SKIP","floor":48},{"not_picked":[],"picked":"EmptyBody+1","floor":48},{"not_picked":["ReachHeaven+1"],"picked":"SKIP","floor":48}],"player_experience":550479,"relics_obtained":[{"floor":9.0,"key":"CloakClasp"},{"floor":11.0,"key":"Lantern"},{"floor":12.0,"key":"Yang"},{"floor":13.0,"key":"Toxic Egg 2"},{"floor":19.0,"key":"Red Mask"},{"floor":23.0,"key":"Sundial"},{"floor":25.0,"key":"Ornamental Fan"},{"floor":26.0,"key":"Whetstone"},{"floor":34.0,"key":"Potion Belt"},{"floor":34.0,"key":"White Beast Statue"},{"floor":34.0,"key":"Prayer Wheel"},{"floor":38.0,"key":"Du-Vu Doll"},{"floor":39,"key":"Mango"},{"floor":43,"key":"Toy Ornithopter"},{"floor":45,"key":"Meat on the Bone"}],"event_choices":[{"damage_healed":0.0,"max_hp_gain":0.0,"max_hp_loss":0.0,"gold_gain":100.0,"event_name":"Golden Shrine","player_choice":"Pray","floor":2.0,"gold_loss":0.0,"damage_taken":0.0},{"cards_removed":["EmptyBody"],"damage_healed":0.0,"max_hp_gain":0.0,"max_hp_loss":0.0,"gold_gain":0.0,"event_name":"WeMeetAgain","player_choice":"Gave Card","floor":7.0,"gold_loss":0.0,"damage_taken":0.0,"relics_obtained":["Torii"]},{"damage_healed":0.0,"max_hp_gain":0.0,"max_hp_loss":0.0,"gold_gain":0.0,"event_name":"Masked Bandits","player_choice":"Fought Bandits","floor":19.0,"gold_loss":0.0,"damage_taken":0.0},{"damage_healed":21.0,"max_hp_gain":0.0,"max_hp_loss":0.0,"gold_gain":0.0,"event_name":"The Library","player_choice":"Heal","floor":20.0,"gold_loss":0.0,"damage_taken":0.0},{"damage_healed":0.0,"max_hp_gain":0.0,"max_hp_loss":0.0,"gold_gain":0.0,"event_name":"Accursed Blacksmith","player_choice":"Forge","floor":28.0,"gold_loss":0.0,"damage_taken":0.0,"cards_upgraded":["FollowUp"]},{"cards_removed":["SashWhip"],"damage_healed":0.0,"max_hp_gain":0.0,"max_hp_loss":0.0,"gold_gain":0.0,"event_name":"Falling","player_choice":"Removed Attack","floor":37.0,"gold_loss":0.0,"damage_taken":0.0},{"damage_healed":0.0,"max_hp_gain":0.0,"max_hp_loss":0.0,"gold_gain":0.0,"event_name":"MindBloom","player_choice":"Fight","floor":38.0,"gold_loss":0.0,"damage_taken":0.0},{"damage_healed":0,"gold_gain":0,"player_choice":"Fight","damage_taken":0,"max_hp_gain":0,"max_hp_loss":0,"event_name":"Mysterious Sphere","floor":39,"gold_loss":0},{"damage_healed":0,"gold_gain":0,"player_choice":"Ignored","damage_taken":0,"max_hp_gain":0,"max_hp_loss":0,"event_name":"Transmorgrifier","floor":44,"gold_loss":0}],"is_beta":true,"boss_relics":[{"not_picked":["Fusion Hammer","SlaversCollar"],"picked":"VioletLotus"},{"not_picked":["Runic Dome","Snecko Eye"],"picked":"Calling Bell"}],"items_purged_floors":[21,41],"is_endless":false,"potions_floor_spawned":[4,11,14,19,25,31,33,35,36,38,39,42,45,47,48],"ascension_level":2}