{"gold_per_floor":[119,132,147,158,176,176,208,208,255,330,330],"floor_reached":11,"playtime":477,"items_purged":[],"score":109,"play_id":"170a59e6-c790-4a32-af16-f4db0fc575d5","local_time":"20180730000618","is_ascension_mode":true,"campfire_choices":[{"data":"Streamline","floor":6,"key":"SMITH"},{"floor":8,"key":"REST"}],"neow_cost":"","seed_source_timestamp":15624509114018,"circlet_count":0,"master_deck":["Strike_B","Strike_B","Strike_B","Strike_B","Defend_B","Defend_B","Defend_B","Defend_B","Zap","Dualcast","Genetic Algorithm","Streamline+1","White Noise","Darkness","Storm","Streamline"],"relics":["Cracked Core","Meat on the Bone","Bronze Scales"],"potions_floor_usage":[4],"damage_taken":[{"damage":2,"enemies":"Jaw Worm","floor":1,"turns":3},{"damage":14,"enemies":"Small Slimes","floor":2,"turns":2},{"damage":1,"enemies":"Cultist","floor":3,"turns":3},{"damage":23,"enemies":"3 Louse","floor":4,"turns":5},{"damage":0,"enemies":"Blue Slaver","floor":5,"turns":4},{"damage":24,"enemies":"3 Sentries","floor":7,"turns":5},{"damage":26,"enemies":"Lagavulin","floor":11,"turns":5}],"seed_played":"-8802125386231550765","potions_obtained":[{"floor":1,"key":"PowerPotion"},{"floor":7,"key":"SteroidPotion"}],"is_trial":false,"path_per_floor":["M","M","M","M","M","R","E","R","T","?"],"character_chosen":"DEFECT","items_purchased":[],"campfire_rested":1,"item_purchase_floors":[],"current_hp_per_floor":[66,52,51,28,28,28,4,26,26,15,0],"gold":330,"neow_bonus":"","is_prod":false,"is_daily":false,"chose_seed":false,"campfire_upgraded":1,"win_rate":0,"timestamp":1532901978,"path_taken":["M","M","M","M","M","R","E","R","T","?","E"],"build_version":"2018-07-26","purchased_purges":0,"victory":false,"max_hp_per_floor":[75,75,75,75,75,75,75,75,75,75,75],"card_choices":[{"not_picked":["Undo","Beam Cell"],"picked":"Genetic Algorithm","floor":1},{"not_picked":["Sweeping Beam","Barrage"],"picked":"Streamline","floor":2},{"not_picked":["Ball Lightning","Leap"],"picked":"White Noise","floor":3},{"not_picked":["Stack","Leap"],"picked":"Darkness","floor":4},{"not_picked":["Melter","Streamline"],"picked":"Storm","floor":5},{"not_picked":["FTL","Steam Power"],"picked":"Streamline","floor":7}],"player_experience":459082,"relics_obtained":[{"floor":7,"key":"Meat on the Bone"},{"floor":9,"key":"Bronze Scales"}],"event_choices":[{"event_name":"World of Goop","player_choice":"Gather Gold","floor":10,"damage_taken":0}],"is_beta":true,"boss_relics":[],"items_purged_floors":[],"is_endless":false,"potions_floor_spawned":[1,7],"killed_by":"Lagavulin","ascension_level":9}