{"gold_per_floor":[109,10,10,85,85,116,116,144,156,168,196,208,232,304,316,405,417,445,472,409,471,502,514,269,319,343,320,332,332],"floor_reached":29,"playtime":712,"items_purged":["Strike_G","Strike_G"],"score":569,"play_id":"c5c44c53-efd6-4846-ab49-9d0d451cfa69","local_time":"20181029131755","is_ascension_mode":true,"campfire_choices":[{"data":"Deadly Poison","floor":7.0,"key":"SMITH"},{"data":"Deadly Poison","floor":10.0,"key":"SMITH"},{"data":"Deadly Poison","floor":12.0,"key":"SMITH"},{"data":"Catalyst","floor":15.0,"key":"SMITH"},{"data":"Bouncing Flask","floor":23.0,"key":"SMITH"}],"neow_cost":"NONE","seed_source_timestamp":97647858074651,"circlet_count":0,"master_deck":["Defend_G","Defend_G","Defend_G","Defend_G","Defend_G","Strike_G","Survivor","Neutralize","AscendersBane","Blur","Deadly Poison+1","Deadly Poison+1","Deadly Poison+1","Backflip","Bane","Catalyst+1","Venomology","Well Laid Plans","Deadly Poison","Blur","Bouncing Flask+1","Backflip+1"],"special_seed":0,"relics":["Ring of the Snake","NeowsBlessing","PreservedInsect","MawBank","Dream Catcher","Potion Belt","Orrery","Ancient Tea Set","Anchor","Tiny Chest"],"potions_floor_usage":[28,28,29,29,29],"damage_taken":[{"damage":0.0,"enemies":"Jaw Worm","floor":1.0,"turns":1.0},{"damage":0.0,"enemies":"3 Sentries","floor":6.0,"turns":2.0},{"damage":0.0,"enemies":"Lagavulin","floor":8.0,"turns":1.0},{"damage":0.0,"enemies":"2 Louse","floor":11.0,"turns":3.0},{"damage":0.0,"enemies":"Cultist","floor":13.0,"turns":3.0},{"damage":3.0,"enemies":"Gremlin Nob","floor":14.0,"turns":3.0},{"damage":4.0,"enemies":"Hexaghost","floor":16.0,"turns":7.0},{"damage":2.0,"enemies":"3 Byrds","floor":18.0,"turns":6.0},{"damage":13.0,"enemies":"Shell Parasite","floor":19.0,"turns":4.0},{"damage":6.0,"enemies":"Centurion and Healer","floor":22.0,"turns":6.0},{"damage":20,"enemies":"Cultist and Chosen","floor":28,"turns":7},{"damage":37,"enemies":"3 Cultists","floor":29,"turns":5}],"seed_played":"-4861861895682136024","potions_obtained":[{"floor":6.0,"key":"Energy Potion"},{"floor":8.0,"key":"Strength Potion"},{"floor":14.0,"key":"SpeedPotion"},{"floor":18.0,"key":"EssenceOfSteel"}],"is_trial":false,"path_per_floor":["M","$","?","?","?","E","R","E","T","R","M","R","M","?","R","B",null,"M","M","?","?","M","R","$","?","T","?","M"],"character_chosen":"THE_SILENT","items_purchased":["Deadly Poison","Ancient Tea Set"],"campfire_rested":0,"item_purchase_floors":[2,24],"current_hp_per_floor":[59,59,64,53,46,46,46,46,46,46,46,46,46,43,43,39,63,61,48,48,48,42,42,42,42,42,42,22,0],"gold":332,"neow_bonus":"THREE_ENEMY_KILL","is_prod":false,"is_daily":false,"chose_seed":false,"campfire_upgraded":5,"win_rate":0,"timestamp":1540815475,"path_taken":["M","$","?","?","?","E","R","E","T","R","?","R","M","?","R","BOSS","M","M","?","?","M","R","$","?","T","?","M","M"],"build_version":"2018-10-25v2","purchased_purges":2,"victory":false,"max_hp_per_floor":[66,66,71,71,71,71,71,71,71,71,71,71,71,71,71,71,71,71,71,71,71,71,71,71,71,71,71,71,71],"card_choices":[{"not_picked":["Dagger Throw","Backflip"],"picked":"Blur","floor":1.0},{"not_picked":["Sucker Punch","All Out Attack"],"picked":"Deadly Poison","floor":6.0},{"not_picked":["Masterful Stab","Prepared"],"picked":"Deadly Poison","floor":8.0},{"not_picked":["Calculated Gamble","Dodge and Roll"],"picked":"Backflip","floor":11.0},{"not_picked":["All Out Attack","Deflect"],"picked":"Bane","floor":13.0},{"not_picked":["Quick Slash","Flying Knee"],"picked":"Catalyst","floor":14.0},{"not_picked":["Glass Knife","Wraith Form v2"],"picked":"Venomology","floor":16.0},{"not_picked":["Riddle With Holes","Poisoned Stab"],"picked":"Well Laid Plans","floor":17.0},{"not_picked":["Poisoned Stab","Cloak And Dagger"],"picked":"Deadly Poison","floor":17.0},{"not_picked":["Poisoned Stab","Blade Dance"],"picked":"Blur","floor":17.0},{"not_picked":["Glass Knife","Blade Dance","Outmaneuver"],"picked":"SKIP","floor":18.0},{"not_picked":["Bane","Quick Slash"],"picked":"Bouncing Flask","floor":19.0},{"not_picked":["Prepared+1","A Thousand Cuts"],"picked":"Backflip+1","floor":22.0},{"not_picked":["Predator","Poisoned Stab","Underhanded Strike"],"picked":"SKIP","floor":28}],"player_experience":717347,"relics_obtained":[{"floor":6.0,"key":"PreservedInsect"},{"floor":8.0,"key":"MawBank"},{"floor":9.0,"key":"Dream Catcher"},{"floor":14.0,"key":"Potion Belt"},{"floor":26.0,"key":"Anchor"}],"event_choices":[{"damage_healed":0.0,"max_hp_gain":5.0,"max_hp_loss":0.0,"gold_gain":0.0,"event_name":"Big Fish","player_choice":"Donut","floor":3.0,"gold_loss":0.0,"damage_taken":0.0},{"damage_healed":0.0,"max_hp_gain":0.0,"max_hp_loss":0.0,"gold_gain":75.0,"event_name":"World of Goop","player_choice":"Gather Gold","floor":4.0,"gold_loss":0.0,"damage_taken":11.0},{"cards_removed":["Strike_G"],"damage_healed":0.0,"max_hp_gain":0.0,"max_hp_loss":0.0,"gold_gain":0.0,"event_name":"Golden Wing","player_choice":"Card Removal","floor":5.0,"gold_loss":0.0,"damage_taken":7.0},{"damage_healed":0.0,"max_hp_gain":0.0,"max_hp_loss":0.0,"gold_gain":0.0,"event_name":"Dead Adventurer","player_choice":"Searched \u00271\u0027 times","floor":14.0,"gold_loss":0.0,"damage_taken":0.0},{"cards_removed":["Strike_G"],"damage_healed":0.0,"max_hp_gain":0.0,"max_hp_loss":0.0,"gold_gain":0.0,"event_name":"Beggar","player_choice":"Gave Gold","floor":20.0,"gold_loss":75.0,"damage_taken":0.0},{"damage_healed":0.0,"max_hp_gain":0.0,"max_hp_loss":0.0,"gold_gain":100.0,"event_name":"Golden Shrine","player_choice":"Pray","floor":21.0,"gold_loss":0.0,"damage_taken":0.0},{"damage_healed":0.0,"max_hp_gain":0.0,"max_hp_loss":0.0,"gold_gain":50.0,"event_name":"Nest","player_choice":"Stole From Cult","floor":25.0,"gold_loss":0.0,"damage_taken":0.0},{"damage_healed":0.0,"max_hp_gain":0.0,"max_hp_loss":0.0,"gold_gain":0.0,"event_name":"WeMeetAgain","player_choice":"Paid Gold","floor":27.0,"gold_loss":53.0,"damage_taken":0.0,"relics_obtained":["Tiny Chest"]}],"is_beta":true,"boss_relics":[{"not_picked":["Calling Bell","Black Star"],"picked":"Orrery"}],"items_purged_floors":[2,24],"is_endless":false,"potions_floor_spawned":[6,8,14,18,22],"killed_by":"3 Cultists","ascension_level":19}