{"gold_per_floor":[110,129,54,67,87,87,114,114,114,133,167,185,198,198,198,302,302,320,331,348,95,20,20,30,30,30,30,59,59,59,86,86,86],"floor_reached":33,"playtime":2161,"items_purged":["Strike_G","Strike_G"],"score":468,"play_id":"72243c79-7d3c-4c84-8d9f-3cfa4aa1ce37","local_time":"20181108131149","is_ascension_mode":true,"campfire_choices":[{"data":"Neutralize","floor":6.0,"key":"SMITH"},{"data":"Reflex","floor":8.0,"key":"SMITH"},{"floor":15.0,"key":"REST"},{"floor":23,"key":"REST"},{"floor":25,"key":"DIG"},{"floor":27,"key":"DIG"},{"floor":32,"key":"DIG"}],"neow_cost":"NONE","seed_source_timestamp":655625337819,"circlet_count":0,"master_deck":["Defend_G","Defend_G","Defend_G","Survivor","Neutralize+1","Riddle With Holes+1","Quick Slash+1","Unload+1","PiercingWail","Tactician","Underhanded Strike","Backstab","Reflex+1","Flying Knee","Cloak And Dagger+1","Adrenaline","Prepared+1","Dodge and Roll+1","Dagger Throw","Dash+1","Quick Slash+1","Dagger Throw+1"],"special_seed":0,"relics":["Astrolabe","Juzu Bracelet","Bottled Flame","Shovel","Runic Pyramid","War Paint","Question Card","Molten Egg 2","Sundial","Potion Belt","MutagenicStrength","Nunchaku","Strawberry"],"potions_floor_usage":[16,28,33],"damage_taken":[{"damage":0.0,"enemies":"Cultist","floor":1.0,"turns":2.0},{"damage":0.0,"enemies":"Small Slimes","floor":2.0,"turns":3.0},{"damage":0.0,"enemies":"2 Louse","floor":4.0,"turns":2.0},{"damage":17.0,"enemies":"Large Slime","floor":5.0,"turns":4.0},{"damage":15.0,"enemies":"3 Sentries","floor":7.0,"turns":6.0},{"damage":10.0,"enemies":"Gremlin Gang","floor":10.0,"turns":5.0},{"damage":12.0,"enemies":"Gremlin Nob","floor":11.0,"turns":4.0},{"damage":0.0,"enemies":"Looter","floor":12.0,"turns":1.0},{"damage":0.0,"enemies":"Lots of Slimes","floor":13.0,"turns":3.0},{"damage":29,"enemies":"Slime Boss","floor":16,"turns":11},{"damage":20,"enemies":"Spheric Guardian","floor":18,"turns":4},{"damage":3,"enemies":"2 Thieves","floor":19,"turns":4},{"damage":15,"enemies":"Shelled Parasite and Fungi","floor":20,"turns":5},{"damage":5,"enemies":"Snake Plant","floor":24,"turns":4},{"damage":0,"enemies":"Gremlin Leader","floor":28,"turns":5},{"damage":0,"enemies":"Book of Stabbing","floor":31,"turns":4},{"damage":43,"enemies":"Collector","floor":33,"turns":7}],"seed_played":"1468877272934743598","potions_obtained":[{"floor":2.0,"key":"SpeedPotion"},{"floor":5.0,"key":"EssenceOfSteel"},{"floor":12.0,"key":"Weak Potion"},{"floor":19,"key":"EssenceOfSteel"},{"floor":28,"key":"SkillPotion"},{"floor":31,"key":"Weak Potion"}],"is_trial":false,"path_per_floor":["M","M","$","M","M","R","E","R","T","M","E","M","M","?","R","B",null,"M","M","M","$","?","R","M","R","T","R","E","?","?","E","R","B"],"character_chosen":"THE_SILENT","items_purchased":["War Paint"],"campfire_rested":2,"item_purchase_floors":[21],"current_hp_per_floor":[63,63,63,63,46,46,31,31,31,21,9,9,9,9,30,1,53,33,30,15,15,15,36,31,31,31,31,31,31,31,31,38,0],"gold":86,"neow_bonus":"BOSS_RELIC","is_prod":false,"is_daily":false,"chose_seed":false,"campfire_upgraded":2,"win_rate":0,"timestamp":1541653909,"path_taken":["M","M","$","M","M","R","E","R","T","M","E","M","M","?","R","BOSS","M","M","M","$","?","R","M","R","T","R","E","?","?","E","R","BOSS"],"build_version":"2018-11-01","purchased_purges":2,"victory":false,"max_hp_per_floor":[70,70,70,70,70,70,70,70,70,70,70,70,70,70,70,70,70,70,70,70,70,70,70,70,70,70,70,70,70,70,70,77,77],"card_choices":[{"not_picked":["Acrobatics","Terror"],"picked":"PiercingWail","floor":1.0},{"not_picked":["Dagger Throw","Bane"],"picked":"Tactician","floor":2.0},{"not_picked":["Infinite Blades","Poisoned Stab"],"picked":"Underhanded Strike","floor":4.0},{"not_picked":["Quick Slash","Poisoned Stab"],"picked":"Backstab","floor":5.0},{"not_picked":["Dagger Spray","Cloak And Dagger"],"picked":"Reflex","floor":7.0},{"not_picked":["Underhanded Strike","Outmaneuver"],"picked":"Flying Knee","floor":10.0},{"not_picked":["Blade Dance","Choke"],"picked":"Cloak And Dagger","floor":11.0},{"not_picked":["PiercingWail","Setup","Noxious Fumes"],"picked":"SKIP","floor":12.0},{"not_picked":["Outmaneuver","Bane","Underhanded Strike"],"picked":"SKIP","floor":13.0},{"not_picked":["Envenom","Bullet Time"],"picked":"Adrenaline","floor":16},{"not_picked":["Blade Dance+1","Caltrops"],"picked":"Prepared","floor":18},{"not_picked":["Catalyst","Underhanded Strike"],"picked":"Dodge and Roll+1","floor":19},{"not_picked":["All Out Attack","Dagger Spray+1"],"picked":"Dagger Throw","floor":20},{"not_picked":["Masterful Stab","Blade Dance"],"picked":"Dash+1","floor":24},{"not_picked":["Predator+1","Sucker Punch+1","Blade Dance"],"picked":"Quick Slash+1","floor":28},{"not_picked":["Endless Agony+1","Blur","Backflip"],"picked":"Dagger Throw+1","floor":31}],"player_experience":402946,"relics_obtained":[{"floor":7.0,"key":"Juzu Bracelet"},{"floor":9.0,"key":"Bottled Flame"},{"floor":11.0,"key":"Shovel"},{"floor":25,"key":"Question Card"},{"floor":26,"key":"Molten Egg 2"},{"floor":27,"key":"Sundial"},{"floor":28,"key":"Potion Belt"},{"floor":31,"key":"Nunchaku"},{"floor":32,"key":"Strawberry"}],"event_choices":[{"cards_removed":["Strike_G"],"damage_healed":0.0,"max_hp_gain":0.0,"max_hp_loss":0.0,"gold_gain":0.0,"event_name":"Purifier","player_choice":"Purged","floor":14.0,"gold_loss":0.0,"damage_taken":0.0},{"cards_removed":["Strike_G"],"damage_healed":0,"gold_gain":0,"player_choice":"Gave Gold","damage_taken":0,"max_hp_gain":0,"max_hp_loss":0,"event_name":"Beggar","floor":22,"gold_loss":75},{"damage_healed":0,"gold_gain":0,"player_choice":"Inject Mutagens","damage_taken":0,"relics_obtained":["MutagenicStrength"],"max_hp_gain":0,"max_hp_loss":0,"event_name":"Drug Dealer","floor":29,"gold_loss":0},{"damage_healed":0,"gold_gain":0,"player_choice":"Ignored","damage_taken":0,"max_hp_gain":0,"max_hp_loss":0,"event_name":"Ghosts","floor":30,"gold_loss":0}],"is_beta":false,"boss_relics":[{"not_picked":["White Beast Statue","Sozu"],"picked":"Runic Pyramid"}],"items_purged_floors":[3,21],"is_endless":false,"potions_floor_spawned":[2,5,12,19,28,31],"killed_by":"Collector","ascension_level":7}