{"gold_per_floor":[114,114,189,24,24,52,70,70,96,114,130,130,150,169,169],"floor_reached":15,"playtime":222,"items_purged":[],"score":244,"play_id":"d6be9cc7-fede-4f50-81af-e05d954b61f7","local_time":"20190504220645","is_ascension_mode":true,"campfire_choices":[{"data":"Armaments","floor":8.0,"key":"SMITH"}],"neow_cost":"NONE","seed_source_timestamp":299192093318469,"circlet_count":0,"master_deck":["AscendersBane","Strike_R","Strike_R","Strike_R+1","Strike_R","Strike_R","Defend_R","Defend_R","Defend_R","Defend_R+1","Bash","Armaments+1","Battle Trance","Shrug It Off","Shrug It Off","Ghostly Armor"],"special_seed":0,"relics":["Burning Blood","NeowsBlessing","Anchor","Red Skull","Bag of Preparation"],"potions_floor_usage":[],"damage_taken":[{"damage":0.0,"enemies":"Jaw Worm","floor":1.0,"turns":1.0},{"damage":0.0,"enemies":"Gremlin Nob","floor":6.0,"turns":1.0},{"damage":0.0,"enemies":"2 Louse","floor":7.0,"turns":1.0},{"damage":0.0,"enemies":"Cultist","floor":10.0,"turns":3.0},{"damage":6.0,"enemies":"Large Slime","floor":11.0,"turns":8.0},{"damage":0,"enemies":"2 Fungi Beasts","floor":13,"turns":5},{"damage":28,"enemies":"Exordium Thugs","floor":14,"turns":8}],"seed_played":"-8765124864559246342","potions_obtained":[{"floor":7.0,"key":"SteroidPotion"},{"floor":11.0,"key":"Fire Potion"}],"is_trial":false,"path_per_floor":["M","?","?","$","?","E","M","R","T","M","M","?","M","M","R"],"character_chosen":"IRONCLAD","items_purchased":["Anchor"],"campfire_rested":0,"item_purchase_floors":[4],"current_hp_per_floor":[74,51,40,40,40,46,52,52,52,58,58,58,64,42,42],"gold":169,"neow_bonus":"THREE_ENEMY_KILL","is_prod":false,"is_daily":false,"chose_seed":false,"campfire_upgraded":1,"win_rate":0,"timestamp":1557000405,"path_taken":["M","?","?","$","?","E","?","R","T","?","M","?","M","M","R"],"build_version":"2019-01-23","purchased_purges":0,"victory":false,"max_hp_per_floor":[75,75,75,75,75,75,75,75,75,75,75,75,75,75,75],"card_choices":[{"not_picked":["Wild Strike","Sentinel"],"picked":"Armaments","floor":1.0},{"not_picked":["Anger","Rupture"],"picked":"Battle Trance","floor":6.0},{"not_picked":["Reckless Charge","Battle Trance"],"picked":"Shrug It Off","floor":7.0},{"not_picked":["Thunderclap","Wild Strike","Sword Boomerang"],"picked":"SKIP","floor":10.0},{"not_picked":["Clothesline","True Grit"],"picked":"Shrug It Off","floor":11.0},{"not_picked":["Cleave","Headbutt","Anger"],"picked":"SKIP","floor":13},{"not_picked":["Iron Wave","Battle Trance"],"picked":"Ghostly Armor","floor":14}],"player_experience":861086,"relics_obtained":[{"floor":6.0,"key":"Red Skull"},{"floor":9.0,"key":"Bag of Preparation"}],"event_choices":[{"damage_healed":0.0,"max_hp_gain":0.0,"max_hp_loss":0.0,"gold_gain":0.0,"event_name":"Shining Light","player_choice":"Entered Light","floor":2.0,"gold_loss":0.0,"damage_taken":23.0,"cards_upgraded":["Strike_R","Defend_R"]},{"damage_healed":0.0,"max_hp_gain":0.0,"max_hp_loss":0.0,"gold_gain":75.0,"event_name":"World of Goop","player_choice":"Gather Gold","floor":3.0,"gold_loss":0.0,"damage_taken":11.0},{"damage_healed":0.0,"max_hp_gain":0.0,"max_hp_loss":0.0,"gold_gain":0.0,"event_name":"Golden Idol","player_choice":"Ignored","floor":5.0,"gold_loss":0.0,"damage_taken":0.0},{"damage_healed":0,"gold_gain":0,"player_choice":"Fled","damage_taken":0,"max_hp_gain":0,"max_hp_loss":0,"event_name":"Scrap Ooze","floor":12,"gold_loss":0}],"is_beta":false,"boss_relics":[],"items_purged_floors":[],"is_endless":false,"potions_floor_spawned":[7,11,13,14],"ascension_level":20}