{"gold_per_floor":[118,129,145,21,34,62,82,82,107,119,119,129,159,159,159,238,238,257,104,203,203,257,257,271,271,323,323,342,144,144],"floor_reached":30,"playtime":2633,"items_purged":["Defend_R","Defend_R","Defend_R+1"],"score":408,"play_id":"06409ee7-5567-416e-b8e7-3e5bcd8d52f9","local_time":"20180902145048","is_ascension_mode":true,"campfire_choices":[{"data":"Flex","floor":8,"key":"SMITH"},{"data":"Flex","floor":15,"key":"SMITH"},{"data":"Perfected Strike","floor":23,"key":"SMITH"},{"data":"Bash","floor":25,"key":"SMITH"}],"neow_cost":"NONE","seed_source_timestamp":623817992227683,"circlet_count":0,"master_deck":["Strike_R","Strike_R","Strike_R","Strike_R","Strike_R","Defend_R+1","Bash+1","AscendersBane","Flex+1","Flex+1","Cleave","Rage","Thunderclap","Twin Strike","Cleave","Perfected Strike+1","Perfected Strike","Inflame"],"relics":["Burning Blood","NeowsBlessing","Singing Bowl","Juzu Bracelet","Pen Nib","Velvet Choker","Nilry\u0027s Codex","Art of War","War Paint","MutagenicStrength"],"potions_floor_usage":[6,10,13,13,16],"damage_taken":[{"damage":0,"enemies":"Jaw Worm","floor":1,"turns":1},{"damage":0,"enemies":"Cultist","floor":2,"turns":1},{"damage":0,"enemies":"2 Louse","floor":3,"turns":1},{"damage":17,"enemies":"Looter","floor":5,"turns":3},{"damage":16,"enemies":"Gremlin Nob","floor":6,"turns":3},{"damage":0,"enemies":"Exordium Wildlife","floor":7,"turns":3},{"damage":14,"enemies":"3 Louse","floor":10,"turns":3},{"damage":19,"enemies":"Exordium Thugs","floor":12,"turns":3},{"damage":29,"enemies":"3 Sentries","floor":13,"turns":9},{"damage":41,"enemies":"The Guardian","floor":16,"turns":7},{"damage":25,"enemies":"2 Thieves","floor":18,"turns":3},{"damage":11,"enemies":"3 Byrds","floor":24,"turns":4},{"damage":20,"enemies":"Shelled Parasite and Fungi","floor":28,"turns":2},{"damage":24,"enemies":"Snake Plant","floor":30,"turns":1}],"seed_played":"7433706417909898338","potions_obtained":[{"floor":2,"key":"Strength Potion"},{"floor":3,"key":"Dexterity Potion"},{"floor":6,"key":"PowerPotion"},{"floor":10,"key":"SteroidPotion"},{"floor":13,"key":"PowerPotion"}],"is_trial":false,"path_per_floor":["M","M","M","$","M","E","M","R","T","M","?","M","E","?","R","B",null,"M","$","?","?","T","R","M","R","T","?","M","$"],"character_chosen":"IRONCLAD","items_purchased":["Flex","Perfected Strike","Inflame"],"campfire_rested":0,"item_purchase_floors":[4,19,29],"current_hp_per_floor":[74,75,75,75,64,54,60,60,60,52,52,41,18,77,77,44,70,53,53,53,37,37,37,34,34,34,34,20,20,0],"gold":144,"neow_bonus":"THREE_ENEMY_KILL","is_prod":false,"is_daily":false,"chose_seed":false,"campfire_upgraded":4,"win_rate":0,"timestamp":1535892648,"path_taken":["M","M","M","$","M","E","M","R","T","M","?","M","E","?","R","BOSS","M","$","?","?","?","R","M","R","T","?","M","$","M"],"build_version":"2018-08-30","purchased_purges":3,"victory":false,"max_hp_per_floor":[75,75,75,75,75,75,75,75,75,75,75,77,77,77,77,79,79,81,81,81,81,81,81,83,83,83,83,83,83,83],"card_choices":[{"not_picked":["Carnage","Dropkick"],"picked":"Flex","floor":1},{"not_picked":["Evolve","Havoc"],"picked":"Pummel","floor":2},{"not_picked":["Sentinel","Bloodletting","Fire Breathing"],"picked":"SKIP","floor":3},{"not_picked":["Warcry","Infernal Blade"],"picked":"Cleave","floor":5},{"not_picked":["Uppercut","Havoc"],"picked":"Rage","floor":6},{"not_picked":["Clash","Cleave"],"picked":"Thunderclap","floor":7},{"not_picked":["Blood for Blood","Thunderclap"],"picked":"Twin Strike","floor":10},{"not_picked":["Clothesline","Dropkick","Headbutt"],"picked":"Singing Bowl","floor":12},{"not_picked":["Barricade","Fiend Fire"],"picked":"Cleave","floor":13},{"not_picked":["Fiend Fire","Impervious","Juggernaut"],"picked":"Singing Bowl","floor":16},{"not_picked":["Cleave","Second Wind","Wild Strike"],"picked":"Singing Bowl","floor":18},{"not_picked":["Cleave","Wild Strike","Seeing Red"],"picked":"Singing Bowl","floor":24},{"not_picked":["Heavy Blade","Wild Strike"],"picked":"Perfected Strike","floor":28}],"player_experience":629256,"relics_obtained":[{"floor":6,"key":"Singing Bowl"},{"floor":9,"key":"Juzu Bracelet"},{"floor":13,"key":"Pen Nib"},{"floor":21,"key":"Nilry\u0027s Codex"},{"floor":22,"key":"Art of War"},{"floor":26,"key":"War Paint"}],"event_choices":[{"event_name":"Liars Game","player_choice":"disagreed","floor":11,"damage_taken":0},{"event_name":"Bonfire Elementals","player_choice":"UNCOMMON","floor":14,"damage_taken":0},{"event_name":"Nest","player_choice":"Stole From Cult","floor":20,"damage_taken":0},{"event_name":"Cursed Tome","player_choice":"Obtained Book","floor":21,"damage_taken":0},{"event_name":"Drug Dealer","player_choice":"Inject Mutagens","floor":27,"damage_taken":0}],"is_beta":true,"boss_relics":[{"not_picked":["Empty Cage","Lizard Tail"],"picked":"Velvet Choker"}],"items_purged_floors":[4,19,29],"is_endless":false,"potions_floor_spawned":[2,3,6,10,13],"killed_by":"Snake Plant","ascension_level":14}