{"gold_per_floor":[118,136,136,150,170,227,227,21,21,21,37,37,62,12,12],"floor_reached":15,"playtime":255,"items_purged":[],"score":210,"play_id":"efb7d924-7719-4737-bacf-dd161fd64474","local_time":"20190628152618","is_ascension_mode":true,"campfire_choices":[{"data":"Buffer","floor":10,"key":"SMITH"},{"floor":12,"key":"REST"},{"data":"Sunder","floor":15,"key":"SMITH"}],"neow_cost":"NONE","seed_source_timestamp":191105351164528,"circlet_count":0,"master_deck":["AscendersBane","Strike_B","Strike_B","Strike_B","Strike_B","Defend_B","Defend_B","Defend_B","Defend_B","Zap","Dualcast","Coolheaded","Fission+1","Doom and Gloom","Sunder+1","Buffer+1","Coolheaded","Storm","Conserve Battery"],"relics":["Cracked Core","NeowsBlessing","Tiny Chest","Centennial Puzzle","Calipers","Matryoshka"],"potions_floor_usage":[6,13],"damage_taken":[{"damage":0,"enemies":"Cultist","floor":1,"turns":1},{"damage":0,"enemies":"Small Slimes","floor":2,"turns":1},{"damage":0,"enemies":"Jaw Worm","floor":4,"turns":1},{"damage":1,"enemies":"Exordium Thugs","floor":5,"turns":3},{"damage":39,"enemies":"Gremlin Nob","floor":6,"turns":4},{"damage":1,"enemies":"Looter","floor":11,"turns":3},{"damage":14,"enemies":"3 Sentries","floor":13,"turns":8}],"seed_played":"2996358565196815705","potions_obtained":[{"floor":5,"key":"FearPotion"},{"floor":11,"key":"Regen Potion"}],"is_trial":false,"path_per_floor":["M","M","?","M","M","E","T","$","T","R","M","R","E","$","R"],"character_chosen":"DEFECT","items_purchased":["Buffer","Coolheaded","Conserve Battery"],"campfire_rested":1,"item_purchase_floors":[8,8,14],"current_hp_per_floor":[64,64,64,64,63,24,24,24,24,24,23,44,45,45,45],"gold":12,"neow_bonus":"THREE_ENEMY_KILL","is_prod":false,"is_daily":false,"chose_seed":false,"campfire_upgraded":2,"win_rate":0,"timestamp":1561728378,"path_taken":["M","?","?","M","?","E","?","?","T","R","M","R","E","$","R"],"build_version":"2019-01-23","purchased_purges":0,"victory":false,"max_hp_per_floor":[71,71,71,71,71,71,71,71,71,71,71,71,71,71,71],"card_choices":[{"not_picked":["Go for the Eyes","Turbo"],"picked":"Coolheaded","floor":1},{"not_picked":["Ball Lightning","Coolheaded"],"picked":"Fission","floor":2},{"not_picked":["Sweeping Beam","Static Discharge"],"picked":"Doom and Gloom","floor":4},{"not_picked":["Stack","Gash"],"picked":"Sunder","floor":5},{"not_picked":["Steam Power","Stack","Turbo"],"picked":"SKIP","floor":6},{"not_picked":["Scrape","Thunder Strike","Steam"],"picked":"SKIP","floor":11},{"not_picked":["Cold Snap","All For One"],"picked":"Storm","floor":13}],"player_experience":900255,"relics_obtained":[{"floor":6,"key":"Tiny Chest"},{"floor":7,"key":"Centennial Puzzle"},{"floor":9,"key":"Calipers"},{"floor":13,"key":"Matryoshka"}],"event_choices":[{"damage_healed":0,"gold_gain":0,"player_choice":"Upgraded","damage_taken":0,"max_hp_gain":0,"max_hp_loss":0,"event_name":"Upgrade Shrine","floor":3,"gold_loss":0,"cards_upgraded":["Fission"]}],"is_beta":false,"boss_relics":[],"items_purged_floors":[],"is_endless":false,"potions_floor_spawned":[5,11],"ascension_level":20}