{"gold_per_floor":[214,18,34,34,134,134,161,161,186,186,261,261,278,288,288,392,392,402,402,422,435,451,479,429,528,582,642,652,602,620,324,324,324],"floor_reached":33,"playtime":1660,"items_purged":["Strike_R","Strike_R","Strike_R"],"score":285,"play_id":"51b3934f-b483-47d4-8fa2-052444a03841","local_time":"20180723223216","is_ascension_mode":false,"campfire_choices":[{"data":"Sword Boomerang","floor":6.0,"key":"SMITH"},{"data":"Iron Wave","floor":10.0,"key":"SMITH"},{"data":"Bash","floor":12.0,"key":"SMITH"},{"data":"Flex","floor":15.0,"key":"SMITH"},{"data":"Shrug It Off","floor":32,"key":"SMITH"}],"neow_cost":"NONE","seed_source_timestamp":3197571006717,"circlet_count":0,"master_deck":["Strike_R+1","Defend_R","Defend_R","Defend_R","Defend_R","Bash+1","Thunderclap","Sword Boomerang+1","Iron Wave+1","Twin Strike","Flex+1","Twin Strike","Sword Boomerang","Sword Boomerang+1","Headbutt+1","Shrug It Off+1","Shrug It Off+1"],"special_seed":0,"relics":["Burning Blood","ClockworkSouvenir","Blood Vial","Bronze Scales","Coffee Dripper","Smiling Mask","Whetstone","Tiny Chest","Ornamental Fan"],"potions_floor_usage":[28,33],"damage_taken":[{"damage":5.0,"enemies":"Small Slimes","floor":1.0,"turns":3.0},{"damage":11.0,"enemies":"2 Louse","floor":3.0,"turns":3.0},{"damage":20.0,"enemies":"Gremlin Nob","floor":7.0,"turns":4.0},{"damage":4.0,"enemies":"Jaw Worm","floor":13.0,"turns":2.0},{"damage":10.0,"enemies":"Exordium Thugs","floor":14.0,"turns":3.0},{"damage":26.0,"enemies":"The Guardian","floor":16.0,"turns":8.0},{"damage":0.0,"enemies":"Spheric Guardian","floor":18.0,"turns":3.0},{"damage":16.0,"enemies":"2 Thieves","floor":20.0,"turns":4.0},{"damage":14.0,"enemies":"3 Cultists","floor":21.0,"turns":4.0},{"damage":3.0,"enemies":"Snecko","floor":22.0,"turns":3.0},{"damage":49.0,"enemies":"Gremlin Leader","floor":23.0,"turns":4.0},{"damage":17.0,"enemies":"Slavers","floor":27.0,"turns":4.0},{"damage":4,"enemies":"Centurion and Healer","floor":28,"turns":4},{"damage":0,"enemies":"Cultist and Chosen","floor":30,"turns":3},{"damage":35,"enemies":"Champ","floor":33,"turns":6}],"seed_played":"3781340448682275227","potions_obtained":[{"floor":3.0,"key":"SpeedPotion"},{"floor":7.0,"key":"FearPotion"},{"floor":16.0,"key":"Poison Potion"},{"floor":18.0,"key":"FearPotion"},{"floor":21.0,"key":"SkillPotion"},{"floor":23.0,"key":"SkillPotion"},{"floor":27.0,"key":"SkillPotion"},{"floor":28,"key":"Dexterity Potion"}],"is_trial":false,"path_per_floor":["M","$","M","?","?","R","E","?","T","R","?","R","M","M","R","B",null,"M","?","M","M","M","E","$","?","T","E","M","$","M","$","R"],"character_chosen":"IRONCLAD","items_purchased":["ClockworkSouvenir","Ornamental Fan"],"campfire_rested":0,"item_purchase_floors":[2,31],"current_hp_per_floor":[80,80,75,75,75,75,61,61,61,61,50,50,54,52,52,34,80,80,80,70,64,69,28,28,28,28,19,23,23,31,31,31,0],"gold":324,"neow_bonus":"HUNDRED_GOLD","is_prod":false,"is_daily":false,"chose_seed":false,"campfire_upgraded":5,"win_rate":0,"timestamp":1532356336,"path_taken":["M","$","M","?","?","R","E","?","T","R","?","R","M","?","R","BOSS","M","?","M","M","M","E","$","?","T","E","?","$","M","$","R","BOSS"],"build_version":"2018-07-19v2","purchased_purges":3,"victory":false,"max_hp_per_floor":[80,80,80,80,80,80,80,80,80,80,80,80,80,80,80,80,80,80,80,80,80,80,80,80,80,80,80,80,80,80,80,80,80],"card_choices":[{"not_picked":["Shockwave","Burning Pact"],"picked":"Thunderclap","floor":1.0},{"not_picked":["Carnage","Bloodletting"],"picked":"Sword Boomerang","floor":3.0},{"not_picked":["Reaper","Spot Weakness"],"picked":"Iron Wave","floor":7.0},{"not_picked":["Armaments","Combust"],"picked":"Twin Strike","floor":13.0},{"not_picked":["Shrug It Off","Iron Wave"],"picked":"Flex","floor":14.0},{"not_picked":["Rage+1","True Grit"],"picked":"Twin Strike","floor":18.0},{"not_picked":["Evolve","Inflame"],"picked":"Sword Boomerang","floor":20.0},{"not_picked":["Thunderclap","Inflame"],"picked":"Headbutt+1","floor":21.0},{"not_picked":["Armaments","Exhume","Second Wind"],"picked":"SKIP","floor":22.0},{"not_picked":["Sentinel","Thunderclap"],"picked":"Shrug It Off+1","floor":23.0},{"not_picked":["Seeing Red","Body Slam+1","Rampage"],"picked":"SKIP","floor":27.0},{"not_picked":["Thunderclap+1","Rage+1","Havoc"],"picked":"SKIP","floor":28},{"not_picked":["Clash","Perfected Strike"],"picked":"Shrug It Off","floor":30}],"player_experience":194148,"relics_obtained":[{"floor":7.0,"key":"Blood Vial"},{"floor":9.0,"key":"Bronze Scales"},{"floor":23.0,"key":"Smiling Mask"},{"floor":26.0,"key":"Whetstone"},{"floor":27.0,"key":"Tiny Chest"}],"event_choices":[{"event_name":"Living Wall","player_choice":"Forget","floor":4.0,"damage_taken":0.0},{"event_name":"Golden Shrine","player_choice":"Pray","floor":5.0,"damage_taken":0.0},{"event_name":"The Woman in Blue","player_choice":"Bought 0 Potions","floor":8.0,"damage_taken":0.0},{"event_name":"World of Goop","player_choice":"Gather Gold","floor":11.0,"damage_taken":0.0},{"event_name":"The Library","player_choice":"Read","floor":19.0,"damage_taken":0.0},{"event_name":"Nest","player_choice":"Stole From Cult","floor":25.0,"damage_taken":0.0}],"is_beta":false,"boss_relics":[{"not_picked":["Cursed Key","Snecko Eye"],"picked":"Coffee Dripper"}],"items_purged_floors":[24,29,31],"is_endless":false,"potions_floor_spawned":[3,7,16,18,21,23,27,28],"killed_by":"Champ","ascension_level":0}