{"gold_per_floor":[111,123,143,143,14,47,47,81,81,81,105,105,126,57,57,150,150,173,88,88,20,38,38,57,73,73,88,88,38,65,65],"floor_reached":31,"playtime":2124,"items_purged":["Injury"],"score":464,"play_id":"fd2a75fb-baf6-45c8-94ba-caef71a6abb6","local_time":"20180829161507","is_ascension_mode":true,"campfire_choices":[{"floor":7.0,"key":"REST"},{"data":"Zap","floor":15.0,"key":"SMITH"},{"data":"Creative AI","floor":23.0,"key":"SMITH"},{"floor":28.0,"key":"REST"}],"neow_cost":"","seed_source_timestamp":283164712818239,"circlet_count":0,"master_deck":["Strike_B","Strike_B","Strike_B","Strike_B","Defend_B","Defend_B","Defend_B","Defend_B","Zap+1","Dualcast","AscendersBane","Ball Lightning","Capacitor","Chill","Sweeping Beam","Electrodynamics","BootSequence","Zap","Capacitor","Creative AI+1","Defragment","Conserve Battery+1","Reboot","Glacier"],"special_seed":0,"relics":["Cracked Core","Ginger","Singing Bowl","Bottled Tornado","Nuclear Battery","Anchor","Nloth\u0027s Gift","Blue Candle","Calipers"],"potions_floor_usage":[],"damage_taken":[{"damage":7.0,"enemies":"Small Slimes","floor":1.0,"turns":3.0},{"damage":0.0,"enemies":"2 Louse","floor":2.0,"turns":2.0},{"damage":1.0,"enemies":"Cultist","floor":3.0,"turns":3.0},{"damage":24.0,"enemies":"Gremlin Nob","floor":6.0,"turns":4.0},{"damage":31.0,"enemies":"Lagavulin","floor":8.0,"turns":6.0},{"damage":0.0,"enemies":"3 Louse","floor":11.0,"turns":1.0},{"damage":0.0,"enemies":"Gremlin Gang","floor":13.0,"turns":2.0},{"damage":13.0,"enemies":"Hexaghost","floor":16.0,"turns":9.0},{"damage":22.0,"enemies":"Spheric Guardian","floor":18.0,"turns":4.0},{"damage":9.0,"enemies":"Chosen","floor":22.0,"turns":5.0},{"damage":14.0,"enemies":"Snecko","floor":24.0,"turns":5.0},{"damage":17.0,"enemies":"Centurion and Healer","floor":25.0,"turns":6.0},{"damage":6.0,"enemies":"Cultist and Chosen","floor":27.0,"turns":4.0},{"damage":26.0,"enemies":"Gremlin Leader","floor":30.0,"turns":7.0},{"damage":0,"enemies":"Snake Plant","floor":31,"turns":2}],"seed_played":"3725568589145374461","potions_obtained":[{"floor":8.0,"key":"Fire Potion"},{"floor":13.0,"key":"PowerPotion"},{"floor":16.0,"key":"PowerPotion"},{"floor":25.0,"key":"Fruit Juice"}],"is_trial":false,"path_per_floor":["M","M","M","?","$","E","R","E","T","?","M","?","M","$","R","B",null,"M","?","?","$","M","R","M","M","T","M","R","$","E"],"character_chosen":"DEFECT","items_purchased":["Sweeping Beam","Capacitor","Defragment","SpeedPotion"],"campfire_rested":2,"item_purchase_floors":[5,14,21,29],"current_hp_per_floor":[57,57,56,56,56,32,53,24,24,24,26,26,28,28,28,15,62,42,42,42,42,33,33,19,9,9,3,28,28,4,4],"gold":65,"neow_bonus":"","is_prod":false,"is_daily":false,"chose_seed":false,"campfire_upgraded":2,"win_rate":0,"timestamp":1535552107,"path_taken":["M","M","M","?","$","E","R","E","T","?","?","?","M","$","R","BOSS","M","?","?","$","M","R","M","M","T","?","R","$","E","M"],"build_version":"2018-08-28","purchased_purges":1,"victory":false,"max_hp_per_floor":[71,71,71,71,71,71,71,73,73,73,75,75,77,77,77,77,77,79,79,79,79,79,79,79,86,86,86,86,86,88,88],"card_choices":[{"not_picked":["Redo","Beam Cell"],"picked":"Ball Lightning","floor":1.0},{"not_picked":["Streamline","Sunder"],"picked":"Capacitor","floor":2.0},{"not_picked":["Lockon","Melter"],"picked":"Chill","floor":3.0},{"not_picked":["Ball Lightning","Conserve Battery"],"picked":"Electrodynamics","floor":6.0},{"not_picked":["Go for the Eyes","Tempest","Rebound"],"picked":"Singing Bowl","floor":8.0},{"not_picked":["Sweeping Beam","Barrage","Streamline"],"picked":"Singing Bowl","floor":11.0},{"not_picked":["Sunder","Chaos","Hello World"],"picked":"Singing Bowl","floor":13.0},{"not_picked":["Fission","Rainbow"],"picked":"Creative AI","floor":16.0},{"not_picked":["Cold Snap+1","Gash","Steam"],"picked":"Singing Bowl","floor":18.0},{"not_picked":["Leap","Steam+1"],"picked":"Conserve Battery+1","floor":22.0},{"not_picked":["Auto Shields","Compile Driver"],"picked":"Reboot","floor":24.0},{"not_picked":["Leap","Barrage+1","Reprogram"],"picked":"Singing Bowl","floor":25.0},{"not_picked":["Streamline","Conserve Battery"],"picked":"Glacier","floor":27.0},{"not_picked":["Rebound","Coolheaded","Beam Cell"],"picked":"Singing Bowl","floor":30.0}],"player_experience":583820,"relics_obtained":[{"floor":6.0,"key":"Ginger"},{"floor":8.0,"key":"Singing Bowl"},{"floor":9.0,"key":"Bottled Tornado"},{"floor":26.0,"key":"Blue Candle"},{"floor":30.0,"key":"Calipers"}],"event_choices":[{"event_name":"Golden Idol","player_choice":"Take Wound","floor":4.0,"damage_taken":0.0},{"event_name":"Scrap Ooze","player_choice":"unsuccessful","floor":10.0,"damage_taken":0.0},{"event_name":"Match and Keep!","player_choice":"2 cards matched","floor":12.0,"damage_taken":0.0},{"event_name":"Addict","player_choice":"Obtained Relic","floor":19.0,"damage_taken":0.0},{"event_name":"N\u0027loth","player_choice":"Traded a Golden Idol","floor":20.0,"damage_taken":0.0}],"is_beta":true,"boss_relics":[{"not_picked":["Snecko Eye","Empty Cage"],"picked":"Nuclear Battery"}],"items_purged_floors":[5],"is_endless":false,"potions_floor_spawned":[8,13,16,22,25],"killed_by":"Snake Plant","ascension_level":15}