{"gold_per_floor":[119,132,57,68,87,121,71,100,100,100,130,142,165,177,189,201],"floor_reached":16,"playtime":823,"items_purged":["Strike_R"],"score":150,"play_id":"084c9693-e3f5-45dd-9b4f-c586c3e7f181","local_time":"20180912214321","is_ascension_mode":true,"campfire_choices":[{"floor":10.0,"key":"REST"},{"floor":15,"key":"REST"}],"neow_cost":"","seed_source_timestamp":5406029740896,"circlet_count":0,"master_deck":["Strike_R","Strike_R","Strike_R","Defend_R","Defend_R","Defend_R","Bash","Thunderclap","Clash","Pommel Strike","Thunderclap"],"special_seed":0,"relics":["Burning Blood","Gremlin Horn","Singing Bowl","MawBank"],"potions_floor_usage":[],"damage_taken":[{"damage":9.0,"enemies":"Jaw Worm","floor":1.0,"turns":4.0},{"damage":7.0,"enemies":"Small Slimes","floor":2.0,"turns":3.0},{"damage":4.0,"enemies":"2 Louse","floor":4.0,"turns":3.0},{"damage":13.0,"enemies":"Exordium Thugs","floor":5.0,"turns":4.0},{"damage":30.0,"enemies":"3 Sentries","floor":6.0,"turns":8.0},{"damage":25.0,"enemies":"Lagavulin","floor":8.0,"turns":5.0},{"damage":25.0,"enemies":"3 Sentries","floor":11.0,"turns":7.0},{"damage":8.0,"enemies":"Red Slaver","floor":13.0,"turns":3.0},{"damage":63,"enemies":"The Guardian","floor":16,"turns":12}],"seed_played":"-4725158469682705980","potions_obtained":[{"floor":2.0,"key":"Swift Potion"},{"floor":4.0,"key":"Fire Potion"},{"floor":6.0,"key":"AttackPotion"}],"is_trial":false,"path_per_floor":["M","M","$","M","M","E","?","E","T","R","E","$","M","?","R"],"character_chosen":"IRONCLAD","items_purchased":[],"campfire_rested":2,"item_purchase_floors":[],"current_hp_per_floor":[77,76,76,78,71,47,47,28,28,52,35,35,35,35,60,0],"gold":201,"neow_bonus":"","is_prod":false,"is_daily":false,"chose_seed":false,"campfire_upgraded":0,"win_rate":0,"timestamp":1536759801,"path_taken":["M","M","$","M","M","E","?","E","T","R","E","?","?","?","R","BOSS"],"build_version":"2018-09-06","purchased_purges":1,"victory":false,"max_hp_per_floor":[80,80,80,80,80,80,80,80,80,80,82,82,84,84,84,84],"card_choices":[{"not_picked":["Twin Strike","Burning Pact"],"picked":"Thunderclap","floor":1.0},{"not_picked":["Anger","Seeing Red","Body Slam"],"picked":"SKIP","floor":2.0},{"not_picked":["True Grit","Havoc"],"picked":"Clash","floor":4.0},{"not_picked":["Havoc","Corruption"],"picked":"Pommel Strike","floor":5.0},{"not_picked":["Evolve","Bloodletting","Twin Strike"],"picked":"SKIP","floor":6.0},{"not_picked":["Dual Wield","Havoc"],"picked":"Thunderclap","floor":8.0},{"not_picked":["Armaments","Hemokinesis","Immolate"],"picked":"Singing Bowl","floor":11.0},{"not_picked":["Carnage","Reckless Charge","Wild Strike"],"picked":"Singing Bowl","floor":13.0}],"player_experience":288703,"relics_obtained":[{"floor":8.0,"key":"Gremlin Horn"},{"floor":9.0,"key":"Singing Bowl"},{"floor":11.0,"key":"MawBank"}],"event_choices":[{"event_name":"The Cleric","player_choice":"Card Removal","floor":7.0,"damage_taken":0.0},{"event_name":"Living Wall","player_choice":"Forget","floor":14,"damage_taken":0}],"is_beta":false,"boss_relics":[],"items_purged_floors":[3],"is_endless":false,"potions_floor_spawned":[2,4,6],"killed_by":"The Guardian","ascension_level":5}