{"gold_per_floor":[115,115,115,40,56,56,97,97,97,47,82,105,143,156,156,287,287,306,331,331,354,374,374],"floor_reached":23,"playtime":1365,"items_purged":["Defend_G"],"score":274,"play_id":"c0ec8b6b-d69f-4e0a-bc98-d025113b2d42","local_time":"20180710193019","is_ascension_mode":true,"campfire_choices":[{"data":"Neutralize","floor":6.0,"key":"SMITH"},{"data":"Choke","floor":8.0,"key":"SMITH"},{"data":"Expertise","floor":15.0,"key":"SMITH"}],"neow_cost":"NONE","seed_source_timestamp":4363156268376,"circlet_count":0,"master_deck":["Defend_G","Defend_G","Defend_G","Strike_G","Strike_G","Strike_G","Survivor","Neutralize+1","Dagger Throw","Flying Knee","Choke+1","Slice","Backflip","Expertise+1","Flying Knee","A Thousand Cuts","Well Laid Plans","Blade Dance","Prepared","Acrobatics"],"special_seed":0,"relics":["Ring of the Snake","NeowsBlessing","Golden Idol","Omamori","Mercury Hourglass","Orichalcum","Kunai","Empty Cage"],"potions_floor_usage":[23,23],"damage_taken":[{"damage":0.0,"enemies":"2 Louse","floor":1.0,"turns":1.0},{"damage":0.0,"enemies":"Small Slimes","floor":5.0,"turns":1.0},{"damage":0.0,"enemies":"Gremlin Nob","floor":7.0,"turns":1.0},{"damage":13.0,"enemies":"Lagavulin","floor":11.0,"turns":5.0},{"damage":0.0,"enemies":"Jaw Worm","floor":12.0,"turns":2.0},{"damage":0.0,"enemies":"3 Sentries","floor":13.0,"turns":5.0},{"damage":1.0,"enemies":"Blue Slaver","floor":14.0,"turns":2.0},{"damage":6.0,"enemies":"The Guardian","floor":16.0,"turns":13.0},{"damage":5.0,"enemies":"Chosen","floor":18.0,"turns":4.0},{"damage":19.0,"enemies":"2 Thieves","floor":19.0,"turns":3.0},{"damage":10.0,"enemies":"Centurion and Healer","floor":21.0,"turns":6.0},{"damage":18.0,"enemies":"Cultist and Chosen","floor":22.0,"turns":5.0},{"damage":19,"enemies":"Slavers","floor":23,"turns":2}],"seed_played":"6103209230907613181","potions_obtained":[{"floor":11.0,"key":"Weak Potion"},{"floor":13.0,"key":"Weak Potion"},{"floor":16.0,"key":"LiquidBronze"},{"floor":18.0,"key":"Explosive Potion"},{"floor":21.0,"key":"AttackPotion"}],"is_trial":false,"path_per_floor":["M","?","?","$","M","R","E","R","T","?","E","M","E","M","R","B",null,"M","M","?","M","M"],"character_chosen":"THE_SILENT","items_purchased":[],"campfire_rested":0,"item_purchase_floors":[],"current_hp_per_floor":[70,70,70,70,70,70,70,70,70,70,57,57,57,56,56,50,70,65,46,46,36,18,0],"gold":374,"neow_bonus":"THREE_ENEMY_KILL","is_prod":false,"is_daily":false,"chose_seed":false,"campfire_upgraded":3,"win_rate":0,"timestamp":1531222219,"path_taken":["M","?","?","$","?","R","E","R","T","?","E","M","E","M","R","BOSS","M","M","?","M","M","E"],"build_version":"2018-07-05","purchased_purges":1,"victory":false,"max_hp_per_floor":[70,70,70,70,70,70,70,70,70,70,70,70,70,70,70,70,70,70,70,70,70,70,70],"card_choices":[{"not_picked":["Flying Knee","Sucker Punch"],"picked":"Dagger Throw","floor":1.0},{"not_picked":["Outmaneuver","Riddle With Holes"],"picked":"Flying Knee","floor":5.0},{"not_picked":["Doppelganger","Flying Knee"],"picked":"Choke","floor":7.0},{"not_picked":["Deadly Poison","Dagger Spray"],"picked":"Slice","floor":11.0},{"not_picked":["Catalyst","Malaise"],"picked":"Backflip","floor":12.0},{"not_picked":["Deadly Poison","Deflect"],"picked":"Expertise","floor":13.0},{"not_picked":["Masterful Stab","Prepared"],"picked":"Flying Knee","floor":14.0},{"not_picked":["Unload","Glass Knife"],"picked":"A Thousand Cuts","floor":16.0},{"not_picked":["Deflect","Sucker Punch"],"picked":"Well Laid Plans","floor":18.0},{"not_picked":["Outmaneuver","Flying Knee+1"],"picked":"Blade Dance","floor":19.0},{"not_picked":["Accuracy","Flechettes+1"],"picked":"Prepared","floor":21.0},{"not_picked":["Dagger Spray","Catalyst"],"picked":"Acrobatics","floor":22.0}],"player_experience":123830,"relics_obtained":[{"floor":7.0,"key":"Omamori"},{"floor":9.0,"key":"Mercury Hourglass"},{"floor":11.0,"key":"Orichalcum"},{"floor":13.0,"key":"Kunai"}],"event_choices":[{"event_name":"Golden Idol","player_choice":"Take Wound","floor":2.0,"damage_taken":0.0},{"event_name":"Living Wall","player_choice":"Forget","floor":3.0,"damage_taken":0.0},{"event_name":"The Cleric","player_choice":"Card Removal","floor":10.0,"damage_taken":0.0},{"event_name":"Vampires","player_choice":"Ignored","floor":20.0,"damage_taken":0.0}],"boss_relics":[{"not_picked":["Philosopher\u0027s Stone","Runic Dome"],"picked":"Empty Cage"}],"items_purged_floors":[4],"is_endless":false,"potions_floor_spawned":[11,13,16,18,21],"killed_by":"Slavers","ascension_level":1}