{"gold_per_floor":[114,114,114,124,134,154,174,202,251,251,251,251,176,193,193,193],"floor_reached":16,"playtime":231,"items_purged":["Defend_R"],"score":92,"play_id":"044803c5-efe0-4d69-9278-7a9c053b8a71","local_time":"20191020003902","is_ascension_mode":false,"campfire_choices":[{"floor":10,"key":"REST"},{"floor":12,"key":"REST"},{"data":"Strike_R","floor":15,"key":"SMITH"}],"neow_cost":"TEN_PERCENT_HP_LOSS","seed_source_timestamp":221818669745398,"circlet_count":0,"master_deck":["Strike_R+1","Strike_R","Strike_R","Strike_R","Strike_R","Defend_R","Bash+1"],"special_seed":0,"relics":["Burning Blood","Odd Mushroom","Bronze Scales","Paper Frog"],"potions_floor_usage":[8],"damage_taken":[{"damage":10.0,"enemies":"Small Slimes","floor":1.0,"turns":3.0},{"damage":11.0,"enemies":"Jaw Worm","floor":4.0,"turns":2.0},{"damage":1.0,"enemies":"Cultist","floor":5.0,"turns":3.0},{"damage":20.0,"enemies":"Gremlin Gang","floor":6.0,"turns":5.0},{"damage":24.0,"enemies":"Exordium Wildlife","floor":7.0,"turns":4.0},{"damage":22,"enemies":"The Mushroom Lair","floor":8,"turns":4},{"damage":5,"enemies":"3 Louse","floor":14,"turns":4},{"damage":0,"enemies":"Hexaghost","floor":16,"turns":1}],"seed_played":"-1384063926578713495","potions_obtained":[{"floor":5.0,"key":"SteroidPotion"},{"floor":6.0,"key":"ElixirPotion"},{"floor":7,"key":"CultistPotion"},{"floor":14,"key":"SpeedPotion"}],"is_trial":false,"path_per_floor":["M","?","?","M","M","M","M","?","T","R","?","R","$","M","R","B"],"character_chosen":"IRONCLAD","items_purchased":[],"campfire_rested":2,"item_purchase_floors":[],"current_hp_per_floor":[68,73,73,68,73,59,41,25,25,48,41,64,64,65,65,65],"gold":193,"neow_bonus":"REMOVE_TWO","is_prod":false,"is_daily":false,"chose_seed":false,"campfire_upgraded":1,"win_rate":0,"timestamp":1571524742,"path_taken":["M","?","?","?","?","M","M","?","T","R","?","R","$","M","R","BOSS"],"build_version":"2019-10-18","purchased_purges":1,"victory":false,"max_hp_per_floor":[72,77,77,77,77,77,77,77,77,77,77,77,77,77,77,77],"card_choices":[{"not_picked":["Pommel Strike","Sword Boomerang","Headbutt"],"picked":"SKIP","floor":1.0},{"not_picked":["Thunderclap","Wild Strike","Spot Weakness"],"picked":"SKIP","floor":4.0},{"not_picked":["Iron Wave","Power Through","Pommel Strike"],"picked":"SKIP","floor":5.0},{"not_picked":["Clothesline","Entrench","Rage"],"picked":"SKIP","floor":6.0},{"not_picked":["Second Wind","Disarm","Seeing Red"],"picked":"SKIP","floor":7},{"not_picked":["Clothesline","Fire Breathing","Body Slam"],"picked":"SKIP","floor":14}],"player_experience":858912,"relics_obtained":[{"floor":8,"key":"Odd Mushroom"},{"floor":9,"key":"Bronze Scales"}],"event_choices":[{"damage_healed":0.0,"max_hp_gain":5.0,"max_hp_loss":0.0,"gold_gain":0.0,"event_name":"Big Fish","player_choice":"Donut","floor":2.0,"gold_loss":0.0,"damage_taken":0.0},{"damage_healed":0.0,"max_hp_gain":0.0,"max_hp_loss":0.0,"gold_gain":0.0,"event_name":"Accursed Blacksmith","player_choice":"Forge","floor":3.0,"gold_loss":0.0,"damage_taken":0.0,"cards_upgraded":["Bash"]},{"damage_healed":0,"gold_gain":0,"player_choice":"Fought Mushrooms","damage_taken":0,"max_hp_gain":0,"max_hp_loss":0,"event_name":"Mushrooms","floor":8,"gold_loss":0},{"damage_healed":0,"gold_gain":0,"player_choice":"Success","damage_taken":7,"relics_obtained":["Paper Frog"],"max_hp_gain":0,"max_hp_loss":0,"event_name":"Scrap Ooze","floor":11,"gold_loss":0}],"is_beta":true,"boss_relics":[],"items_purged_floors":[13],"is_endless":false,"potions_floor_spawned":[5,6,7,14],"killed_by":"Hexaghost","ascension_level":0}