{"gold_per_floor":[99,99,99,99,49,49,49,49,49,49,49,49,49,49,49,49,49,4,4,0,0],"floor_reached":21,"playtime":559,"items_purged":[],"score":248,"play_id":"d5ad00d3-fcc2-471e-878a-3d21569ca30b","local_time":"20191020200804","is_ascension_mode":true,"campfire_choices":[{"data":"Neutralize","floor":6,"key":"SMITH"},{"floor":8,"key":"REST"},{"data":"Deadly Poison","floor":10,"key":"SMITH"},{"floor":15,"key":"REST"}],"neow_cost":"NONE","seed_source_timestamp":26099002452066,"circlet_count":0,"master_deck":["AscendersBane","Survivor","Neutralize+1","Deadly Poison+1","Doubt","Poisoned Stab","Poisoned Stab","Adrenaline","Reflex","Flying Knee","Die Die Die","Deadly Poison","Dodge and Roll","Slice","Slice","Outmaneuver","Bouncing Flask","Die Die Die","Backstab"],"relics":["Ectoplasm","Odd Mushroom","CeramicFish","Golden Idol","Pandora\u0027s Box"],"potions_floor_usage":[16],"damage_taken":[{"damage":5,"enemies":"Small Slimes","floor":1,"turns":4},{"damage":8,"enemies":"Cultist","floor":4,"turns":6},{"damage":22,"enemies":"The Mushroom Lair","floor":7,"turns":6},{"damage":7,"enemies":"Jaw Worm","floor":11,"turns":3},{"damage":15,"enemies":"Hexaghost","floor":16,"turns":10},{"damage":30,"enemies":"2 Thieves","floor":18,"turns":3},{"damage":12,"enemies":"Chosen","floor":19,"turns":4},{"damage":23,"enemies":"Centurion and Healer","floor":21,"turns":1}],"seed_played":"2299618437536736541","potions_obtained":[{"floor":4,"key":"Swift Potion"},{"floor":19,"key":"Dexterity Potion"}],"is_trial":false,"path_per_floor":["M","?","?","M","?","R","?","R","T","R","M","?","?","$","R","B",null,"M","M","?","M"],"character_chosen":"THE_SILENT","items_purchased":[],"campfire_rested":2,"item_purchase_floors":[],"current_hp_per_floor":[58,58,58,50,50,50,28,49,49,49,42,25,14,14,35,20,58,28,16,16,0],"gold":0,"neow_bonus":"BOSS_RELIC","is_prod":false,"is_daily":false,"chose_seed":false,"campfire_upgraded":2,"win_rate":0,"timestamp":1571569684,"path_taken":["M","?","?","?","?","R","?","R","T","R","?","?","?","?","R","BOSS","M","M","?","M"],"build_version":"2019-10-18","purchased_purges":0,"victory":false,"max_hp_per_floor":[70,70,70,70,70,70,70,70,70,70,70,70,70,70,70,70,70,70,70,70,70],"card_choices":[{"not_picked":["Backflip","Distraction"],"picked":"Deadly Poison","floor":1},{"not_picked":["Prepared","Underhanded Strike","Reflex"],"picked":"SKIP","floor":4},{"not_picked":["Dagger Throw","Masterful Stab"],"picked":"Poisoned Stab","floor":7},{"not_picked":["Infinite Blades","Slice"],"picked":"Poisoned Stab","floor":11},{"not_picked":["Glass Knife","Die Die Die"],"picked":"Adrenaline","floor":16},{"not_picked":["Flying Knee","Blade Dance","PiercingWail+1"],"picked":"SKIP","floor":18},{"not_picked":["Blade Dance+1","Distraction"],"picked":"Backstab","floor":19}],"player_experience":612611,"relics_obtained":[{"floor":7,"key":"Odd Mushroom"},{"floor":9,"key":"CeramicFish"}],"event_choices":[{"damage_healed":0,"gold_gain":175,"player_choice":"AGREE","damage_taken":0,"max_hp_gain":0,"max_hp_loss":0,"event_name":"Liars Game","floor":2,"gold_loss":0,"cards_obtained":["Doubt"]},{"damage_healed":0,"gold_gain":275,"player_choice":"Desecrate","damage_taken":0,"max_hp_gain":0,"max_hp_loss":0,"event_name":"Golden Shrine","floor":3,"gold_loss":0,"cards_obtained":["Regret"]},{"cards_removed":["Regret"],"damage_healed":0,"gold_gain":0,"player_choice":"Card Removal","damage_taken":0,"max_hp_gain":0,"max_hp_loss":0,"event_name":"The Cleric","floor":5,"gold_loss":50},{"damage_healed":0,"gold_gain":0,"player_choice":"Fought Mushrooms","damage_taken":0,"max_hp_gain":0,"max_hp_loss":0,"event_name":"Mushrooms","floor":7,"gold_loss":0},{"damage_healed":0,"gold_gain":0,"player_choice":"Take Damage","damage_taken":17,"relics_obtained":["Golden Idol"],"max_hp_gain":0,"max_hp_loss":0,"event_name":"Golden Idol","floor":12,"gold_loss":0},{"damage_healed":0,"gold_gain":75,"player_choice":"Gather Gold","damage_taken":11,"max_hp_gain":0,"max_hp_loss":0,"event_name":"World of Goop","floor":13,"gold_loss":0},{"damage_healed":0,"gold_gain":0,"player_choice":"Paid Fearfully","damage_taken":0,"max_hp_gain":0,"max_hp_loss":0,"event_name":"Masked Bandits","floor":20,"gold_loss":4}],"is_beta":true,"boss_relics":[{"not_picked":["Runic Pyramid","Sozu"],"picked":"Pandora\u0027s Box"}],"items_purged_floors":[],"is_endless":false,"potions_floor_spawned":[4,19],"killed_by":"Centurion and Healer","ascension_level":10}