{"path_per_floor":["M","M","M","?","M","E","R","M","T","$","?","R","M","M","R"],"character_chosen":"DEFECT","items_purchased":["Self Repair","Genetic Algorithm","Bandage Up"],"gold_per_floor":[110,123,133,133,158,197,197,215,241,27,102,102,121,144,144,144],"floor_reached":16,"campfire_rested":2,"playtime":1689,"current_hp_per_floor":[72,67,66,48,38,2,24,22,22,22,11,33,34,37,37,0],"items_purged":[],"gold":144,"score":104,"play_id":"90f1ce00-7d10-4f2c-9bea-6bdce3369d1b","local_time":"20180427161725","is_prod":false,"is_daily":false,"chose_seed":false,"is_ascension_mode":false,"campfire_upgraded":1,"timestamp":1524838645,"path_taken":["M","M","M","?","M","E","R","M","T","$","?","R","M","M","R","BOSS"],"build_version":"2018-04-26v2","seed_source_timestamp":588907041513,"purchased_purges":0,"victory":false,"master_deck":["Strike_B+1","Strike_B","Strike_B+1","Strike_B","Defend_B","Defend_B","Defend_B","Defend_B","Zap","Dualcast","White Noise","Cold Snap","Coolheaded","Hello World","Allocate","Ball Lightning","Self Repair","Genetic Algorithm","Bandage Up","Capacitor","Double Energy+1"],"max_hp_per_floor":[75,75,75,75,75,75,75,75,75,75,75,75,75,75,75,75],"relics":["Cracked Core","Golden Idol","Whetstone","Prayer Wheel"],"card_choices":[{"not_picked":["Static Discharge","Leap"],"picked":"White Noise","floor":1},{"not_picked":["Barrage","Reprogram"],"picked":"Cold Snap","floor":2},{"not_picked":["Buffer","Stack"],"picked":"Coolheaded","floor":3},{"not_picked":["Beam Cell","Skim"],"picked":"Hello World","floor":5},{"not_picked":["Sweeping Beam","Reprogram"],"picked":"Allocate","floor":6},{"not_picked":["Conserve Battery","Allocate"],"picked":"Ball Lightning","floor":8},{"not_picked":["Impulse","Heatsinks"],"picked":"Capacitor","floor":13},{"not_picked":["Gash","Reboot"],"picked":"Double Energy","floor":14}],"player_experience":34444,"potions_floor_usage":[6,14,16,16],"damage_taken":[{"damage":3,"enemies":"Jaw Worm","floor":1,"turns":4},{"damage":5,"enemies":"Small Slimes","floor":2,"turns":4},{"damage":1,"enemies":"Cultist","floor":3,"turns":3},{"damage":10,"enemies":"Blue Slaver","floor":5,"turns":4},{"damage":36,"enemies":"Gremlin Nob","floor":6,"turns":5},{"damage":2,"enemies":"2 Fungi Beasts","floor":8,"turns":4},{"damage":10,"enemies":"Large Slime","floor":13,"turns":7},{"damage":8,"enemies":"Gremlin Gang","floor":14,"turns":4},{"damage":46,"enemies":"The Guardian","floor":16,"turns":10}],"event_choices":[{"event_name":"Golden Idol","player_choice":"Take Damage","floor":4,"damage_taken":0},{"event_name":"World of Goop","player_choice":"Gather Gold","floor":11,"damage_taken":0}],"boss_relics":[],"potions_floor_spawned":[1,2,6,8],"seed_played":"-7043923871861321831","killed_by":"The Guardian","ascension_level":0,"is_trial":false}