{"gold_per_floor":[115,115,135,210,223,263,263,279,333,333,333,356,28,62,62,62],"floor_reached":16,"playtime":261,"items_purged":[],"score":200,"play_id":"e3b55b0a-929a-4e48-b882-a3a3c287b5cd","local_time":"20181028140600","is_ascension_mode":true,"campfire_choices":[{"data":"Spot Weakness","floor":7.0,"key":"SMITH"},{"floor":10.0,"key":"REST"},{"data":"Demon Form","floor":15,"key":"SMITH"}],"neow_cost":"NONE","seed_source_timestamp":14776152380296,"circlet_count":0,"master_deck":["Strike_R","Strike_R","Strike_R","Strike_R","Strike_R","Defend_R","Defend_R","Defend_R","Defend_R","Bash+1","AscendersBane","Sever Soul","Sever Soul","Cleave","Spot Weakness+1","Sever Soul","Demon Form+1","Feed","Rampage"],"special_seed":0,"relics":["Burning Blood","NeowsBlessing","Golden Idol","Blue Candle","Dream Catcher","Odd Mushroom"],"potions_floor_usage":[14,16],"damage_taken":[{"damage":0.0,"enemies":"Cultist","floor":1.0,"turns":1.0},{"damage":0.0,"enemies":"2 Louse","floor":3.0,"turns":1.0},{"damage":0.0,"enemies":"Jaw Worm","floor":5.0,"turns":1.0},{"damage":32.0,"enemies":"Gremlin Nob","floor":6.0,"turns":4.0},{"damage":18.0,"enemies":"Large Slime","floor":8.0,"turns":5.0},{"damage":2.0,"enemies":"2 Fungi Beasts","floor":12.0,"turns":3.0},{"damage":2,"enemies":"The Mushroom Lair","floor":14,"turns":3},{"damage":47,"enemies":"Slime Boss","floor":16,"turns":8}],"seed_played":"-155924016049832146","potions_obtained":[{"floor":1.0,"key":"Dexterity Potion"},{"floor":5.0,"key":"SteroidPotion"},{"floor":12.0,"key":"PowerPotion"}],"is_trial":false,"path_per_floor":["M","?","M","?","M","E","R","M","T","R","?","M","$","?","R"],"character_chosen":"IRONCLAD","items_purchased":["Demon Form","Feed"],"campfire_rested":1,"item_purchase_floors":[13,13],"current_hp_per_floor":[74,48,54,43,49,23,23,11,11,33,33,37,37,41,41,0],"gold":62,"neow_bonus":"THREE_ENEMY_KILL","is_prod":false,"is_daily":false,"chose_seed":false,"campfire_upgraded":2,"win_rate":0,"timestamp":1540731960,"path_taken":["M","?","M","?","?","E","R","M","T","R","?","M","$","?","R","BOSS"],"build_version":"2018-10-25v2","purchased_purges":0,"victory":false,"max_hp_per_floor":[75,75,75,75,75,75,75,75,75,75,75,75,75,75,75,75],"card_choices":[{"not_picked":["Second Wind","Iron Wave"],"picked":"Sever Soul","floor":1.0},{"not_picked":["Bloodletting","Power Through"],"picked":"Sever Soul","floor":3.0},{"not_picked":["Ghostly Armor","Headbutt"],"picked":"Cleave","floor":5.0},{"not_picked":["Shrug It Off","Disarm"],"picked":"Spot Weakness","floor":6.0},{"not_picked":["Warcry","Clothesline"],"picked":"Sever Soul","floor":8.0},{"not_picked":["Shrug It Off","Corruption","Iron Wave"],"picked":"SKIP","floor":12.0},{"not_picked":["Twin Strike","Anger"],"picked":"Rampage","floor":14}],"player_experience":710986,"relics_obtained":[{"floor":6.0,"key":"Blue Candle"},{"floor":9.0,"key":"Dream Catcher"},{"floor":14,"key":"Odd Mushroom"}],"event_choices":[{"damage_healed":0.0,"max_hp_gain":0.0,"max_hp_loss":0.0,"gold_gain":0.0,"event_name":"Golden Idol","player_choice":"Take Damage","floor":2.0,"gold_loss":0.0,"damage_taken":26.0,"relics_obtained":["Golden Idol"]},{"damage_healed":0.0,"max_hp_gain":0.0,"max_hp_loss":0.0,"gold_gain":75.0,"event_name":"World of Goop","player_choice":"Gather Gold","floor":4.0,"gold_loss":0.0,"damage_taken":11.0},{"damage_healed":0.0,"max_hp_gain":0.0,"max_hp_loss":0.0,"gold_gain":0.0,"event_name":"Upgrade Shrine","player_choice":"Upgraded","floor":11.0,"gold_loss":0.0,"damage_taken":0.0,"cards_upgraded":["Bash"]},{"damage_healed":0,"gold_gain":0,"player_choice":"Fought Mushrooms","damage_taken":0,"max_hp_gain":0,"max_hp_loss":0,"event_name":"Mushrooms","floor":14,"gold_loss":0}],"is_beta":true,"boss_relics":[],"items_purged_floors":[],"is_endless":false,"potions_floor_spawned":[1,5,12],"killed_by":"Slime Boss","ascension_level":20}