{"gold_per_floor":[119,119,144,159,159,159,192,192,217,315,330,398,413,27,27,151,151,165,10,33,83,133,177,177,20,20,120,163,187,210,40,40,159,159,182,232,255,274,37,71,0,0,27,95,145,145,240,255,255,255],"floor_reached":51,"playtime":2556,"items_purged":["Strike_B","Shame"],"score":1195,"play_id":"aa0e0d67-01c6-47fe-b86d-d9c5924e87fd","local_time":"20180808205027","is_ascension_mode":true,"campfire_choices":[{"data":"Defragment","floor":6,"key":"SMITH"},{"floor":8,"key":"REST"},{"data":"Defragment","floor":15,"key":"SMITH"},{"floor":24,"key":"REST"},{"data":"Loop","floor":32,"key":"SMITH"},{"data":"Buffer","floor":42,"key":"SMITH"},{"floor":46,"key":"REST"},{"floor":49,"key":"REST"}],"neow_cost":"","seed_source_timestamp":12326776558968,"circlet_count":0,"master_deck":["Strike_B+1","Strike_B+1","Strike_B+1","Defend_B+1","Defend_B+1","Defend_B+1","Defend_B+1","Zap+1","Dualcast+1","AscendersBane","Compile Driver+1","Self Repair+1","Defragment+1","Gash+1","Defragment+1","White Noise+1","Steam+1","Electrodynamics+1","Skim+1","Fission+1","Self Repair+1","Storm+1","Turbo+1","Steam Power+1","Echo Form+1","Glacier+1","Steam+1","Storm+1","Buffer+1","Fusion+1","Loop+1","Seek+1","Cold Snap+1","Turbo+1","Storm+1","Tempest+1","Heatsinks","Force Field","Defragment"],"relics":["Cracked Core","Golden Idol","SsserpentHead","Boot","Art of War","Potion Belt","Lee\u0027s Waffle","Calling Bell","Oddly Smooth Stone","Mercury Hourglass","Dead Branch","Vajra","Dodecahedron","Torii","Omamori","Cursed Key","Happy Flower","Mango","Red Mask","Dream Catcher","Mark of the Bloom","Ancient Tea Set"],"potions_floor_usage":[7,16,23,23,33,38,40,50,50,50],"damage_taken":[{"damage":0,"enemies":"2 Louse","floor":1,"turns":3},{"damage":0,"enemies":"Small Slimes","floor":3,"turns":3},{"damage":9,"enemies":"Jaw Worm","floor":4,"turns":4},{"damage":35,"enemies":"3 Sentries","floor":7,"turns":8},{"damage":14,"enemies":"Red Slaver","floor":11,"turns":3},{"damage":12,"enemies":"3 Louse","floor":12,"turns":3},{"damage":11,"enemies":"Blue Slaver","floor":13,"turns":3},{"damage":60,"enemies":"Hexaghost","floor":16,"turns":9},{"damage":46,"enemies":"3 Byrds","floor":18,"turns":5},{"damage":3,"enemies":"Chosen","floor":20,"turns":4},{"damage":21,"enemies":"Slavers","floor":23,"turns":2},{"damage":13,"enemies":"Gremlin Leader","floor":28,"turns":5},{"damage":22,"enemies":"Centurion and Healer","floor":29,"turns":4},{"damage":18,"enemies":"Sentry and Sphere","floor":30,"turns":6},{"damage":18,"enemies":"Automaton","floor":33,"turns":7},{"damage":7,"enemies":"3 Shapes","floor":35,"turns":4},{"damage":10,"enemies":"3 Darklings","floor":37,"turns":2},{"damage":53,"enemies":"Snecko and Mystics","floor":38,"turns":4},{"damage":0,"enemies":"Giant Head","floor":40,"turns":6},{"damage":0,"enemies":"Flame Bruiser 2 Orb","floor":44,"turns":3},{"damage":8,"enemies":"4 Shapes","floor":48,"turns":3},{"damage":69,"enemies":"Awakened One","floor":50,"turns":6}],"seed_played":"-4951833929129103444","potions_obtained":[{"floor":1,"key":"SpeedPotion"},{"floor":3,"key":"Poison Potion"},{"floor":11,"key":"SneckoOil"},{"floor":13,"key":"Strength Potion"},{"floor":16,"key":"Energy Potion"},{"floor":23,"key":"SteroidPotion"},{"floor":29,"key":"SkillPotion"},{"floor":30,"key":"Weak Potion"},{"floor":35,"key":"SkillPotion"},{"floor":48,"key":"Block Potion"}],"is_trial":false,"path_per_floor":["M","?","M","M","?","R","E","R","T","T","M","M","M","$","R","B",null,"M","$","M","?","?","E","R","$","T","?","E","M","M","$","R","B",null,"M","?","M","M","$","E","?","R","T","M","?","R","T","M","R","B"],"character_chosen":"DEFECT","items_purchased":["Electrodynamics","Skim","Lee\u0027s Waffle","Storm","Turbo","Glacier","Steam","Storm","Loop","Happy Flower","Storm","Block Potion"],"campfire_rested":4,"item_purchase_floors":[14,14,14,19,19,25,25,25,31,39,39,39],"current_hp_per_floor":[68,50,50,48,48,48,20,42,42,42,28,23,12,82,82,29,69,23,23,30,30,30,33,57,57,57,57,61,73,79,79,79,78,81,82,82,72,39,39,80,80,80,80,96,96,96,96,88,88,19],"gold":255,"neow_bonus":"","is_prod":false,"is_daily":false,"chose_seed":false,"campfire_upgraded":4,"win_rate":0,"timestamp":1533754227,"path_taken":["M","?","M","M","?","R","E","R","T","?","M","?","M","$","R","BOSS","M","?","M","?","?","E","R","$","T","?","E","M","M","$","R","BOSS","M","?","M","M","$","E","?","R","T","?","?","R","?","M","R","BOSS"],"build_version":"2018-08-07v3","purchased_purges":2,"victory":true,"max_hp_per_floor":[75,75,75,75,75,75,75,75,75,75,75,75,75,82,82,82,82,82,82,82,82,82,82,82,82,82,82,82,82,82,82,82,82,82,82,82,82,82,82,96,96,96,96,96,96,96,96,96,96,96],"card_choices":[{"not_picked":["Rebound","Chaos"],"picked":"Compile Driver","floor":1},{"not_picked":["Beam Cell","Redo"],"picked":"Self Repair","floor":3},{"not_picked":["Sweeping Beam","Leap"],"picked":"Defragment","floor":4},{"not_picked":["Redo","Rebound"],"picked":"Gash","floor":7},{"not_picked":["Coolheaded","Barrage"],"picked":"Defragment","floor":11},{"not_picked":["Reprogram","Heatsinks"],"picked":"White Noise","floor":12},{"not_picked":["Recycle","Turbo"],"picked":"Steam","floor":13},{"not_picked":["Rainbow","Electrodynamics"],"picked":"Fission","floor":16},{"not_picked":["Stack","Conserve Battery"],"picked":"Self Repair+1","floor":18},{"not_picked":["Go for the Eyes","Stack"],"picked":"Steam Power+1","floor":20},{"not_picked":["Turbo+1","Storm+1"],"picked":"Echo Form","floor":23},{"not_picked":["Ball Lightning","Sweeping Beam"],"picked":"Buffer","floor":28},{"not_picked":["Conserve Battery","Go for the Eyes"],"picked":"Fusion+1","floor":29},{"not_picked":["Stack","Go for the Eyes+1","Beam Cell"],"picked":"SKIP","floor":30},{"not_picked":["Electrodynamics","Biased Cognition"],"picked":"Seek","floor":33},{"not_picked":["Self Repair","Gash"],"picked":"Cold Snap+1","floor":35},{"not_picked":["Steam Power","Coolheaded"],"picked":"Turbo","floor":37},{"not_picked":["Conserve Battery+1","Reprogram","Rip and Tear"],"picked":"SKIP","floor":38},{"not_picked":["Sweeping Beam+1","Gash+1"],"picked":"Tempest+1","floor":40},{"not_picked":["Sweeping Beam+1","Compile Driver+1","Cold Snap"],"picked":"SKIP","floor":44},{"not_picked":["Rip and Tear+1","Streamline"],"picked":"Heatsinks","floor":46},{"not_picked":["Ball Lightning+1","Go for the Eyes"],"picked":"Force Field","floor":48},{"not_picked":["Doom and Gloom+1","Loop"],"picked":"Defragment","floor":49}],"player_experience":504971,"relics_obtained":[{"floor":7,"key":"Boot"},{"floor":9,"key":"Art of War"},{"floor":10,"key":"Potion Belt"},{"floor":17,"key":"Oddly Smooth Stone"},{"floor":17,"key":"Mercury Hourglass"},{"floor":17,"key":"Dead Branch"},{"floor":23,"key":"Dodecahedron"},{"floor":26,"key":"Torii"},{"floor":28,"key":"Omamori"},{"floor":40,"key":"Mango"},{"floor":43,"key":"Dream Catcher"},{"floor":47,"key":"Ancient Tea Set"}],"event_choices":[{"event_name":"Golden Idol","player_choice":"Take Damage","floor":2,"damage_taken":0},{"event_name":"FaceTrader","player_choice":"Trade","floor":5,"damage_taken":0},{"event_name":"The Mausoleum","player_choice":"Yes","floor":21,"damage_taken":0},{"event_name":"Vampires","player_choice":"Ignored","floor":22,"damage_taken":0},{"event_name":"The Joust","player_choice":"Bet on Murderer","floor":27,"damage_taken":0},{"event_name":"Fountain of Cleansing","player_choice":"Removed Curse","floor":36,"damage_taken":0},{"event_name":"Tomb of Lord Red Mask","player_choice":"Paid","floor":41,"damage_taken":0},{"event_name":"MindBloom","player_choice":"Upgrade","floor":45,"damage_taken":0}],"is_beta":true,"boss_relics":[{"not_picked":["Lizard Tail","Eternal Feather"],"picked":"Calling Bell"},{"not_picked":["Inserter","Velvet Choker"],"picked":"Cursed Key"}],"items_purged_floors":[19,31],"is_endless":false,"potions_floor_spawned":[1,3,11,13,16,23,29,30,35,37,48],"ascension_level":11}