{"gold_per_floor":[114,114,114,114,114,114,150,169,169,94,44,60,85,59,59,187,187,172,172,97,97,97,97,97,97,97,97,97,97,97,97,97,97,97,97,97,97,0,0,0,0,0,0,0,0,0,0,0,0,0],"floor_reached":50,"playtime":1183,"items_purged":["Defend_R"],"score":611,"play_id":"292a1c0b-0aff-49bb-833f-d9842017769a","local_time":"20191022115034","is_ascension_mode":false,"campfire_choices":[{"data":"Clash","floor":6.0,"key":"SMITH"},{"data":"Heavy Blade","floor":15.0,"key":"SMITH"},{"data":"Clash","floor":23.0,"key":"SMITH"},{"data":"Inflame","floor":30.0,"key":"SMITH"},{"data":"Heavy Blade","floor":32.0,"key":"SMITH"},{"data":"Strike_R","floor":40.0,"key":"SMITH"},{"floor":42.0,"key":"RECALL"},{"data":"Strike_R","floor":44.0,"key":"SMITH"},{"data":"Strike_R","floor":49.0,"key":"SMITH"}],"neow_cost":"NONE","seed_source_timestamp":433775272249300,"circlet_count":0,"master_deck":["Strike_R+1","Strike_R+1","Strike_R","Strike_R+1","Strike_R+1","Heavy Blade+1","Clash+1","Clash+1","Flex+1","Intimidate+1","Inflame+1","Offering+1","Heavy Blade+1"],"special_seed":0,"relics":["Burning Blood","Golden Idol","MealTicket","Toxic Egg 2","Ectoplasm","MutagenicStrength","Gambling Chip","Omamori","SacredBark","WingedGreaves","Magic Flower","Red Mask","Bag of Marbles","Question Card"],"potions_floor_usage":[],"damage_taken":[{"damage":6.0,"enemies":"Jaw Worm","floor":1.0,"turns":3.0},{"damage":19.0,"enemies":"Gremlin Nob","floor":7.0,"turns":4.0},{"damage":2.0,"enemies":"Small Slimes","floor":8.0,"turns":2.0},{"damage":0.0,"enemies":"2 Louse","floor":12.0,"turns":1.0},{"damage":5.0,"enemies":"Looter","floor":13.0,"turns":2.0},{"damage":0.0,"enemies":"Slime Boss","floor":16.0,"turns":8.0},{"damage":10.0,"enemies":"2 Thieves","floor":18.0,"turns":2.0},{"damage":24.0,"enemies":"Book of Stabbing","floor":24.0,"turns":3.0},{"damage":0.0,"enemies":"Spheric Guardian","floor":25.0,"turns":2.0},{"damage":6.0,"enemies":"Cultist and Chosen","floor":27.0,"turns":3.0},{"damage":12.0,"enemies":"Shelled Parasite and Fungi","floor":29.0,"turns":3.0},{"damage":6.0,"enemies":"Chosen and Byrds","floor":31.0,"turns":1.0},{"damage":48.0,"enemies":"Automaton","floor":33.0,"turns":5.0},{"damage":6.0,"enemies":"3 Darklings","floor":35.0,"turns":1.0},{"damage":13.0,"enemies":"2 Orb Walkers","floor":36.0,"turns":2.0},{"damage":6.0,"enemies":"Mind Bloom Boss Battle","floor":37.0,"turns":1.0},{"damage":0.0,"enemies":"Nemesis","floor":41.0,"turns":1.0},{"damage":6.0,"enemies":"Orb Walker","floor":46.0,"turns":1.0},{"damage":6.0,"enemies":"Maw","floor":47.0,"turns":1.0},{"damage":9.0,"enemies":"Sphere and 2 Shapes","floor":48.0,"turns":2.0},{"damage":191,"enemies":"Awakened One","floor":50,"turns":8}],"seed_played":"5286160358986699892","potions_obtained":[{"floor":7.0,"key":"Explosive Potion"},{"floor":8.0,"key":"Dexterity Potion"},{"floor":16.0,"key":"Dexterity Potion"},{"floor":18.0,"key":"Strength Potion"},{"floor":25.0,"key":"Ancient Potion"},{"floor":29.0,"key":"FairyPotion"},{"floor":36.0,"key":"Energy Potion"},{"floor":41.0,"key":"Fruit Juice"}],"is_trial":false,"path_per_floor":["M","?","?","?","?","R","E","M","T","$","?","M","M","$","R","B",null,"M","?","?","$","?","R","E","M","T","M","?","M","R","M","R","B",null,"M","?","?","?","?","R","E","R","T","R","T","M","M","M","R","B"],"character_chosen":"IRONCLAD","items_purchased":["Flex+1"],"campfire_rested":0,"item_purchase_floors":[14],"current_hp_per_floor":[80,80,85,64,47,47,34,38,38,53,53,59,60,75,75,81,85,81,81,81,85,85,85,67,73,73,73,73,67,67,67,67,25,85,85,78,78,78,78,78,95,95,95,95,95,95,95,95,95,0],"gold":0,"neow_bonus":"TRANSFORM_CARD","is_prod":false,"is_daily":false,"chose_seed":false,"campfire_upgraded":8,"win_rate":0,"timestamp":1571737834,"path_taken":["M","?","?","?","?","R","E","M","T","$","?","M","M","$","R","BOSS","M","?","?","$","?","R","E","M","T","M","?","M","R","?","R","BOSS","M","?","?","?","?","R","E","R","T","R","?","?","M","M","R","BOSS"],"build_version":"2019-10-21","purchased_purges":1,"victory":false,"max_hp_per_floor":[80,80,85,85,85,85,85,85,85,85,85,85,85,85,85,85,85,85,85,85,85,85,85,85,85,85,85,85,85,85,85,85,85,85,85,85,85,85,85,85,95,95,95,95,95,95,95,95,95,95],"card_choices":[{"not_picked":["Twin Strike","Armaments"],"picked":"Clash","floor":1.0},{"not_picked":["Thunderclap","Flame Barrier","Double Tap"],"picked":"SKIP","floor":7.0},{"not_picked":["Body Slam","Iron Wave"],"picked":"Clash","floor":8.0},{"not_picked":["Uppercut","Bloodletting+1","Perfected Strike"],"picked":"SKIP","floor":12.0},{"not_picked":["Metallicize","Wild Strike","Headbutt"],"picked":"SKIP","floor":13.0},{"not_picked":["Perfected Strike+1","Shrug It Off+1"],"picked":"Intimidate+1","floor":18.0},{"not_picked":["Flex+1","Cleave"],"picked":"Inflame","floor":24.0},{"not_picked":["Armaments+1","Clash","True Grit+1"],"picked":"SKIP","floor":25.0},{"not_picked":["Pommel Strike","Sword Boomerang","Warcry+1"],"picked":"SKIP","floor":27.0},{"not_picked":["Body Slam","Power Through+1"],"picked":"Offering+1","floor":29.0},{"not_picked":["Infernal Blade+1","Spot Weakness+1"],"picked":"Heavy Blade","floor":31.0},{"not_picked":["Clash+1","Pommel Strike","Twin Strike"],"picked":"SKIP","floor":35.0},{"not_picked":["Dark Embrace+1","Iron Wave+1","Pommel Strike"],"picked":"SKIP","floor":41.0},{"not_picked":["Power Through+1","Combust+1","Sword Boomerang","Battle Trance+1"],"picked":"SKIP","floor":46.0},{"not_picked":["Sever Soul","Body Slam+1","Disarm+1","Iron Wave"],"picked":"SKIP","floor":47.0},{"not_picked":["Inflame","Carnage","Shockwave+1","Infernal Blade+1"],"picked":"SKIP","floor":48.0}],"player_experience":877086,"relics_obtained":[{"floor":7.0,"key":"MealTicket"},{"floor":9.0,"key":"Toxic Egg 2"},{"floor":24.0,"key":"Gambling Chip"},{"floor":26.0,"key":"Omamori"},{"floor":36.0,"key":"WingedGreaves"},{"floor":37.0,"key":"Magic Flower"},{"floor":41.0,"key":"Bag of Marbles"},{"floor":45.0,"key":"Question Card"}],"event_choices":[{"damage_healed":0.0,"max_hp_gain":0.0,"max_hp_loss":0.0,"gold_gain":0.0,"event_name":"Liars Game","player_choice":"Ignored","floor":2.0,"gold_loss":0.0,"damage_taken":0.0},{"damage_healed":0.0,"max_hp_gain":5.0,"max_hp_loss":0.0,"gold_gain":0.0,"event_name":"Big Fish","player_choice":"Donut","floor":3.0,"gold_loss":0.0,"damage_taken":0.0},{"damage_healed":0.0,"max_hp_gain":0.0,"max_hp_loss":0.0,"gold_gain":0.0,"event_name":"Golden Idol","player_choice":"Take Damage","floor":4.0,"gold_loss":0.0,"damage_taken":21.0,"relics_obtained":["Golden Idol"]},{"damage_healed":0.0,"max_hp_gain":0.0,"max_hp_loss":0.0,"gold_gain":0.0,"event_name":"Shining Light","player_choice":"Entered Light","floor":5.0,"gold_loss":0.0,"damage_taken":17.0,"cards_upgraded":["Strike_R","Bash"]},{"cards_removed":["Defend_R"],"damage_healed":0.0,"max_hp_gain":0.0,"max_hp_loss":0.0,"gold_gain":0.0,"event_name":"The Cleric","player_choice":"Card Removal","floor":11.0,"gold_loss":50.0,"damage_taken":0.0},{"damage_healed":0.0,"max_hp_gain":0.0,"max_hp_loss":0.0,"gold_gain":0.0,"event_name":"Drug Dealer","player_choice":"Inject Mutagens","floor":19.0,"gold_loss":0.0,"damage_taken":0.0,"relics_obtained":["MutagenicStrength"]},{"cards_removed":["Defend_R"],"damage_healed":0.0,"max_hp_gain":0.0,"max_hp_loss":0.0,"gold_gain":0.0,"event_name":"Beggar","player_choice":"Gave Gold","floor":20.0,"gold_loss":75.0,"damage_taken":0.0},{"damage_healed":0.0,"max_hp_gain":0.0,"max_hp_loss":0.0,"gold_gain":0.0,"event_name":"The Mausoleum","player_choice":"Ignored","floor":22.0,"gold_loss":0.0,"damage_taken":0.0},{"damage_healed":0.0,"max_hp_gain":0.0,"max_hp_loss":0.0,"gold_gain":0.0,"event_name":"The Woman in Blue","player_choice":"Bought 0 Potions","floor":28.0,"gold_loss":0.0,"damage_taken":0.0},{"damage_healed":0.0,"max_hp_gain":0.0,"max_hp_loss":0.0,"gold_gain":0.0,"event_name":"Mysterious Sphere","player_choice":"Fight","floor":36.0,"gold_loss":0.0,"damage_taken":0.0},{"damage_healed":0.0,"max_hp_gain":0.0,"max_hp_loss":0.0,"gold_gain":0.0,"event_name":"MindBloom","player_choice":"Fight","floor":37.0,"gold_loss":0.0,"damage_taken":0.0},{"damage_healed":0.0,"max_hp_gain":0.0,"max_hp_loss":0.0,"gold_gain":0.0,"event_name":"Tomb of Lord Red Mask","player_choice":"Paid","floor":38.0,"gold_loss":97.0,"damage_taken":0.0,"relics_obtained":["Red Mask"]},{"cards_removed":["Bash"],"damage_healed":0.0,"max_hp_gain":0.0,"max_hp_loss":0.0,"gold_gain":0.0,"event_name":"Falling","player_choice":"Removed Attack","floor":39.0,"gold_loss":0.0,"damage_taken":0.0}],"is_beta":true,"boss_relics":[{"not_picked":["Runic Pyramid","Tiny House"],"picked":"Ectoplasm"},{"not_picked":["Mark of Pain","Calling Bell"],"picked":"SacredBark"}],"items_purged_floors":[10],"is_endless":false,"potions_floor_spawned":[7,8,16,18,25,29,31,36,41],"killed_by":"Awakened One","ascension_level":0}