{"gold_per_floor":[119,137,152,165,180,207,223,223,274,274,274,129,141,141,141,240,240,254,7,7,20,20,20,20,36,36,36,54,54,70,90,90,183,183,206,55,55,75,143,143,143,143,143,162,162,18,18,43,43,43],"floor_reached":50,"playtime":1245,"items_purged":["Defend_R","Injury"],"score":733,"play_id":"9cd774e5-facb-4119-a93a-a0a6ed25facf","local_time":"20180901224518","is_ascension_mode":true,"campfire_choices":[{"data":"Inflame","floor":11.0,"key":"SMITH"},{"data":"Bludgeon","floor":15.0,"key":"SMITH"},{"data":"Limit Break","floor":23.0,"key":"SMITH"},{"floor":27.0,"key":"REST"},{"floor":32.0,"key":"REST"},{"data":"Flex","floor":40.0,"key":"SMITH"},{"data":"Flex","floor":42.0,"key":"SMITH"},{"data":"Whirlwind","floor":45.0,"key":"SMITH"},{"data":"Double Tap","floor":47.0,"key":"SMITH"},{"floor":49.0,"key":"REST"}],"neow_cost":"NONE","seed_source_timestamp":567205184178008,"circlet_count":0,"master_deck":["Strike_R","Strike_R","Strike_R","Strike_R","Strike_R","Bash","AscendersBane","Bludgeon+1","Shrug It Off","Armaments","Iron Wave","Inflame+1","Flex+1","Twin Strike","Flex+1","Limit Break+1","Spot Weakness","Whirlwind+1","Inflame+1","Whirlwind+1","Berserk+1","Clothesline+1","Sever Soul+1","Spot Weakness","Feed","Double Tap+1"],"special_seed":0,"relics":["Burning Blood","Lantern","Oddly Smooth Stone","Dream Catcher","Golden Idol","Sozu","Vajra","FaceOfCleric","Letter Opener","Frozen Egg 2","MutagenicStrength","Astrolabe","Bird Faced Urn","Blood Vial"],"potions_floor_usage":[],"damage_taken":[{"damage":12.0,"enemies":"Jaw Worm","floor":1.0,"turns":2.0},{"damage":6.0,"enemies":"Cultist","floor":2.0,"turns":4.0},{"damage":12.0,"enemies":"2 Louse","floor":3.0,"turns":3.0},{"damage":10.0,"enemies":"Exordium Thugs","floor":4.0,"turns":5.0},{"damage":11.0,"enemies":"Looter","floor":5.0,"turns":2.0},{"damage":32.0,"enemies":"3 Sentries","floor":6.0,"turns":7.0},{"damage":5.0,"enemies":"3 Louse","floor":7.0,"turns":2.0},{"damage":1.0,"enemies":"Exordium Wildlife","floor":13.0,"turns":3.0},{"damage":25.0,"enemies":"Slime Boss","floor":16.0,"turns":10.0},{"damage":11.0,"enemies":"Spheric Guardian","floor":18.0,"turns":3.0},{"damage":34.0,"enemies":"Shell Parasite","floor":21.0,"turns":5.0},{"damage":19.0,"enemies":"Sentry and Sphere","floor":25.0,"turns":4.0},{"damage":15.0,"enemies":"Snake Plant","floor":28.0,"turns":3.0},{"damage":0.0,"enemies":"Cultist and Chosen","floor":30.0,"turns":4.0},{"damage":0.0,"enemies":"3 Cultists","floor":31.0,"turns":2.0},{"damage":54.0,"enemies":"Champ","floor":33.0,"turns":7.0},{"damage":8.0,"enemies":"Orb Walker","floor":35.0,"turns":2.0},{"damage":18.0,"enemies":"3 Shapes","floor":38.0,"turns":3.0},{"damage":11.0,"enemies":"Mysterious Sphere","floor":39.0,"turns":2.0},{"damage":0.0,"enemies":"Jaw Worm Horde","floor":44.0,"turns":1.0},{"damage":16.0,"enemies":"Sphere and 2 Shapes","floor":48.0,"turns":1.0},{"damage":105,"enemies":"Donu and Deca","floor":50,"turns":4}],"seed_played":"-5609404756237123567","potions_obtained":[{"floor":1.0,"key":"AttackPotion"},{"floor":3.0,"key":"FearPotion"},{"floor":4.0,"key":"Fire Potion"},{"floor":6.0,"key":"Fire Potion"}],"is_trial":false,"path_per_floor":["M","M","M","M","M","E","M","?","T","?","R","$","M","?","R","B",null,"M","$","?","M","?","R","?","M","T","R","M","?","M","M","R","B",null,"M","$","?","M","?","R","?","R","T","M","R","$","R","M","R"],"character_chosen":"IRONCLAD","items_purchased":["Flex","Twin Strike","Vajra","Feed","Double Tap"],"campfire_rested":3,"item_purchase_floors":[12,12,19,36,46],"current_hp_per_floor":[66,66,60,56,51,25,26,26,26,26,26,26,31,31,31,12,63,58,58,58,30,30,30,30,18,18,42,34,34,41,48,73,26,70,69,69,69,61,57,57,57,57,57,66,66,66,66,59,86,0],"gold":43,"neow_bonus":"ONE_RANDOM_RARE_CARD","is_prod":false,"is_daily":false,"chose_seed":false,"campfire_upgraded":7,"win_rate":0,"timestamp":1535834718,"path_taken":["M","M","M","M","M","E","M","?","T","?","R","$","M","?","R","BOSS","M","$","?","M","?","R","?","M","T","R","?","?","M","M","R","BOSS","M","$","?","M","?","R","?","R","T","M","R","$","R","?","R","BOSS"],"build_version":"2018-08-30","purchased_purges":2,"victory":false,"max_hp_per_floor":[80,80,80,80,80,80,80,80,80,80,80,80,80,80,80,80,80,80,80,80,80,80,80,80,81,81,81,82,82,83,84,84,85,85,86,86,86,90,91,91,91,91,91,92,92,92,92,93,93,93],"card_choices":[{"not_picked":["Rage","Ghostly Armor"],"picked":"Entrench","floor":1.0},{"not_picked":["True Grit","Burning Pact","Battle Trance"],"picked":"SKIP","floor":2.0},{"not_picked":["Clothesline","Searing Blow"],"picked":"Body Slam","floor":3.0},{"not_picked":["Clothesline","Cleave"],"picked":"Shrug It Off","floor":4.0},{"not_picked":["Warcry","Disarm","Sword Boomerang"],"picked":"SKIP","floor":5.0},{"not_picked":["Thunderclap","Bludgeon"],"picked":"Armaments","floor":6.0},{"not_picked":["Twin Strike","Carnage"],"picked":"Iron Wave","floor":7.0},{"not_picked":["Cleave","Flame Barrier"],"picked":"Flex","floor":13.0},{"not_picked":["Demon Form","Barricade"],"picked":"Limit Break","floor":16.0},{"not_picked":["Searing Blow","Perfected Strike","Corruption"],"picked":"SKIP","floor":18.0},{"not_picked":["Metallicize","Evolve"],"picked":"Whirlwind","floor":21.0},{"not_picked":["Cleave+1","Bloodletting"],"picked":"Inflame+1","floor":25.0},{"not_picked":["Shockwave","Disarm"],"picked":"Whirlwind+1","floor":27.0},{"not_picked":["Hemokinesis","Havoc","Shrug It Off"],"picked":"SKIP","floor":28.0},{"not_picked":["Havoc","Whirlwind","Anger"],"picked":"SKIP","floor":30.0},{"not_picked":["Rupture+1","Body Slam","Pummel"],"picked":"SKIP","floor":31.0},{"not_picked":["Barricade+1","Exhume"],"picked":"Berserk+1","floor":33.0},{"not_picked":["Body Slam","Combust+1"],"picked":"Spot Weakness","floor":35.0},{"not_picked":["Headbutt+1","Body Slam","True Grit"],"picked":"SKIP","floor":38.0},{"not_picked":["Power Through","Disarm+1","Wild Strike+1"],"picked":"SKIP","floor":44.0},{"not_picked":["Cleave","Combust+1","Headbutt"],"picked":"SKIP","floor":48.0}],"player_experience":625295,"relics_obtained":[{"floor":6.0,"key":"Lantern"},{"floor":9.0,"key":"Dream Catcher"},{"floor":26.0,"key":"Frozen Egg 2"},{"floor":39.0,"key":"Bird Faced Urn"},{"floor":43.0,"key":"Blood Vial"}],"event_choices":[{"event_name":"WeMeetAgain","player_choice":"Card","floor":8.0,"damage_taken":0.0},{"event_name":"Transmorgrifier","player_choice":"Transform","floor":10.0,"damage_taken":0.0},{"event_name":"Golden Idol","player_choice":"Take Wound","floor":14.0,"damage_taken":0.0},{"event_name":"The Library","player_choice":"Read","floor":20.0,"damage_taken":0.0},{"event_name":"FaceTrader","player_choice":"Trade","floor":22.0,"damage_taken":0.0},{"event_name":"The Mausoleum","player_choice":"Yes","floor":24.0,"damage_taken":0.0},{"event_name":"Drug Dealer","player_choice":"Inject Mutagens","floor":29.0,"damage_taken":0.0},{"event_name":"Falling","player_choice":"Removed Skill","floor":37.0,"damage_taken":0.0},{"event_name":"Mysterious Sphere","player_choice":"Fight","floor":39.0,"damage_taken":0.0},{"event_name":"SensoryStone","player_choice":"Memory 1","floor":41.0,"damage_taken":0.0}],"is_beta":true,"boss_relics":[{"not_picked":["Pandora\u0027s Box","Busted Crown"],"picked":"Sozu"},{"not_picked":["White Beast Statue","Black Star"],"picked":"Astrolabe"}],"items_purged_floors":[12,19],"is_endless":false,"potions_floor_spawned":[1,3,4,6,18,25,31,33,35,38,44],"killed_by":"Donu and Deca","ascension_level":13}