{"gold_per_floor":[112,112,122,122,136,136,152,152,206,156,331,331,256,271,271,366,366,381,398,323,335,434,434,434,161,215,234,260,67,98,118,118,215,215,226,76,176,194,294,323,323,323,348,366,366,383,383,383,383,383],"floor_reached":51,"playtime":3001,"items_purged":["Doubt","Strike_B","Defend_B","Defend_B"],"score":828,"play_id":"c7b6b16d-0b54-40f7-98f5-7d1d610aa427","local_time":"20190923033953","is_ascension_mode":false,"campfire_choices":[{"data":"Consume","floor":6.0,"key":"SMITH"},{"data":"Zap","floor":8.0,"key":"SMITH"},{"data":"Dualcast","floor":15.0,"key":"SMITH"},{"data":"Electrodynamics","floor":23,"key":"SMITH"},{"data":"Capacitor","floor":32,"key":"SMITH"},{"data":"Defragment","floor":41,"key":"SMITH"},{"data":"Machine Learning","floor":45,"key":"SMITH"},{"data":"Hologram","floor":47,"key":"SMITH"},{"data":"Loop","floor":49,"key":"SMITH"}],"neow_cost":"NONE","seed_source_timestamp":41846043937328,"circlet_count":0,"master_deck":["Strike_B+1","Defend_B","Zap+1","Dualcast+1","Hologram+1","Consume+1","Cold Snap","Conserve Battery","Electrodynamics+1","Cold Snap","Chill+1","Redo+1","Capacitor+1","Hologram+1","Redo","Glacier","Blizzard","Loop+1","Reboot","Loop+1","Defragment+1","Blizzard+1","Defragment+1","Machine Learning+1"],"special_seed":0,"relics":["Cracked Core","Art of War","Anchor","Coffee Dripper","TheAbacus","Blood Vial","Boot","Prayer Wheel","Inserter","Dead Branch","Meat on the Bone","CeramicFish","Mummified Hand"],"potions_floor_usage":[16,28,28,50],"damage_taken":[{"damage":1.0,"enemies":"Cultist","floor":1.0,"turns":3.0},{"damage":5.0,"enemies":"Small Slimes","floor":3.0,"turns":3.0},{"damage":8.0,"enemies":"Jaw Worm","floor":5.0,"turns":3.0},{"damage":11.0,"enemies":"Large Slime","floor":7.0,"turns":5.0},{"damage":15.0,"enemies":"Gremlin Gang","floor":14.0,"turns":5.0},{"damage":21,"enemies":"Slime Boss","floor":16,"turns":14},{"damage":0,"enemies":"2 Thieves","floor":18,"turns":3},{"damage":7,"enemies":"Shell Parasite","floor":19,"turns":5},{"damage":5,"enemies":"Shelled Parasite and Fungi","floor":21,"turns":6},{"damage":0,"enemies":"Centurion and Healer","floor":27,"turns":5},{"damage":0,"enemies":"Slavers","floor":28,"turns":3},{"damage":0,"enemies":"Book of Stabbing","floor":30,"turns":6},{"damage":2,"enemies":"3 Cultists","floor":31,"turns":4},{"damage":0,"enemies":"Champ","floor":33,"turns":13},{"damage":0,"enemies":"3 Shapes","floor":35,"turns":4},{"damage":0,"enemies":"3 Darklings","floor":38,"turns":3},{"damage":0,"enemies":"Mind Bloom Boss Battle","floor":39,"turns":4},{"damage":26,"enemies":"Nemesis","floor":40,"turns":7},{"damage":0,"enemies":"Jaw Worm Horde","floor":44,"turns":3},{"damage":10,"enemies":"Writhing Mass","floor":46,"turns":6},{"damage":28,"enemies":"Time Eater","floor":50,"turns":7}],"seed_played":"6602486055137094192","potions_obtained":[{"floor":5.0,"key":"SpeedPotion"},{"floor":14.0,"key":"Block Potion"},{"floor":18,"key":"Swift Potion"},{"floor":27,"key":"FearPotion"},{"floor":31,"key":"PowerPotion"},{"floor":39,"key":"DuplicationPotion"},{"floor":40,"key":"Block Potion"},{"floor":42,"key":"LiquidBronze"}],"is_trial":false,"path_per_floor":["M","?","M","?","M","R","M","R","T","?","?","?","$","M","R","B",null,"M","M","?","M","?","R","?","$","T","M","E","$","E","M","R","B",null,"M","$","?","M","?","E","R","?","T","M","R","M","R","T","R","B",null],"character_chosen":"DEFECT","items_purchased":["TheAbacus","Hologram","Blizzard"],"campfire_rested":0,"item_purchase_floors":[25,25,29],"current_hp_per_floor":[74,74,69,74,66,66,55,55,55,55,55,39,39,24,24,3,80,80,73,73,68,68,68,68,68,68,70,72,72,74,74,74,76,80,80,80,80,80,80,54,54,54,54,56,56,48,48,48,48,34],"gold":383,"neow_bonus":"REMOVE_CARD","is_prod":false,"is_daily":false,"chose_seed":false,"campfire_upgraded":9,"win_rate":0,"timestamp":1569177593,"path_taken":["M","?","?","?","M","R","M","R","T","?","?","?","$","M","R","BOSS","M","M","?","M","?","R","?","?","T","M","E","$","E","M","R","BOSS","M","$","?","?","?","E","R","?","T","?","R","M","R","?","R","BOSS"],"build_version":"2019-09-20","purchased_purges":4,"victory":true,"max_hp_per_floor":[75,75,75,80,80,80,80,80,80,80,80,80,80,80,80,80,80,80,80,80,80,80,80,80,80,80,80,80,80,80,80,80,80,80,80,80,80,80,80,80,80,80,80,80,80,80,80,80,80,80],"card_choices":[{"not_picked":["Steam","Gash"],"picked":"Go for the Eyes","floor":1.0},{"not_picked":["Ball Lightning","Beam Cell"],"picked":"Hologram","floor":3.0},{"not_picked":["Streamline","White Noise"],"picked":"Consume","floor":5.0},{"not_picked":["BootSequence","Steam"],"picked":"Cold Snap","floor":7.0},{"not_picked":["Beam Cell","Reprogram"],"picked":"Conserve Battery","floor":14.0},{"not_picked":["Meteor Strike","Seek"],"picked":"Electrodynamics","floor":16},{"not_picked":["Sweeping Beam","Consume+1"],"picked":"Cold Snap","floor":18},{"not_picked":["Redo","Melter"],"picked":"Chill+1","floor":19},{"not_picked":["Beam Cell","Gash"],"picked":"Redo+1","floor":21},{"not_picked":["Barrage","Streamline+1"],"picked":"Redo","floor":27},{"not_picked":["Turbo","Barrage"],"picked":"Glacier","floor":28},{"not_picked":["Auto Shields","Steam Power","Hologram"],"picked":"SKIP","floor":30},{"not_picked":["Redo","Sweeping Beam+1"],"picked":"Loop+1","floor":31},{"not_picked":["Stack","Heatsinks","Double Energy"],"picked":"SKIP","floor":31},{"not_picked":["Hyperbeam","Core Surge"],"picked":"Reboot","floor":33},{"not_picked":["Double Energy+1","Hologram"],"picked":"Loop","floor":35},{"not_picked":["Gash+1","Cold Snap","Doom and Gloom"],"picked":"SKIP","floor":35},{"not_picked":["FTL+1","Redo"],"picked":"Defragment+1","floor":38},{"not_picked":["Beam Cell+1","Chaos"],"picked":"Blizzard+1","floor":38},{"not_picked":["Turbo","White Noise+1"],"picked":"Defragment","floor":40},{"not_picked":["Conserve Battery","White Noise+1"],"picked":"Machine Learning","floor":44},{"not_picked":["Leap","Scrape","Stack"],"picked":"SKIP","floor":44},{"not_picked":["Conserve Battery","Lockon+1","Rebound+1"],"picked":"SKIP","floor":46},{"not_picked":["Conserve Battery","Compile Driver+1","Steam"],"picked":"SKIP","floor":46}],"player_experience":519204,"relics_obtained":[{"floor":9.0,"key":"Anchor"},{"floor":26,"key":"Blood Vial"},{"floor":28,"key":"Boot"},{"floor":30,"key":"Prayer Wheel"},{"floor":39,"key":"Dead Branch"},{"floor":40,"key":"Meat on the Bone"},{"floor":43,"key":"CeramicFish"},{"floor":48,"key":"Mummified Hand"}],"event_choices":[{"cards_removed":["Go for the Eyes"],"damage_healed":0.0,"max_hp_gain":0.0,"max_hp_loss":0.0,"gold_gain":0.0,"event_name":"WeMeetAgain","player_choice":"Gave Card","floor":2.0,"gold_loss":0.0,"damage_taken":0.0,"relics_obtained":["Art of War"]},{"damage_healed":0.0,"max_hp_gain":5.0,"max_hp_loss":0.0,"gold_gain":0.0,"event_name":"Big Fish","player_choice":"Donut","floor":4.0,"gold_loss":0.0,"damage_taken":0.0},{"cards_removed":["Strike_B"],"damage_healed":0.0,"max_hp_gain":0.0,"max_hp_loss":0.0,"gold_gain":0.0,"event_name":"The Cleric","player_choice":"Card Removal","floor":10.0,"gold_loss":50.0,"damage_taken":0.0},{"damage_healed":0.0,"max_hp_gain":0.0,"max_hp_loss":0.0,"gold_gain":175.0,"event_name":"Liars Game","player_choice":"AGREE","floor":11.0,"gold_loss":0.0,"damage_taken":0.0,"cards_obtained":["Doubt"]},{"damage_healed":0.0,"max_hp_gain":0.0,"max_hp_loss":0.0,"gold_gain":0.0,"event_name":"Shining Light","player_choice":"Entered Light","floor":12.0,"gold_loss":0.0,"damage_taken":16.0,"cards_upgraded":["Strike_B","Hologram"]},{"cards_removed":["Strike_B"],"damage_healed":0,"gold_gain":0,"player_choice":"Gave Gold","damage_taken":0,"max_hp_gain":0,"max_hp_loss":0,"event_name":"Beggar","floor":20,"gold_loss":75},{"damage_healed":0,"gold_gain":99,"player_choice":"Stole From Cult","damage_taken":0,"max_hp_gain":0,"max_hp_loss":0,"event_name":"Nest","floor":22,"gold_loss":0},{"damage_healed":0,"gold_gain":0,"player_choice":"Read","damage_taken":0,"max_hp_gain":0,"max_hp_loss":0,"event_name":"The Library","floor":24,"gold_loss":0,"cards_obtained":["Capacitor"]},{"damage_healed":0,"gold_gain":100,"player_choice":"Pray","damage_taken":0,"max_hp_gain":0,"max_hp_loss":0,"event_name":"Golden Shrine","floor":37,"gold_loss":0},{"damage_healed":0,"gold_gain":0,"player_choice":"Fight","damage_taken":0,"max_hp_gain":0,"max_hp_loss":0,"event_name":"MindBloom","floor":39,"gold_loss":0},{"damage_healed":0,"gold_gain":0,"player_choice":"Got Potions","damage_taken":0,"max_hp_gain":0,"max_hp_loss":0,"event_name":"Lab","floor":42,"gold_loss":0}],"is_beta":true,"boss_relics":[{"not_picked":["SacredBark","Pandora\u0027s Box"],"picked":"Coffee Dripper"},{"not_picked":["Runic Dome","Black Star"],"picked":"Inserter"}],"items_purged_floors":[13,25,29,36],"is_endless":false,"potions_floor_spawned":[5,14,18,27,31,39,40,46],"ascension_level":0}