{"path_per_floor":["M","M","?","M","M","E","R","M","T","M","R","?","$","M","R","B",null,"M","T","?","?","$","M","?","M","T","?","M","$","R","M","R","B",null,"M","$","M","?","M","R","?","M","T","?","R","M","?","M","R"],"character_chosen":"DEFECT","items_purchased":["Capacitor","Coolheaded","Regal Pillow","Static Discharge","Leap","Leap","Cold Snap","Force Field","Storm"],"gold_per_floor":[115,125,125,145,162,194,194,210,240,256,256,256,24,35,35,137,137,152,178,178,178,77,93,93,108,158,158,176,74,74,93,93,189,189,206,52,71,71,90,90,0,13,13,13,13,32,32,49,49,49],"floor_reached":50,"campfire_rested":3,"playtime":3558,"current_hp_per_floor":[71,71,71,67,69,50,50,49,49,44,44,41,41,33,70,56,75,53,53,53,53,53,51,51,35,35,35,68,68,68,72,72,65,75,66,66,39,64,36,75,75,70,70,60,60,17,17,29,68,0],"items_purged":[],"gold":49,"score":496,"play_id":"9f59cad3-9ae4-4128-b172-0bc76ae4b347","local_time":"20180428014743","is_prod":false,"is_daily":false,"chose_seed":false,"is_ascension_mode":false,"campfire_upgraded":5,"timestamp":1524872863,"path_taken":["M","M","?","M","M","E","R","M","T","M","R","?","$","M","R","BOSS","M","?","?","?","$","M","?","?","T","?","M","$","R","M","R","BOSS","M","$","M","?","M","R","?","M","T","?","R","M","?","M","R","BOSS"],"build_version":"2018-04-26v2","seed_source_timestamp":32947292742296,"purchased_purges":0,"victory":false,"master_deck":["Defend_B+1","Defend_B+1","Defend_B+1","Defend_B+1","Zap","Dualcast","Barrage+1","Tempest","Coolheaded","Rainbow+1","Impulse","Capacitor","Coolheaded","Ball Lightning","Echo Form+1","Static Discharge","Leap","Melter","Bite","Bite","Bite","Bite","Bite","Aggregate","Echo Form+1","Leap","Cold Snap","Amplify+1","Force Field","Force Field","Storm","Barrage","Writhe","Storm","Buffer","Panache","Master of Strategy","Conserve Battery"],"max_hp_per_floor":[75,75,75,75,75,75,75,75,75,75,75,75,75,75,75,75,75,75,75,75,75,75,75,75,75,75,75,75,75,75,75,75,75,75,75,75,75,81,81,81,81,81,81,81,81,81,81,81,81,81],"relics":["Cracked Core","Darkstone Periapt","Tiny Chest","Bag of Marbles","Regal Pillow","Inserter","Anchor","Juzu Bracelet","Sozu","Red Mask","Thread and Needle"],"card_choices":[{"not_picked":["Aggregate","Turbo"],"picked":"Barrage","floor":2},{"not_picked":["Blaster","Stack"],"picked":"Tempest","floor":4},{"not_picked":["Chill","Steam Power"],"picked":"Coolheaded","floor":5},{"not_picked":["Leap","Fission"],"picked":"Rainbow","floor":6},{"not_picked":["Blaster","Barrage"],"picked":"Flux Capacitor","floor":8},{"not_picked":["FTL","Hologram"],"picked":"Impulse","floor":10},{"not_picked":["Streamline","Hello World"],"picked":"Ball Lightning","floor":14},{"not_picked":["Reboot","Seek"],"picked":"Echo Form","floor":16},{"not_picked":["Sweeping Beam","Coolheaded"],"picked":"Melter","floor":23},{"not_picked":["Skim","Rebound"],"picked":"Aggregate","floor":25},{"not_picked":["Hologram","Conserve Battery"],"picked":"Echo Form","floor":28},{"not_picked":["Multi-Cast","Hyperbeam"],"picked":"Amplify","floor":33},{"not_picked":["FTL","Sweeping Beam"],"picked":"Force Field","floor":35},{"not_picked":["Ball Lightning","Beam Cell"],"picked":"Barrage","floor":37},{"not_picked":["Steam Power","Streamline"],"picked":"Storm","floor":39},{"not_picked":["Melter","Glacier"],"picked":"Buffer","floor":42},{"not_picked":["Jack Of All Trades","Good Instincts"],"picked":"Panache","floor":44},{"not_picked":["Transmutation","Purity"],"picked":"Master of Strategy","floor":44},{"not_picked":["Skim","Cold Snap"],"picked":"Conserve Battery","floor":48}],"player_experience":57406,"potions_floor_usage":[6,18,28,28,39],"damage_taken":[{"damage":4,"enemies":"2 Louse","floor":1,"turns":3},{"damage":2,"enemies":"Small Slimes","floor":2,"turns":3},{"damage":6,"enemies":"Jaw Worm","floor":4,"turns":3},{"damage":0,"enemies":"Large Slime","floor":5,"turns":5},{"damage":21,"enemies":"Gremlin Nob","floor":6,"turns":4},{"damage":3,"enemies":"Looter","floor":8,"turns":3},{"damage":7,"enemies":"Red Slaver","floor":10,"turns":3},{"damage":10,"enemies":"Blue Slaver","floor":14,"turns":3},{"damage":16,"enemies":"Slime Boss","floor":16,"turns":8},{"damage":22,"enemies":"Chosen","floor":18,"turns":5},{"damage":4,"enemies":"Spheric Guardian","floor":23,"turns":4},{"damage":24,"enemies":"Centurion and Healer","floor":25,"turns":6},{"damage":30,"enemies":"Slaver and Parasite","floor":28,"turns":18},{"damage":4,"enemies":"Snecko","floor":31,"turns":5},{"damage":25,"enemies":"Collector","floor":33,"turns":11},{"damage":11,"enemies":"Orb Walker","floor":35,"turns":4},{"damage":31,"enemies":"3 Darklings","floor":37,"turns":6},{"damage":46,"enemies":"Flame Bruiser 2 Orb","floor":39,"turns":6},{"damage":15,"enemies":"4 Shapes","floor":42,"turns":7},{"damage":51,"enemies":"3 Darklings","floor":46,"turns":6},{"damage":0,"enemies":"Maw","floor":48,"turns":7},{"damage":83,"enemies":"Awakened One","floor":50,"turns":7}],"event_choices":[{"event_name":"Living Wall","player_choice":"Grow","floor":3,"damage_taken":0},{"event_name":"Scrap Ooze","player_choice":"success","floor":12,"damage_taken":3},{"event_name":"Back to Basics","player_choice":"Simplicity","floor":20,"damage_taken":0},{"event_name":"Cursed Tome","player_choice":"Ignored","floor":21,"damage_taken":0},{"event_name":"Vampires","player_choice":"Became a vampire (Vial)","floor":24,"damage_taken":0},{"event_name":"Beggar","player_choice":"Ignored","floor":27,"damage_taken":0},{"event_name":"Winding Halls","player_choice":"Writhe","floor":38,"damage_taken":0},{"event_name":"Tomb of Lord Red Mask","player_choice":"Paid","floor":41,"damage_taken":0},{"event_name":"SensoryStone","player_choice":"Memory 3","floor":44,"damage_taken":0}],"boss_relics":[{"not_picked":["Velvet Choker","Nuclear Battery"],"picked":"Inserter"},{"not_picked":["Philosopher\u0027s Stone","Eternal Feather"],"picked":"Sozu"}],"potions_floor_spawned":[1,6,14,25,33,35,37,46,48],"seed_played":"5270014470712012834","killed_by":"Awakened One","ascension_level":0,"is_trial":false}