{"gold_per_floor":[117,135,85,260,271,298,298,298,298,298,333,347,363,395,395,498,498,512,529,529,529,542,568,582,615,697,710,710],"floor_reached":28,"playtime":1670,"items_purged":[],"score":305,"play_id":"e405724f-7271-4d43-9c3a-2ab820132485","local_time":"20180729012933","is_ascension_mode":false,"campfire_choices":[{"data":"Dualcast","floor":10.0,"key":"SMITH"},{"data":"Coolheaded","floor":15.0,"key":"SMITH"}],"neow_cost":"NONE","seed_source_timestamp":14084626766233,"circlet_count":0,"master_deck":["Strike_B","Strike_B","Strike_B","Strike_B","Defend_B","Defend_B","Defend_B","Zap+1","Dualcast+1","Melter","Rebound","Barrage","Coolheaded+1","Conserve Battery","Cold Snap","Ball Lightning","Ball Lightning","Creative AI+1","Chaos","Redo","Zap+1","Coolheaded","Cold Snap","Sweeping Beam+1","Blizzard+1","Capacitor+1"],"special_seed":0,"relics":["Cracked Core","Gremlin Horn","Dodecahedron","Nunchaku","Gambling Chip","Frozen Egg 2","Fusion Hammer","Vajra","Oddly Smooth Stone","Bottled Tornado"],"potions_floor_usage":[],"damage_taken":[{"damage":1.0,"enemies":"2 Louse","floor":1.0,"turns":2.0},{"damage":0.0,"enemies":"Cultist","floor":2.0,"turns":2.0},{"damage":2.0,"enemies":"Small Slimes","floor":5.0,"turns":3.0},{"damage":22.0,"enemies":"3 Sentries","floor":6.0,"turns":6.0},{"damage":24.0,"enemies":"Lagavulin","floor":11.0,"turns":4.0},{"damage":0.0,"enemies":"3 Louse","floor":12.0,"turns":2.0},{"damage":7.0,"enemies":"Blue Slaver","floor":13.0,"turns":3.0},{"damage":0.0,"enemies":"3 Sentries","floor":14.0,"turns":5.0},{"damage":6.0,"enemies":"Hexaghost","floor":16.0,"turns":7.0},{"damage":1.0,"enemies":"Chosen","floor":18.0,"turns":4.0},{"damage":4.0,"enemies":"Shell Parasite","floor":19.0,"turns":4.0},{"damage":0.0,"enemies":"Sentry and Sphere","floor":22.0,"turns":3.0},{"damage":35.0,"enemies":"Slavers","floor":23.0,"turns":5.0},{"damage":3.0,"enemies":"Cultist and Chosen","floor":24.0,"turns":5.0},{"damage":16.0,"enemies":"Book of Stabbing","floor":25.0,"turns":4.0},{"damage":4.0,"enemies":"Centurion and Healer","floor":27.0,"turns":4.0},{"damage":13,"enemies":"Snake Plant","floor":28,"turns":1}],"seed_played":"-539396789626399745","potions_obtained":[{"floor":1.0,"key":"AttackPotion"},{"floor":13.0,"key":"Poison Potion"},{"floor":14.0,"key":"Strength Potion"},{"floor":16.0,"key":"SkillPotion"},{"floor":19.0,"key":"SpeedPotion"},{"floor":24.0,"key":"Swift Potion"}],"is_trial":false,"path_per_floor":["M","M","?","?","M","E","?","T","T","R","E","M","M","E","R","B",null,"M","M","?","?","M","E","M","E","T","M"],"character_chosen":"DEFECT","items_purchased":[],"campfire_rested":0,"item_purchase_floors":[],"current_hp_per_floor":[74,74,74,74,72,50,50,50,50,50,26,26,19,19,19,13,75,74,70,70,70,70,35,32,16,16,12,0],"gold":710,"neow_bonus":"UPGRADE_CARD","is_prod":false,"is_daily":false,"chose_seed":false,"campfire_upgraded":2,"win_rate":0,"timestamp":1532798973,"path_taken":["M","M","?","?","M","E","?","?","T","R","E","M","M","E","R","BOSS","M","?","?","?","?","E","M","E","T","M","M"],"build_version":"2018-07-26","purchased_purges":0,"victory":false,"max_hp_per_floor":[75,75,75,75,75,75,75,75,75,75,75,75,75,75,75,75,75,75,75,75,75,75,75,75,75,75,75,75],"card_choices":[{"not_picked":["Undo","Compile Driver"],"picked":"Melter","floor":1.0},{"not_picked":["Capacitor","Streamline"],"picked":"Rebound","floor":2.0},{"not_picked":["Turbo","Fusion"],"picked":"Barrage","floor":5.0},{"not_picked":["Hyperbeam","Aggregate"],"picked":"Coolheaded","floor":6.0},{"not_picked":["Beam Cell","Genetic Algorithm"],"picked":"Conserve Battery","floor":11.0},{"not_picked":["Barrage","Leap"],"picked":"Cold Snap","floor":12.0},{"not_picked":["Chill","Darkness"],"picked":"Ball Lightning","floor":13.0},{"not_picked":["Hello World","Go for the Eyes"],"picked":"Ball Lightning","floor":14.0},{"not_picked":["All For One","Seek"],"picked":"Creative AI+1","floor":16.0},{"not_picked":["Rebound","Chill+1"],"picked":"Chaos","floor":18.0},{"not_picked":["Sweeping Beam","Gash+1"],"picked":"Redo","floor":19.0},{"not_picked":["Genetic Algorithm","Stack"],"picked":"Coolheaded","floor":22.0},{"not_picked":["Double Energy+1","BootSequence"],"picked":"Cold Snap","floor":23.0},{"not_picked":["Melter","Steam"],"picked":"Sweeping Beam+1","floor":24.0},{"not_picked":["Cold Snap+1","Defragment+1"],"picked":"Blizzard+1","floor":25.0},{"not_picked":["Sweeping Beam","Hello World+1"],"picked":"Capacitor+1","floor":27.0}],"player_experience":241120,"relics_obtained":[{"floor":6.0,"key":"Gremlin Horn"},{"floor":8.0,"key":"Dodecahedron"},{"floor":9.0,"key":"Nunchaku"},{"floor":11.0,"key":"Gambling Chip"},{"floor":14.0,"key":"Frozen Egg 2"},{"floor":23.0,"key":"Vajra"},{"floor":25.0,"key":"Oddly Smooth Stone"},{"floor":26.0,"key":"Bottled Tornado"}],"event_choices":[{"event_name":"The Cleric","player_choice":"Card Removal","floor":3.0,"damage_taken":0.0},{"event_name":"Liars Game","player_choice":"agreed","floor":4.0,"damage_taken":0.0},{"event_name":"Living Wall","player_choice":"Forget","floor":7.0,"damage_taken":0.0},{"event_name":"Duplicator","player_choice":"One dupe","floor":20.0,"damage_taken":0.0},{"event_name":"Ghosts","player_choice":"Ignored","floor":21.0,"damage_taken":0.0}],"is_beta":false,"boss_relics":[{"not_picked":["White Beast Statue","Velvet Choker"],"picked":"Fusion Hammer"}],"items_purged_floors":[],"is_endless":false,"potions_floor_spawned":[1,13,14,16,19,22,24],"killed_by":"Snake Plant","ascension_level":0}