{"gold_per_floor":[110,110,110,129,41,41,74,103,103,136,136,136,136,149,149,221,221,237,253,34,44,44,44,44],"floor_reached":24,"playtime":518,"items_purged":[],"score":504,"play_id":"e03e02ba-c697-4aec-af6c-632bf584fa2a","local_time":"20181129130917","is_ascension_mode":true,"campfire_choices":[{"data":"Noxious Fumes","floor":6,"key":"SMITH"},{"data":"Catalyst","floor":11,"key":"SMITH"},{"floor":13,"key":"REST"},{"data":"Deadly Poison","floor":15,"key":"SMITH"},{"floor":23,"key":"REST"}],"neow_cost":"NONE","seed_source_timestamp":74400454844472,"circlet_count":0,"master_deck":["AscendersBane","Defend_G+1","Defend_G","Defend_G","Defend_G","Defend_G","Strike_G","Strike_G","Strike_G","Strike_G","Survivor","Neutralize+1","Deadly Poison+1","Dash","Noxious Fumes+1","Bouncing Flask+1","Catalyst+1","Deadly Poison","A Thousand Cuts","Dodge and Roll","Catalyst+1","Leg Sweep"],"relics":["Ring of the Snake","NeowsBlessing","Mercury Hourglass","Odd Mushroom","Pantograph","Juzu Bracelet","Philosopher\u0027s Stone","DollysMirror"],"potions_floor_usage":[8,10,10,21,24],"damage_taken":[{"damage":0,"enemies":"Cultist","floor":1,"turns":1},{"damage":0,"enemies":"Jaw Worm","floor":4,"turns":1},{"damage":0,"enemies":"3 Sentries","floor":7,"turns":1},{"damage":2,"enemies":"The Mushroom Lair","floor":8,"turns":3},{"damage":13,"enemies":"Lagavulin","floor":10,"turns":6},{"damage":0,"enemies":"Small Slimes","floor":14,"turns":3},{"damage":13,"enemies":"The Guardian","floor":16,"turns":5},{"damage":19,"enemies":"2 Thieves","floor":18,"turns":4},{"damage":14,"enemies":"Chosen","floor":19,"turns":4},{"damage":12,"enemies":"Snake Plant","floor":21,"turns":4},{"damage":41,"enemies":"Slavers","floor":24,"turns":3}],"seed_played":"-3322161051178030280","potions_obtained":[{"floor":3,"key":"Block Potion"},{"floor":3,"key":"Block Potion"},{"floor":7,"key":"EntropicBrew"},{"floor":10,"key":"Swift Potion"},{"floor":19,"key":"Weak Potion"},{"floor":21,"key":"SteroidPotion"}],"is_trial":false,"path_per_floor":["M","?","?","M","$","R","E","?","T","E","R","?","R","M","R","B",null,"M","M","$","M","?","R","E"],"character_chosen":"THE_SILENT","items_purchased":["Noxious Fumes","DollysMirror"],"campfire_rested":2,"item_purchase_floors":[5,20],"current_hp_per_floor":[59,39,39,39,39,39,39,37,37,24,24,24,43,43,43,53,63,44,30,30,18,18,37,0],"gold":44,"neow_bonus":"THREE_ENEMY_KILL","is_prod":false,"is_daily":false,"chose_seed":false,"campfire_upgraded":3,"win_rate":0,"timestamp":1543493357,"path_taken":["M","?","?","?","?","R","E","?","T","E","R","?","R","M","R","BOSS","M","M","$","M","?","R","E"],"build_version":"2018-11-15","purchased_purges":0,"victory":false,"max_hp_per_floor":[66,66,66,66,66,66,66,66,66,66,66,66,66,66,66,66,66,66,66,66,66,66,66,66],"card_choices":[{"not_picked":["Calculated Gamble","Poisoned Stab"],"picked":"Deadly Poison","floor":1},{"not_picked":["Choke","Dodge and Roll"],"picked":"Dash","floor":4},{"not_picked":["Underhanded Strike","Grand Finale"],"picked":"Bouncing Flask","floor":7},{"not_picked":["Riddle With Holes","Choke"],"picked":"Catalyst","floor":10},{"not_picked":["Bane","Slice"],"picked":"Deadly Poison","floor":14},{"not_picked":["Glass Knife","Envenom"],"picked":"A Thousand Cuts","floor":16},{"not_picked":["Slice+1","Backflip"],"picked":"Dodge and Roll","floor":18},{"not_picked":["Dagger Throw","PiercingWail","Dagger Spray"],"picked":"SKIP","floor":19},{"not_picked":["Dagger Throw","Heel Hook"],"picked":"Leg Sweep","floor":21}],"player_experience":782240,"relics_obtained":[{"floor":7,"key":"Mercury Hourglass"},{"floor":8,"key":"Odd Mushroom"},{"floor":9,"key":"Pantograph"},{"floor":10,"key":"Juzu Bracelet"}],"event_choices":[{"damage_healed":0,"gold_gain":0,"player_choice":"Entered Light","damage_taken":20,"max_hp_gain":0,"max_hp_loss":0,"event_name":"Shining Light","floor":2,"gold_loss":0,"cards_upgraded":["Neutralize","Defend_G"]},{"damage_healed":0,"gold_gain":0,"player_choice":"Got Potions","damage_taken":0,"max_hp_gain":0,"max_hp_loss":0,"event_name":"Lab","floor":3,"gold_loss":0},{"damage_healed":0,"gold_gain":0,"player_choice":"Fought Mushrooms","damage_taken":0,"max_hp_gain":0,"max_hp_loss":0,"event_name":"Mushrooms","floor":8,"gold_loss":0},{"damage_healed":0,"gold_gain":0,"player_choice":"Forge","damage_taken":0,"max_hp_gain":0,"max_hp_loss":0,"event_name":"Accursed Blacksmith","floor":12,"gold_loss":0,"cards_upgraded":["Bouncing Flask"]},{"cards_removed":["Strike_G"],"damage_healed":0,"gold_gain":0,"player_choice":"Offered Basic","damage_taken":0,"max_hp_gain":0,"max_hp_loss":0,"event_name":"Bonfire Elementals","floor":22,"gold_loss":0}],"is_beta":true,"boss_relics":[{"not_picked":["Lizard Tail","Coffee Dripper"],"picked":"Philosopher\u0027s Stone"}],"items_purged_floors":[],"is_endless":false,"potions_floor_spawned":[7,10,16,19,21],"killed_by":"Slavers","ascension_level":20}