{"gold_per_floor":[119,139,139,13,13,13,13,38,38,57,69,98,98,116,116,116],"floor_reached":16,"playtime":320,"items_purged":["Pain"],"score":204,"play_id":"208c3566-a4ba-49f5-b029-f9315e086db6","local_time":"20181017215422","is_ascension_mode":true,"campfire_choices":[{"data":"Gash","floor":6,"key":"SMITH"},{"floor":15,"key":"REST"}],"neow_cost":"NONE","seed_source_timestamp":89324624768281,"circlet_count":0,"master_deck":["Strike_B","Strike_B","Strike_B","Strike_B","Defend_B","Defend_B","Defend_B","Defend_B","Zap+1","Dualcast","AscendersBane","Gash+1","Steam","Gash","Storm+1","Go for the Eyes","Steam","Gash","Conserve Battery"],"relics":["Cracked Core","WarpedTongs","Frozen Egg 2","Ornamental Fan","Thread and Needle"],"potions_floor_usage":[16,16],"damage_taken":[{"damage":5,"enemies":"2 Louse","floor":1,"turns":2},{"damage":1,"enemies":"Cultist","floor":2,"turns":3},{"damage":30,"enemies":"Gremlin Nob","floor":8,"turns":4},{"damage":0,"enemies":"Small Slimes","floor":10,"turns":3},{"damage":4,"enemies":"Looter","floor":11,"turns":3},{"damage":26,"enemies":"Lagavulin","floor":12,"turns":7},{"damage":0,"enemies":"2 Fungi Beasts","floor":14,"turns":3},{"damage":34,"enemies":"Slime Boss","floor":16,"turns":8}],"seed_played":"-4974936427051887322","potions_obtained":[{"floor":8,"key":"SmokeBomb"},{"floor":13,"key":"SkillPotion"},{"floor":13,"key":"Block Potion"}],"is_trial":false,"path_per_floor":["M","M","?","$","?","R","?","E","T","M","M","E","?","M","R"],"character_chosen":"DEFECT","items_purchased":["Gash"],"campfire_rested":1,"item_purchase_floors":[4],"current_hp_per_floor":[66,65,65,65,65,65,65,35,35,35,31,5,5,5,28,0],"gold":116,"neow_bonus":"TEN_PERCENT_HP_BONUS","is_prod":false,"is_daily":false,"chose_seed":false,"campfire_upgraded":1,"win_rate":0,"timestamp":1539806062,"path_taken":["M","M","?","$","?","R","?","E","T","M","?","E","?","M","R","BOSS"],"build_version":"2018-10-17","purchased_purges":1,"victory":false,"max_hp_per_floor":[78,78,78,78,78,78,78,78,78,78,78,78,78,78,78,78],"card_choices":[{"not_picked":["Force Field","Stack"],"picked":"Gash","floor":1},{"not_picked":["Recycle","Steam Power"],"picked":"Steam","floor":2},{"not_picked":["Rebound","Coolheaded"],"picked":"Storm","floor":8},{"not_picked":["Rip and Tear","Sweeping Beam"],"picked":"Go for the Eyes","floor":10},{"not_picked":["Leap","Redo"],"picked":"Steam","floor":11},{"not_picked":["Barrage","Hello World+1"],"picked":"Gash","floor":12},{"not_picked":["Redo","Leap"],"picked":"Conserve Battery","floor":14}],"player_experience":695687,"relics_obtained":[{"floor":8,"key":"Frozen Egg 2"},{"floor":9,"key":"Ornamental Fan"},{"floor":12,"key":"Thread and Needle"}],"event_choices":[{"damage_healed":0,"gold_gain":0,"player_choice":"Rummage","damage_taken":0,"relics_obtained":["WarpedTongs"],"max_hp_gain":0,"max_hp_loss":0,"event_name":"Accursed Blacksmith","floor":3,"gold_loss":0,"cards_obtained":["Pain"]},{"damage_healed":0,"gold_gain":0,"player_choice":"Grow","damage_taken":0,"max_hp_gain":0,"max_hp_loss":0,"event_name":"Living Wall","floor":5,"gold_loss":0,"cards_upgraded":["Zap"]},{"damage_healed":0,"gold_gain":0,"player_choice":"Ignored","damage_taken":0,"max_hp_gain":0,"max_hp_loss":0,"event_name":"Liars Game","floor":7,"gold_loss":0},{"damage_healed":0,"gold_gain":0,"player_choice":"Got Potions","damage_taken":0,"max_hp_gain":0,"max_hp_loss":0,"event_name":"The Lab","floor":13,"gold_loss":0}],"is_beta":true,"boss_relics":[],"items_purged_floors":[4],"is_endless":false,"potions_floor_spawned":[8,14],"killed_by":"Slime Boss","ascension_level":17}