{"gold_per_floor":[114,126,38,38,38,38,79,117,142,142,167,185,185,21,21,21],"floor_reached":16,"playtime":247,"items_purged":["Strike_B"],"score":228,"play_id":"aec60acc-0f74-421f-8fc0-a3d59ca46e89","local_time":"20181029214227","is_ascension_mode":true,"campfire_choices":[{"data":"Tempest","floor":6,"key":"SMITH"},{"data":"White Noise","floor":10,"key":"SMITH"},{"data":"Loop","floor":15,"key":"SMITH"}],"neow_cost":"NONE","seed_source_timestamp":128606003324804,"circlet_count":0,"master_deck":["Strike_B","Strike_B","Strike_B","Defend_B","Defend_B","Defend_B","Defend_B","Zap","Dualcast","AscendersBane","Self Repair","Tempest+1","Melter","Sunder","White Noise+1","Cold Snap","Loop+1","Heatsinks"],"relics":["Cracked Core","NeowsBlessing","Golden Idol","DataDisk","Odd Mushroom","Ancient Tea Set"],"potions_floor_usage":[12],"damage_taken":[{"damage":0,"enemies":"Cultist","floor":1,"turns":1},{"damage":0,"enemies":"Small Slimes","floor":2,"turns":1},{"damage":0,"enemies":"3 Sentries","floor":7,"turns":1},{"damage":9,"enemies":"The Mushroom Lair","floor":8,"turns":3},{"damage":12,"enemies":"Jaw Worm","floor":11,"turns":2},{"damage":7,"enemies":"Lots of Slimes","floor":12,"turns":2},{"damage":35,"enemies":"Hexaghost","floor":16,"turns":9}],"seed_played":"66224130560884776","potions_obtained":[{"floor":1,"key":"Explosive Potion"},{"floor":7,"key":"Strength Potion"},{"floor":12,"key":"SmokeBomb"}],"is_trial":false,"path_per_floor":["M","M","$","?","?","R","E","?","T","R","M","M","?","$","R"],"character_chosen":"DEFECT","items_purchased":["Melter","Heatsinks"],"campfire_rested":0,"item_purchase_floors":[3,14],"current_hp_per_floor":[64,64,64,40,40,40,40,38,38,38,33,33,33,33,33,0],"gold":21,"neow_bonus":"THREE_ENEMY_KILL","is_prod":false,"is_daily":false,"chose_seed":false,"campfire_upgraded":3,"win_rate":0,"timestamp":1540845747,"path_taken":["M","?","$","?","?","R","E","?","T","R","?","?","?","$","R","BOSS"],"build_version":"2018-10-29","purchased_purges":1,"victory":false,"max_hp_per_floor":[71,71,71,71,71,71,71,71,71,71,71,71,71,71,71,71],"card_choices":[{"not_picked":["Lockon","Streamline"],"picked":"Self Repair","floor":1},{"not_picked":["Hologram","Barrage"],"picked":"Tempest","floor":2},{"not_picked":["Reinforced Body","Steam"],"picked":"Sunder","floor":7},{"not_picked":["Lockon","Redo"],"picked":"White Noise","floor":8},{"not_picked":["Conserve Battery","Steam"],"picked":"Cold Snap","floor":11},{"not_picked":["Sunder","Cold Snap"],"picked":"Loop","floor":12}],"player_experience":720847,"relics_obtained":[{"floor":7,"key":"DataDisk"},{"floor":8,"key":"Odd Mushroom"},{"floor":9,"key":"Ancient Tea Set"}],"event_choices":[{"damage_healed":0,"gold_gain":0,"player_choice":"Take Damage","damage_taken":24,"relics_obtained":["Golden Idol"],"max_hp_gain":0,"max_hp_loss":0,"event_name":"Golden Idol","floor":4,"gold_loss":0},{"damage_healed":0,"gold_gain":0,"player_choice":"Ignored","damage_taken":0,"max_hp_gain":0,"max_hp_loss":0,"event_name":"Liars Game","floor":5,"gold_loss":0},{"damage_healed":0,"gold_gain":0,"player_choice":"Fought Mushrooms","damage_taken":0,"max_hp_gain":0,"max_hp_loss":0,"event_name":"Mushrooms","floor":8,"gold_loss":0},{"damage_healed":0,"gold_gain":0,"player_choice":"Ignored","damage_taken":0,"max_hp_gain":0,"max_hp_loss":0,"event_name":"Shining Light","floor":13,"gold_loss":0}],"is_beta":true,"boss_relics":[],"items_purged_floors":[14],"is_endless":false,"potions_floor_spawned":[1,7,12],"killed_by":"Hexaghost","ascension_level":17}