{"gold_per_floor":[115,135,149,149,20,20,51,64,146,171,171,171,171,192,192,264,264,275,295,295,307,1,1,28,42,90,90,122,135,135,153,153,227,227,244,92,102,102,20,36,36,49,49,63,63,63],"floor_reached":46,"playtime":3652,"items_purged":["Strike_B"],"score":824,"play_id":"6fffcba8-e097-4bfb-bfa2-506d15745bdf","local_time":"20180813030258","is_ascension_mode":true,"campfire_choices":[{"data":"Defragment","floor":6,"key":"SMITH"},{"data":"White Noise","floor":11,"key":"SMITH"},{"data":"Coolheaded","floor":13,"key":"SMITH"},{"data":"Conserve Battery","floor":15,"key":"SMITH"},{"data":"Conserve Battery","floor":23,"key":"SMITH"},{"data":"Glacier","floor":30,"key":"SMITH"},{"data":"Coolheaded","floor":32,"key":"SMITH"},{"data":"Defragment","floor":45,"key":"SMITH"}],"neow_cost":"NONE","seed_source_timestamp":14111489539043,"circlet_count":0,"master_deck":["Strike_B","Strike_B+1","Strike_B+1","Defend_B","Defend_B","Defend_B","Defend_B","Zap+1","Dualcast","AscendersBane","White Noise+1","Coolheaded+1","Conserve Battery+1","Defragment+1","Coolheaded+1","Capacitor+1","Ball Lightning","Cold Snap","Conserve Battery+1","Electrodynamics","Loop+1","Glacier+1","Leap+1","BootSequence","Tempest","Chill","Glacier+1","Echo Form","Double Energy+1","Heatsinks","White Noise+1","Loop","Defragment+1","Thunder Strike","Leap+1","Steam Power+1"],"relics":["Cracked Core","Meat on the Bone","Tiny Chest","Blood Vial","Odd Mushroom","Black Star","Bottled Lightning","Prayer Wheel","Pear","Blue Candle","Bronze Scales","Shuriken","Question Card","Sozu","Dodecahedron","Du-Vu Doll","Kunai"],"potions_floor_usage":[7,19,21,24,33],"damage_taken":[{"damage":4,"enemies":"Jaw Worm","floor":1,"turns":3},{"damage":3,"enemies":"2 Louse","floor":2,"turns":2},{"damage":0,"enemies":"Small Slimes","floor":3,"turns":3},{"damage":7,"enemies":"Lagavulin","floor":7,"turns":6},{"damage":5,"enemies":"2 Fungi Beasts","floor":8,"turns":4},{"damage":14,"enemies":"Gremlin Nob","floor":10,"turns":4},{"damage":14,"floor":14,"turns":5},{"damage":23,"enemies":"The Guardian","floor":16,"turns":10},{"damage":16,"enemies":"Shell Parasite","floor":18,"turns":6},{"damage":24,"enemies":"2 Thieves","floor":19,"turns":4},{"damage":2,"enemies":"Snake Plant","floor":21,"turns":6},{"damage":40,"enemies":"Gremlin Leader","floor":24,"turns":5},{"damage":10,"enemies":"Snecko","floor":25,"turns":10},{"damage":24,"enemies":"Slavers","floor":28,"turns":2},{"damage":0,"enemies":"Centurion and Healer","floor":29,"turns":6},{"damage":6,"enemies":"Snake Plant","floor":31,"turns":4},{"damage":40,"enemies":"Automaton","floor":33,"turns":18},{"damage":2,"enemies":"Orb Walker","floor":35,"turns":4},{"damage":8,"enemies":"Flame Bruiser 1 Orb","floor":37,"turns":5},{"damage":24,"enemies":"4 Shapes","floor":40,"turns":8},{"damage":2,"floor":41,"turns":6},{"damage":19,"enemies":"Spire Growth","floor":42,"turns":7},{"damage":19,"enemies":"Flame Bruiser 2 Orb","floor":44,"turns":6},{"damage":56,"enemies":"Snecko and Mystics","floor":46,"turns":4}],"seed_played":"3008152941674454421","potions_obtained":[{"floor":3,"key":"EssenceOfSteel"},{"floor":7,"key":"Ancient Potion"},{"floor":16,"key":"Fire Potion"},{"floor":18,"key":"FocusPotion"},{"floor":19,"key":"EssenceOfSteel"},{"floor":25,"key":"Energy Potion"},{"floor":33,"key":"FocusPotion"}],"is_trial":false,"path_per_floor":["M","M","M","?","$","R","E","M","T","E","R","?","R","?","R","B",null,"M","M","T","M","$","R","E","M","T","?","E","M","R","M","R","B",null,"M","$","M","T","$","M","?","M","T","M","R"],"character_chosen":"DEFECT","items_purchased":["Defragment","Coolheaded","Prayer Wheel","Heatsinks","Defragment"],"campfire_rested":0,"item_purchase_floors":[5,5,22,36,39],"current_hp_per_floor":[60,57,57,43,43,43,36,43,43,41,41,41,41,48,48,39,63,49,39,39,39,39,39,30,34,34,34,24,38,38,46,46,20,66,66,66,60,60,60,50,50,45,45,47,47,0],"gold":63,"neow_bonus":"UPGRADE_CARD","is_prod":false,"is_daily":false,"chose_seed":false,"campfire_upgraded":8,"win_rate":0,"timestamp":1534122178,"path_taken":["M","M","M","?","$","R","E","M","T","E","R","?","R","?","R","BOSS","M","M","?","?","$","R","E","M","T","?","E","M","R","M","R","BOSS","M","$","M","?","?","M","?","M","T","M","R","?"],"build_version":"2018-08-08","purchased_purges":1,"victory":false,"max_hp_per_floor":[71,71,71,71,71,71,71,71,71,71,71,71,71,71,71,71,71,71,71,71,71,71,71,81,81,81,81,81,81,81,81,81,81,81,81,81,81,81,81,81,81,81,81,81,81,81],"card_choices":[{"not_picked":["Streamline","BootSequence"],"picked":"White Noise","floor":1},{"not_picked":["Rip and Tear","Turbo"],"picked":"Coolheaded","floor":2},{"not_picked":["Rebound","Hologram"],"picked":"Conserve Battery","floor":3},{"not_picked":["Static Discharge","Rebound"],"picked":"Capacitor","floor":7},{"not_picked":["Leap","Steam Power"],"picked":"Ball Lightning","floor":8},{"not_picked":["Steam Power","Rip and Tear"],"picked":"Cold Snap","floor":10},{"not_picked":["Ball Lightning","Coolheaded"],"picked":"Conserve Battery","floor":14},{"not_picked":["Thunder Strike","All For One"],"picked":"Electrodynamics","floor":16},{"not_picked":["Sunder","Hologram","Scrape"],"picked":"SKIP","floor":18},{"not_picked":["Static Discharge","Steam Power"],"picked":"Loop+1","floor":19},{"not_picked":["Genetic Algorithm","Double Energy"],"picked":"Glacier","floor":21},{"not_picked":["Consume","Meteor Strike"],"picked":"Leap+1","floor":24},{"not_picked":["Reinforced Body","Compile Driver"],"picked":"BootSequence","floor":25},{"not_picked":["Blizzard","Hello World","Gash"],"picked":"SKIP","floor":25},{"not_picked":["Streamline+1","Consume","Static Discharge"],"picked":"SKIP","floor":28},{"not_picked":["Barrage","Genetic Algorithm","Turbo"],"picked":"Tempest","floor":29},{"not_picked":["BootSequence","Force Field+1","Undo","Hello World"],"picked":"SKIP","floor":29},{"not_picked":["Lockon","Go for the Eyes","Aggregate"],"picked":"Chill","floor":31},{"not_picked":["Ball Lightning","Streamline","Redo"],"picked":"Glacier+1","floor":31},{"not_picked":["Amplify","Seek","Creative AI"],"picked":"Echo Form","floor":33},{"not_picked":["Stack","Cold Snap","Turbo+1"],"picked":"Double Energy+1","floor":35},{"not_picked":["Streamline","Auto Shields","Turbo","Double Energy"],"picked":"SKIP","floor":35},{"not_picked":["Gash","Steam","Chaos"],"picked":"White Noise+1","floor":37},{"not_picked":["Sweeping Beam","Cold Snap","Coolheaded"],"picked":"Loop","floor":37},{"not_picked":["Stack","Lockon","Conserve Battery","Beam Cell"],"picked":"SKIP","floor":40},{"not_picked":["Leap","Ball Lightning","Streamline","Steam Power"],"picked":"SKIP","floor":40},{"not_picked":["Beam Cell","Turbo","Conserve Battery"],"picked":"Thunder Strike","floor":42},{"not_picked":["BootSequence","Fusion","Barrage","Gash"],"picked":"SKIP","floor":42},{"not_picked":["Recycle+1","Static Discharge","Cold Snap"],"picked":"Leap+1","floor":44},{"not_picked":["Hologram","Steam","Auto Shields"],"picked":"Steam Power+1","floor":44}],"player_experience":530682,"relics_obtained":[{"floor":7,"key":"Meat on the Bone"},{"floor":9,"key":"Tiny Chest"},{"floor":10,"key":"Blood Vial"},{"floor":14,"key":"Odd Mushroom"},{"floor":20,"key":"Bottled Lightning"},{"floor":24,"key":"Pear"},{"floor":24,"key":"Blue Candle"},{"floor":26,"key":"Bronze Scales"},{"floor":28,"key":"Shuriken"},{"floor":28,"key":"Question Card"},{"floor":38,"key":"Dodecahedron"},{"floor":41,"key":"Du-Vu Doll"},{"floor":43,"key":"Kunai"}],"event_choices":[{"event_name":"Shining Light","player_choice":"Entered Light","floor":4,"damage_taken":0},{"event_name":"Living Wall","player_choice":"Grow","floor":12,"damage_taken":0},{"event_name":"Mushrooms","player_choice":"Fought Mushrooms","floor":14,"damage_taken":0},{"event_name":"The Woman in Blue","player_choice":"Bought 0 Potions","floor":27,"damage_taken":0},{"event_name":"MindBloom","player_choice":"Fight","floor":41,"damage_taken":0}],"is_beta":true,"boss_relics":[{"not_picked":["Eternal Feather","Empty Cage"],"picked":"Black Star"},{"not_picked":["Tiny House","Orrery"],"picked":"Sozu"}],"items_purged_floors":[36],"is_endless":false,"potions_floor_spawned":[3,7,16,18,19,25,33,35,41,42],"killed_by":"Snecko and Mystics","ascension_level":14}