{"gold_per_floor":[119,119,44,61,78,113,129,158,158,178,192,367,383,483,483,584,584,595,605,625,625,550,550,576,576,576,576],"floor_reached":27,"playtime":1144,"items_purged":["Defend_B"],"score":295,"play_id":"829ea35a-7397-4463-b560-072a65bcd2a4","local_time":"20190925003546","is_ascension_mode":false,"campfire_choices":[{"data":"Doom and Gloom","floor":15,"key":"SMITH"},{"data":"Sunder","floor":23,"key":"SMITH"}],"neow_cost":"NONE","seed_source_timestamp":15759972850731,"circlet_count":0,"master_deck":["Strike_B","Strike_B","Defend_B","Defend_B","Zap+1","Dualcast","FTL","Doom and Gloom+1","Sunder+1","Lockon","Cold Snap","Compile Driver","Glacier","Hologram+1"],"special_seed":0,"relics":["Velvet Choker","Boot","The Courier","CaptainsWheel","Empty Cage","White Beast Statue","WingedGreaves"],"potions_floor_usage":[8,13,19,27],"damage_taken":[{"damage":0.0,"enemies":"2 Louse","floor":1.0,"turns":2.0},{"damage":0.0,"enemies":"Cultist","floor":4.0,"turns":3.0},{"damage":0.0,"enemies":"Small Slimes","floor":5.0,"turns":2.0},{"damage":13.0,"enemies":"3 Sentries","floor":6.0,"turns":4.0},{"damage":1.0,"enemies":"Exordium Wildlife","floor":7.0,"turns":2.0},{"damage":12,"enemies":"Gremlin Nob","floor":8,"turns":3},{"damage":7,"enemies":"Blue Slaver","floor":10,"turns":3},{"damage":0,"enemies":"Gremlin Gang","floor":11,"turns":3},{"damage":0,"enemies":"Lots of Slimes","floor":13,"turns":2},{"damage":0,"enemies":"Slime Boss","floor":16,"turns":7},{"damage":4,"enemies":"3 Byrds","floor":18,"turns":3},{"damage":10,"enemies":"2 Thieves","floor":19,"turns":3},{"damage":0,"enemies":"3 Cultists","floor":20,"turns":5},{"damage":43,"enemies":"Book of Stabbing","floor":24,"turns":5},{"damage":27,"enemies":"Slavers","floor":27,"turns":1}],"seed_played":"-7791373349655120767","potions_obtained":[{"floor":4.0,"key":"FocusPotion"},{"floor":5.0,"key":"SteroidPotion"},{"floor":7.0,"key":"Strength Potion"},{"floor":8,"key":"Block Potion"},{"floor":18,"key":"FocusPotion"},{"floor":24,"key":"GamblersBrew"}],"is_trial":false,"path_per_floor":["M","?","$","M","M","E","M","E","T","M","M","?","M","?","R","B",null,"M","M","M","T","?","R","E","?","T","E"],"character_chosen":"DEFECT","items_purchased":[],"campfire_rested":0,"item_purchase_floors":[],"current_hp_per_floor":[75,75,75,75,75,62,61,49,49,42,42,42,42,42,42,42,75,71,61,61,61,61,61,18,18,18,0],"gold":576,"neow_bonus":"BOSS_RELIC","is_prod":false,"is_daily":false,"chose_seed":false,"campfire_upgraded":2,"win_rate":0,"timestamp":1569339346,"path_taken":["M","?","?","M","M","E","M","E","T","M","M","?","?","?","R","BOSS","M","?","?","?","?","R","E","?","T","E"],"build_version":"2019-09-23","purchased_purges":1,"victory":false,"max_hp_per_floor":[75,75,75,75,75,75,75,75,75,75,75,75,75,75,75,75,75,75,75,75,75,75,75,75,75,75,75],"card_choices":[{"not_picked":["Compile Driver","Double Energy"],"picked":"FTL","floor":1.0},{"not_picked":["Capacitor","Steam"],"picked":"Doom and Gloom","floor":4.0},{"not_picked":["Go for the Eyes","Static Discharge"],"picked":"Sunder","floor":5.0},{"not_picked":["Skim","Ball Lightning"],"picked":"Lockon","floor":6.0},{"not_picked":["Steam","Barrage"],"picked":"Cold Snap","floor":7.0},{"not_picked":["Lockon","Hologram","Consume"],"picked":"SKIP","floor":8},{"not_picked":["Beam Cell","White Noise"],"picked":"Compile Driver","floor":10},{"not_picked":["Amplify","Steam Power","Reprogram"],"picked":"SKIP","floor":11},{"not_picked":["Gash","Go for the Eyes","Steam"],"picked":"SKIP","floor":13},{"not_picked":["Steam","Compile Driver"],"picked":"Glacier","floor":18},{"not_picked":["Blizzard","Tempest"],"picked":"Hologram+1","floor":19},{"not_picked":["Streamline","Coolheaded","Conserve Battery"],"picked":"SKIP","floor":20},{"not_picked":["Creative AI","Reprogram","Rebound"],"picked":"SKIP","floor":24}],"player_experience":531079,"relics_obtained":[{"floor":6.0,"key":"Boot"},{"floor":8,"key":"The Courier"},{"floor":9,"key":"CaptainsWheel"},{"floor":21,"key":"White Beast Statue"},{"floor":24,"key":"WingedGreaves"}],"event_choices":[{"damage_healed":0.0,"max_hp_gain":0.0,"max_hp_loss":0.0,"gold_gain":0.0,"event_name":"Upgrade Shrine","player_choice":"Upgraded","floor":2.0,"gold_loss":0.0,"damage_taken":0.0,"cards_upgraded":["Zap"]},{"damage_healed":0,"gold_gain":175,"player_choice":"AGREE","damage_taken":0,"max_hp_gain":0,"max_hp_loss":0,"event_name":"Liars Game","floor":12,"gold_loss":0,"cards_obtained":["Doubt"]},{"damage_healed":0,"gold_gain":100,"player_choice":"Pray","damage_taken":0,"max_hp_gain":0,"max_hp_loss":0,"event_name":"Golden Shrine","floor":14,"gold_loss":0},{"cards_removed":["Defend_B"],"damage_healed":0,"gold_gain":0,"player_choice":"Gave Gold","damage_taken":0,"max_hp_gain":0,"max_hp_loss":0,"event_name":"Beggar","floor":22,"gold_loss":75},{"cards_removed":["Strike_B"],"damage_healed":0,"gold_gain":0,"player_choice":"Elegance","damage_taken":0,"max_hp_gain":0,"max_hp_loss":0,"event_name":"Back to Basics","floor":25,"gold_loss":0}],"is_beta":true,"boss_relics":[{"not_picked":["Cursed Key","Pandora\u0027s Box"],"picked":"Empty Cage"}],"items_purged_floors":[3],"is_endless":false,"potions_floor_spawned":[4,5,7,8,11,18,24],"killed_by":"Slavers","ascension_level":0}