{"gold_per_floor":[111,111,125,200,38,69,69,96,96,131,131,131,151,76,76,149,149,163,163,163,197,97,97,122,122,122,122],"floor_reached":27,"playtime":594,"items_purged":["Defend_R","Defend_R"],"score":521,"play_id":"978fbca6-d707-4e7e-bfa9-6d5c1a74f2dc","local_time":"20181028183947","is_ascension_mode":true,"campfire_choices":[{"data":"Flex","floor":7,"key":"SMITH"},{"data":"Searing Blow","floor":11,"key":"SMITH"},{"data":"Searing Blow+2","floor":15,"key":"SMITH"},{"data":"Feed","floor":23,"key":"SMITH"}],"neow_cost":"NONE","seed_source_timestamp":30897475502876,"circlet_count":0,"master_deck":["Strike_R+1","Strike_R+1","Strike_R+1","Strike_R+1","Strike_R+1","Defend_R+1","Defend_R+1","Bash","AscendersBane","Flex+1","Searing Blow+3","Carnage","Feed+1"],"relics":["Burning Blood","NeowsBlessing","Omamori","Ice Cream","Mummified Hand","Mango","FossilizedHelix","Busted Crown","Boot","Red Mask","Strawberry","Molten Egg 2"],"potions_floor_usage":[10,16,16],"damage_taken":[{"damage":0,"enemies":"2 Louse","floor":1,"turns":1},{"damage":0,"enemies":"Cultist","floor":3,"turns":1},{"damage":0,"enemies":"Gremlin Nob","floor":6,"turns":1},{"damage":35,"enemies":"Lagavulin","floor":8,"turns":6},{"damage":30,"enemies":"3 Sentries","floor":10,"turns":7},{"damage":0,"enemies":"Jaw Worm","floor":13,"turns":2},{"damage":46,"enemies":"The Guardian","floor":16,"turns":8},{"damage":0,"enemies":"Spheric Guardian","floor":18,"turns":3},{"damage":46,"enemies":"Masked Bandits","floor":21,"turns":4},{"damage":48,"enemies":"Book of Stabbing","floor":27,"turns":3}],"seed_played":"-7539624933915699351","potions_obtained":[{"floor":6,"key":"BloodPotion"},{"floor":8,"key":"Strength Potion"},{"floor":10,"key":"Regen Potion"},{"floor":13,"key":"Block Potion"}],"is_trial":false,"path_per_floor":["M","?","M","?","$","E","R","E","T","E","R","?","M","$","R","B",null,"M","?","?","?","$","R","T","?","T"],"character_chosen":"IRONCLAD","items_purchased":["Omamori"],"campfire_rested":0,"item_purchase_floors":[5],"current_hp_per_floor":[74,79,80,69,69,75,75,46,60,36,36,36,42,42,42,17,75,81,81,81,41,41,41,48,48,48,0],"gold":122,"neow_bonus":"THREE_ENEMY_KILL","is_prod":false,"is_daily":false,"chose_seed":false,"campfire_upgraded":4,"win_rate":0,"timestamp":1540748387,"path_taken":["M","?","M","?","?","E","R","E","T","E","R","?","M","$","R","BOSS","M","?","?","?","$","R","?","?","T","E"],"build_version":"2018-10-25v2","purchased_purges":2,"victory":false,"max_hp_per_floor":[75,80,80,80,80,80,80,80,94,94,94,94,94,94,94,94,94,94,94,94,94,94,94,101,101,101,101],"card_choices":[{"not_picked":["Sever Soul","Sword Boomerang"],"picked":"Flex","floor":1},{"not_picked":["Second Wind","Anger"],"picked":"Searing Blow","floor":3},{"not_picked":["Iron Wave","Anger"],"picked":"Carnage","floor":6},{"not_picked":["Bloodletting","Intimidate","Feel No Pain"],"picked":"SKIP","floor":8},{"not_picked":["Headbutt","Burning Pact","Havoc"],"picked":"SKIP","floor":10},{"not_picked":["Warcry","Sword Boomerang","Shrug It Off"],"picked":"SKIP","floor":13},{"not_picked":["Brutality","Barricade"],"picked":"Feed","floor":16},{"not_picked":["Twin Strike"],"picked":"SKIP","floor":18}],"player_experience":713875,"relics_obtained":[{"floor":6,"key":"Ice Cream"},{"floor":8,"key":"Mummified Hand"},{"floor":9,"key":"Mango"},{"floor":10,"key":"FossilizedHelix"},{"floor":21,"key":"Red Mask"},{"floor":24,"key":"Strawberry"},{"floor":26,"key":"Molten Egg 2"}],"event_choices":[{"damage_healed":0,"gold_gain":0,"player_choice":"Donut","damage_taken":0,"max_hp_gain":5,"max_hp_loss":0,"event_name":"Big Fish","floor":2,"gold_loss":0},{"damage_healed":0,"gold_gain":75,"player_choice":"Gather Gold","damage_taken":11,"max_hp_gain":0,"max_hp_loss":0,"event_name":"World of Goop","floor":4,"gold_loss":0},{"damage_healed":0,"gold_gain":0,"player_choice":"Forge","damage_taken":0,"max_hp_gain":0,"max_hp_loss":0,"event_name":"Accursed Blacksmith","floor":12,"gold_loss":0,"cards_upgraded":["Searing Blow"]},{"damage_healed":0,"gold_gain":0,"player_choice":"Opened","damage_taken":0,"relics_obtained":["Boot"],"max_hp_gain":0,"max_hp_loss":0,"event_name":"The Mausoleum","floor":19,"gold_loss":0,"cards_obtained":["Writhe"]},{"damage_healed":0,"gold_gain":0,"player_choice":"0 cards matched","damage_taken":0,"max_hp_gain":0,"max_hp_loss":0,"event_name":"Match and Keep!","floor":20,"gold_loss":0,"cards_obtained":[]},{"damage_healed":0,"gold_gain":0,"player_choice":"Fought Bandits","damage_taken":0,"max_hp_gain":0,"max_hp_loss":0,"event_name":"Masked Bandits","floor":21,"gold_loss":0},{"damage_healed":0,"gold_gain":0,"player_choice":"Simplicity","damage_taken":0,"max_hp_gain":0,"max_hp_loss":0,"event_name":"Back to Basics","floor":25,"gold_loss":0,"cards_upgraded":["Strike_R","Strike_R","Strike_R","Strike_R","Strike_R","Defend_R","Defend_R"]}],"is_beta":true,"boss_relics":[{"not_picked":["Runic Cube","Lizard Tail"],"picked":"Busted Crown"}],"items_purged_floors":[14,22],"is_endless":false,"potions_floor_spawned":[6,8,10,13],"killed_by":"Book of Stabbing","ascension_level":20}