{"gold_per_floor":[11,27,40,56,74,103,103,103],"floor_reached":8,"playtime":216,"items_purged":[],"score":60,"play_id":"4932bd91-f9d5-4f16-a13e-a46b75da4722","local_time":"20191023160634","is_ascension_mode":false,"campfire_choices":[],"neow_cost":"NO_GOLD","seed_source_timestamp":536716068464605,"circlet_count":0,"master_deck":["Strike_R","Strike_R","Strike_R","Strike_R","Strike_R","Defend_R","Defend_R","Bash","Heavy Blade","Inflame","Battle Trance"],"relics":["Burning Blood","Red Skull"],"potions_floor_usage":[6,6,8],"damage_taken":[{"damage":6,"enemies":"Cultist","floor":1,"turns":3},{"damage":0,"enemies":"Small Slimes","floor":2,"turns":3},{"damage":7,"enemies":"2 Louse","floor":3,"turns":3},{"damage":28,"enemies":"Exordium Thugs","floor":4,"turns":4},{"damage":10,"enemies":"Looter","floor":5,"turns":3},{"damage":27,"enemies":"3 Sentries","floor":6,"turns":6},{"damage":40,"enemies":"Lagavulin","floor":8,"turns":4}],"seed_played":"9181762120478960173","potions_obtained":[{"floor":4,"key":"CultistPotion"},{"floor":5,"key":"SpeedPotion"},{"floor":6,"key":"ElixirPotion"}],"is_trial":false,"path_per_floor":["M","M","M","M","M","E","?","E"],"character_chosen":"IRONCLAD","items_purchased":[],"campfire_rested":0,"item_purchase_floors":[],"current_hp_per_floor":[80,80,79,57,53,32,32,0],"gold":103,"neow_bonus":"REMOVE_TWO","is_prod":false,"is_daily":false,"chose_seed":false,"campfire_upgraded":0,"win_rate":0,"timestamp":1571839594,"path_taken":["M","?","M","M","M","E","?","E"],"build_version":"2019-10-22","purchased_purges":0,"victory":false,"max_hp_per_floor":[80,80,80,80,80,80,80,80],"card_choices":[{"not_picked":["True Grit","Headbutt","Wild Strike"],"picked":"SKIP","floor":1},{"not_picked":["Shrug It Off","Sentinel"],"picked":"Heavy Blade","floor":2},{"not_picked":["Uppercut","Havoc"],"picked":"Inflame","floor":3},{"not_picked":["Sword Boomerang","Twin Strike","Anger"],"picked":"SKIP","floor":4},{"not_picked":["Sword Boomerang","Body Slam","Power Through"],"picked":"SKIP","floor":5},{"not_picked":["Thunderclap","Armaments"],"picked":"Battle Trance","floor":6}],"player_experience":883950,"relics_obtained":[{"floor":6,"key":"Red Skull"}],"event_choices":[{"damage_healed":0,"gold_gain":0,"player_choice":"Ignored","damage_taken":0,"max_hp_gain":0,"max_hp_loss":0,"event_name":"Liars Game","floor":7,"gold_loss":0}],"is_beta":true,"boss_relics":[],"items_purged_floors":[],"is_endless":false,"potions_floor_spawned":[4,5,6],"killed_by":"Lagavulin","ascension_level":0}