{"gold_per_floor":[116,134,147,159,176,203,203,203,203,203,227,247,247,247,247,375,375,393,393,113,128,28,28,121,146],"floor_reached":25,"playtime":1287,"items_purged":["Strike_G","Strike_G"],"score":301,"play_id":"57367b07-26d6-4545-b207-6ff00f2baaba","local_time":"20661003092807","is_ascension_mode":true,"campfire_choices":[{"data":"1","floor":7,"key":"LIFT"},{"data":"2","floor":13,"key":"LIFT"},{"data":"3","floor":15,"key":"LIFT"},{"data":"HandOfGreed","floor":23,"key":"SMITH"}],"neow_cost":"NONE","seed_source_timestamp":3988294595901,"circlet_count":0,"master_deck":["Defend_G","Defend_G","Defend_G","Defend_G","Strike_G","Survivor","Neutralize","Backflip+1","Catalyst+1","Doppelganger+1","Flying Knee","Dagger Throw","Predator","Poisoned Stab","Dagger Throw","Finisher","Crippling Poison","Quick Slash","Malaise","Eviscerate","HandOfGreed+1","Skewer","Bane","Backflip+1"],"relics":["Astrolabe","Girya","Golden Idol","Pantograph","PreservedInsect","HoveringKite","Du-Vu Doll"],"potions_floor_usage":[5,16,25],"damage_taken":[{"damage":0,"enemies":"Cultist","floor":1,"turns":5},{"damage":6,"enemies":"2 Louse","floor":2,"turns":3},{"damage":0,"enemies":"Small Slimes","floor":3,"turns":3},{"damage":0,"enemies":"Red Slaver","floor":4,"turns":4},{"damage":1,"enemies":"Looter","floor":5,"turns":3},{"damage":28,"enemies":"Lagavulin","floor":6,"turns":6},{"damage":0,"enemies":"Exordium Thugs","floor":11,"turns":3},{"damage":0,"enemies":"3 Louse","floor":12,"turns":2},{"damage":28,"enemies":"Hexaghost","floor":16,"turns":8},{"damage":16,"enemies":"2 Thieves","floor":18,"turns":3},{"damage":6,"enemies":"Spheric Guardian","floor":21,"turns":3},{"damage":30,"enemies":"Slavers","floor":24,"turns":5},{"damage":4,"enemies":"Shelled Parasite and Fungi","floor":25,"turns":4}],"seed_played":"7038678831718998030","potions_obtained":[{"floor":1,"key":"EssenceOfSteel"},{"floor":4,"key":"Explosive Potion"},{"floor":12,"key":"GamblersBrew"}],"is_trial":false,"path_per_floor":["M","M","M","M","M","E","R","?","T","?","M","M","R","?","R","B",null,"M","?","$","M","$","R","E","M"],"character_chosen":"THE_SILENT","items_purchased":["HandOfGreed","Skewer"],"campfire_rested":0,"item_purchase_floors":[20,20],"current_hp_per_floor":[63,57,57,57,56,28,28,28,28,16,16,16,16,16,16,13,56,40,40,40,34,34,34,4,0],"gold":146,"neow_bonus":"BOSS_RELIC","is_prod":false,"is_daily":false,"chose_seed":false,"campfire_upgraded":1,"win_rate":0,"timestamp":3053294887,"path_taken":["M","M","M","M","M","E","R","?","T","?","M","M","R","?","R","BOSS","M","?","$","M","$","R","E","M"],"build_version":"2018-11-01","purchased_purges":2,"victory":false,"max_hp_per_floor":[70,70,70,70,70,70,70,70,70,70,70,70,70,70,70,70,70,70,70,70,70,70,70,70,70],"card_choices":[{"not_picked":["Infinite Blades","Deflect"],"picked":"Flying Knee","floor":1},{"not_picked":["Expertise","Reflex"],"picked":"Dagger Throw","floor":2},{"not_picked":["Leg Sweep","Flying Knee"],"picked":"Predator","floor":3},{"not_picked":["Blade Dance","PiercingWail"],"picked":"Poisoned Stab","floor":4},{"not_picked":["Slice","PiercingWail"],"picked":"Dagger Throw","floor":5},{"not_picked":["Cloak And Dagger","Deflect"],"picked":"Finisher","floor":6},{"not_picked":["All Out Attack","Dodge and Roll"],"picked":"Crippling Poison","floor":11},{"not_picked":["Reflex","Backflip"],"picked":"Quick Slash","floor":12},{"not_picked":["Doppelganger","Bullet Time"],"picked":"Malaise","floor":16},{"not_picked":["Dodge and Roll+1","Underhanded Strike"],"picked":"Eviscerate","floor":18},{"not_picked":["Deflect+1","Dagger Spray"],"picked":"Bane","floor":21},{"not_picked":["Blade Dance","Die Die Die"],"picked":"Backflip+1","floor":24}],"player_experience":396269,"relics_obtained":[{"floor":6,"key":"Girya"},{"floor":9,"key":"Pantograph"},{"floor":24,"key":"Du-Vu Doll"}],"event_choices":[{"damage_healed":0,"gold_gain":0,"player_choice":"Take Wound","damage_taken":0,"relics_obtained":["Golden Idol"],"max_hp_gain":0,"max_hp_loss":0,"event_name":"Golden Idol","floor":8,"gold_loss":0,"cards_obtained":["Injury"]},{"damage_healed":0,"gold_gain":0,"player_choice":"Success","damage_taken":12,"relics_obtained":["PreservedInsect"],"max_hp_gain":0,"max_hp_loss":0,"event_name":"Scrap Ooze","floor":10,"gold_loss":0},{"cards_removed":["Injury"],"damage_healed":0,"gold_gain":0,"player_choice":"Purged","damage_taken":0,"max_hp_gain":0,"max_hp_loss":0,"event_name":"Purifier","floor":14,"gold_loss":0},{"damage_healed":0,"gold_gain":0,"player_choice":"Ignored","damage_taken":0,"max_hp_gain":0,"max_hp_loss":0,"event_name":"Vampires","floor":19,"gold_loss":0}],"is_beta":false,"boss_relics":[{"not_picked":["White Beast Statue","Black Star"],"picked":"HoveringKite"}],"items_purged_floors":[20,22],"is_endless":false,"potions_floor_spawned":[1,4,12],"killed_by":"Shelled Parasite and Fungi","ascension_level":7}