{"gold_per_floor":[212,225,244,264,116,116,116,116,116,116,116,134,85,110,110,208,208,208,208,0,0,0,0,0,0,0,0,0,0,0,0,0,0,0,0,0,0,0,0,0,0,0,0,0,0,0,0],"floor_reached":47,"playtime":988,"items_purged":["Defend_R"],"score":822,"play_id":"d3bf9374-50d0-4adf-8817-8852d6fe43b3","local_time":"20180902151959","is_ascension_mode":true,"campfire_choices":[{"data":"Uppercut","floor":6.0,"key":"SMITH"},{"data":"Bash","floor":8.0,"key":"SMITH"},{"floor":15.0,"key":"REST"},{"floor":23.0,"key":"REST"},{"data":"Limit Break","floor":25.0,"key":"SMITH"},{"floor":29,"key":"REST"},{"floor":32,"key":"REST"},{"data":"Heavy Blade","floor":42,"key":"SMITH"},{"floor":46,"key":"REST"}],"neow_cost":"NONE","seed_source_timestamp":627161613355485,"circlet_count":0,"master_deck":["Strike_R","Strike_R+1","Strike_R","Strike_R","Strike_R","Defend_R+1","Bash+1","AscendersBane","Sever Soul","Spot Weakness","Twin Strike","Spot Weakness","Uppercut+1","Flex","Flex","Limit Break+1","Heavy Blade+1","Flex","Flex","Sword Boomerang","Immolate","Parasite"],"special_seed":0,"relics":["Burning Blood","Paper Frog","Oddly Smooth Stone","Golden Idol","Ectoplasm","MutagenicStrength","Regal Pillow","Mercury Hourglass","Mummified Hand","Cursed Key","The Courier","Potion Belt","Red Mask"],"potions_floor_usage":[28,30,33,39,40,40],"damage_taken":[{"damage":11.0,"enemies":"Jaw Worm","floor":1.0,"turns":4.0},{"damage":6.0,"enemies":"Cultist","floor":2.0,"turns":4.0},{"damage":2.0,"enemies":"Small Slimes","floor":3.0,"turns":4.0},{"damage":4.0,"enemies":"2 Fungi Beasts","floor":4.0,"turns":4.0},{"damage":1.0,"enemies":"3 Louse","floor":12.0,"turns":3.0},{"damage":9.0,"enemies":"Exordium Wildlife","floor":14.0,"turns":4.0},{"damage":30.0,"enemies":"The Guardian","floor":16.0,"turns":7.0},{"damage":32.0,"enemies":"3 Byrds","floor":18.0,"turns":4.0},{"damage":24.0,"enemies":"2 Thieves","floor":21.0,"turns":3.0},{"damage":24,"enemies":"Cultist and Chosen","floor":27,"turns":4},{"damage":11,"enemies":"Centurion and Healer","floor":28,"turns":4},{"damage":42,"enemies":"Slavers","floor":30,"turns":3},{"damage":31,"enemies":"3 Cultists","floor":31,"turns":5},{"damage":45,"enemies":"Collector","floor":33,"turns":4},{"damage":5,"enemies":"Orb Walker","floor":35,"turns":2},{"damage":9,"enemies":"3 Darklings","floor":37,"turns":3},{"damage":8,"enemies":"4 Shapes","floor":38,"turns":3},{"damage":16,"enemies":"Spire Growth","floor":39,"turns":3},{"damage":19,"enemies":"2 Orb Walkers","floor":40,"turns":2},{"damage":0,"enemies":"Reptomancer","floor":41,"turns":3},{"damage":37,"enemies":"Jaw Worm Horde","floor":44,"turns":4},{"damage":58,"enemies":"Giant Head","floor":47,"turns":5}],"seed_played":"6150069028579914070","potions_obtained":[{"floor":1.0,"key":"Swift Potion"},{"floor":2.0,"key":"SpeedPotion"},{"floor":14.0,"key":"FearPotion"},{"floor":21.0,"key":"Regen Potion"},{"floor":24.0,"key":"PowerPotion"},{"floor":30,"key":"FearPotion"},{"floor":31,"key":"FearPotion"},{"floor":37,"key":"Block Potion"},{"floor":39,"key":"Weak Potion"},{"floor":44,"key":"SpeedPotion"}],"is_trial":false,"path_per_floor":["M","M","M","M","$","R","?","R","T","?","?","M","$","M","R","B",null,"M","?","$","M","?","R","?","R","T","M","M","R","E","M","R","B",null,"M","?","M","M","M","E","M","R","T","M","?","R"],"character_chosen":"IRONCLAD","items_purchased":["Uppercut","Flex","Regal Pillow","Flex"],"campfire_rested":5,"item_purchase_floors":[5,13,20,20],"current_hp_per_floor":[63,63,67,69,69,69,51,51,51,36,18,23,23,20,42,18,61,35,35,35,17,17,54,54,54,54,36,43,75,39,14,51,12,59,60,60,57,55,45,32,38,38,38,7,7,44,0],"gold":0,"neow_bonus":"HUNDRED_GOLD","is_prod":false,"is_daily":false,"chose_seed":false,"campfire_upgraded":4,"win_rate":0,"timestamp":1535894399,"path_taken":["M","M","M","M","$","R","?","R","T","?","?","?","$","M","R","BOSS","M","?","$","M","?","R","?","R","T","?","M","R","E","M","R","BOSS","M","?","M","?","M","E","M","R","T","?","?","R","E"],"build_version":"2018-08-30","purchased_purges":1,"victory":false,"max_hp_per_floor":[75,75,75,75,75,75,75,75,75,75,75,75,75,75,75,75,75,75,75,75,75,75,75,75,75,75,75,75,75,75,75,75,75,75,75,75,75,75,75,75,75,75,75,75,75,75,75],"card_choices":[{"not_picked":["Reckless Charge","Fire Breathing"],"picked":"Sever Soul","floor":1.0},{"not_picked":["Iron Wave","Clash"],"picked":"Spot Weakness","floor":2.0},{"not_picked":["Battle Trance","Reckless Charge"],"picked":"Twin Strike","floor":3.0},{"not_picked":["Perfected Strike","Power Through"],"picked":"Spot Weakness","floor":4.0},{"not_picked":["Evolve","Sword Boomerang"],"picked":"Flex","floor":12.0},{"not_picked":["Intimidate","Fire Breathing","Blood for Blood"],"picked":"SKIP","floor":14.0},{"not_picked":["Brutality","Double Tap"],"picked":"Limit Break","floor":16.0},{"not_picked":["Headbutt","Evolve"],"picked":"Heavy Blade","floor":18.0},{"not_picked":["Body Slam","Ghostly Armor","Perfected Strike"],"picked":"SKIP","floor":21.0},{"not_picked":["Anger","Disarm","Wild Strike"],"picked":"SKIP","floor":27},{"not_picked":["Warcry","Spot Weakness"],"picked":"Flex","floor":28},{"not_picked":["Dark Embrace","Feel No Pain","Bloodletting"],"picked":"SKIP","floor":30},{"not_picked":["Perfected Strike","Warcry"],"picked":"Sword Boomerang","floor":31},{"not_picked":["Barricade","Brutality"],"picked":"Immolate","floor":33},{"not_picked":["Corruption+1","Armaments","Hemokinesis+1"],"picked":"SKIP","floor":35},{"not_picked":["Headbutt","Twin Strike","Wild Strike+1"],"picked":"SKIP","floor":37},{"not_picked":["Clothesline+1","Clash","Intimidate"],"picked":"SKIP","floor":38},{"not_picked":["Twin Strike","Flame Barrier+1","Havoc"],"picked":"SKIP","floor":39},{"not_picked":["Havoc","Body Slam","Corruption+1"],"picked":"SKIP","floor":40},{"not_picked":["Iron Wave+1","Searing Blow","Clothesline+1"],"picked":"SKIP","floor":41},{"not_picked":["Clothesline","Dual Wield","Clash"],"picked":"SKIP","floor":44}],"player_experience":631889,"relics_obtained":[{"floor":9.0,"key":"Oddly Smooth Stone"},{"floor":26.0,"key":"Mercury Hourglass"},{"floor":30,"key":"Mummified Hand"},{"floor":40,"key":"The Courier"},{"floor":43,"key":"Potion Belt"}],"event_choices":[{"event_name":"Scrap Ooze","player_choice":"success","floor":7.0,"damage_taken":18.0},{"event_name":"Shining Light","player_choice":"Entered Light","floor":10.0,"damage_taken":0.0},{"event_name":"Golden Idol","player_choice":"Take Damage","floor":11.0,"damage_taken":0.0},{"event_name":"Drug Dealer","player_choice":"Inject Mutagens","floor":19.0,"damage_taken":0.0},{"event_name":"Purifier","player_choice":"One Purge","floor":22.0,"damage_taken":0.0},{"event_name":"The Lab","player_choice":"Got Potions","floor":24.0,"damage_taken":0.0},{"event_name":"Purifier","player_choice":"One Purge","floor":36,"damage_taken":0},{"event_name":"Tomb of Lord Red Mask","player_choice":"Paid","floor":45,"damage_taken":0}],"is_beta":true,"boss_relics":[{"not_picked":["Empty Cage","Runic Cube"],"picked":"Ectoplasm"},{"not_picked":["Snecko Eye","Velvet Choker"],"picked":"Cursed Key"}],"items_purged_floors":[5],"is_endless":false,"potions_floor_spawned":[1,2,12,14,21,27,30,31,37,39,44],"killed_by":"Giant Head","ascension_level":14}