{"gold_per_floor":[119,119,44,44,59,59,73,73,97,114,14,33,61,72,72,169,169,187,198,47,65,85,85,85,184,210,210,224,224,25,40,40,143,143,157,168,97,97,107,107,132,152,177,228,246,246,96,446,446,446,446,446,39,70,70],"floor_reached":55,"playtime":1352,"items_purged":["Defend_R","Defend_R","Defend_R","Defend_R"],"score":724,"play_id":"f290bb1f-24b3-42ec-9129-82d5723da698","local_time":"20191023183256","is_ascension_mode":false,"campfire_choices":[{"data":"Double Tap","floor":6.0,"key":"SMITH"},{"data":"Searing Blow","floor":8.0,"key":"SMITH"},{"data":"Searing Blow+1","floor":15.0,"key":"SMITH"},{"data":"Limit Break","floor":23.0,"key":"SMITH"},{"data":"Searing Blow+2","floor":27.0,"key":"SMITH"},{"data":"Offering","floor":29.0,"key":"SMITH"},{"data":"Searing Blow+3","floor":32.0,"key":"SMITH"},{"data":"Searing Blow+4","floor":40.0,"key":"SMITH"},{"data":"Flex","floor":46,"key":"SMITH"},{"floor":49,"key":"RECALL"},{"data":"Heavy Blade","floor":52,"key":"SMITH"}],"neow_cost":"NONE","seed_source_timestamp":544263358476255,"circlet_count":0,"master_deck":["Strike_R","Strike_R+1","Strike_R","Strike_R","Strike_R","Bash+1","Double Tap+1","Searing Blow+5","Cleave","Impervious","Limit Break+1","Inflame","Offering+1","Impervious","Flex+1","Shame","Heavy Blade+1","Spot Weakness+1"],"special_seed":0,"relics":["Burning Blood","Mercury Hourglass","Whetstone","Art of War","Coffee Dripper","Bronze Scales","Cursed Key","Centennial Puzzle","Ice Cream","Old Coin","Red Skull","Anchor","Boot"],"potions_floor_usage":[41,44,48,50,50,54,55,55],"damage_taken":[{"damage":13.0,"enemies":"Jaw Worm","floor":1.0,"turns":3.0},{"damage":1.0,"enemies":"Cultist","floor":5.0,"turns":3.0},{"damage":0.0,"enemies":"Small Slimes","floor":7.0,"turns":2.0},{"damage":10.0,"enemies":"Looter","floor":10.0,"turns":2.0},{"damage":0.0,"enemies":"2 Fungi Beasts","floor":12.0,"turns":2.0},{"damage":6.0,"enemies":"Gremlin Nob","floor":13.0,"turns":3.0},{"damage":6.0,"enemies":"Exordium Wildlife","floor":14.0,"turns":4.0},{"damage":60.0,"enemies":"Hexaghost","floor":16.0,"turns":6.0},{"damage":10.0,"enemies":"Spheric Guardian","floor":18.0,"turns":3.0},{"damage":20.0,"enemies":"Shell Parasite","floor":19.0,"turns":4.0},{"damage":3.0,"enemies":"Snecko","floor":21.0,"turns":4.0},{"damage":6.0,"enemies":"Snake Plant","floor":22.0,"turns":2.0},{"damage":28.0,"enemies":"Sentry and Sphere","floor":28.0,"turns":4.0},{"damage":16.0,"enemies":"Shelled Parasite and Fungi","floor":31.0,"turns":2.0},{"damage":17.0,"enemies":"Champ","floor":33.0,"turns":3.0},{"damage":0.0,"enemies":"Orb Walker","floor":35.0,"turns":3.0},{"damage":13.0,"enemies":"3 Darklings","floor":36.0,"turns":3.0},{"damage":0.0,"enemies":"Transient","floor":39.0,"turns":5.0},{"damage":6,"enemies":"Giant Head","floor":41,"turns":4},{"damage":8,"enemies":"Maw","floor":42,"turns":4},{"damage":16,"enemies":"2 Orb Walkers","floor":44,"turns":4},{"damage":22,"enemies":"Writhing Mass","floor":45,"turns":3},{"damage":12,"enemies":"Mind Bloom Boss Battle","floor":48,"turns":2},{"damage":60,"enemies":"Time Eater","floor":50,"turns":5},{"damage":42,"enemies":"Shield and Spear","floor":54,"turns":4},{"damage":42,"enemies":"The Heart","floor":55,"turns":2}],"seed_played":"-884333547500951643","potions_obtained":[{"floor":1.0,"key":"Energy Potion"},{"floor":12.0,"key":"Strength Potion"},{"floor":13.0,"key":"AttackPotion"},{"floor":14.0,"key":"DistilledChaos"},{"floor":21.0,"key":"SteroidPotion"},{"floor":22.0,"key":"ElixirPotion"},{"floor":31.0,"key":"PowerPotion"},{"floor":35.0,"key":"BloodPotion"},{"floor":41,"key":"BloodPotion"},{"floor":42,"key":"Explosive Potion"},{"floor":44,"key":"DuplicationPotion"},{"floor":48,"key":"Strength Potion"}],"is_trial":false,"path_per_floor":["M","?","$","T","M","R","M","R","T","M","$","M","E","M","R","B",null,"M","M","$","M","M","R","$","?","T","R","M","R","$","M","R","B",null,"M","M","$","?","M","R","E","M","T","?","M","R","$","?","R","B",null,"R","$","E","B"],"character_chosen":"IRONCLAD","items_purchased":["Inflame","Offering","Ancient Potion","Flex","SteroidPotion","Red Skull","Anchor","Strength Potion","FearPotion"],"campfire_rested":0,"item_purchase_floors":[20,20,30,37,37,53,53,53,53],"current_hp_per_floor":[73,73,73,73,78,78,80,80,80,76,76,80,80,80,80,26,80,76,62,62,65,65,65,65,65,65,65,43,43,43,33,33,22,80,80,73,73,73,76,76,76,74,74,64,48,48,48,57,57,18,76,76,76,40,0],"gold":70,"neow_bonus":"ONE_RANDOM_RARE_CARD","is_prod":false,"is_daily":false,"chose_seed":false,"campfire_upgraded":10,"win_rate":0,"timestamp":1571848376,"path_taken":["M","?","?","?","M","R","M","R","T","M","$","M","E","?","R","BOSS","M","M","$","M","M","R","$","?","T","R","M","R","$","M","R","BOSS","M","M","$","?","M","R","E","M","T","?","M","R","?","?","R","BOSS","R","$","E","BOSS"],"build_version":"2019-10-22","purchased_purges":4,"victory":false,"max_hp_per_floor":[80,80,80,80,80,80,80,80,80,80,80,80,80,80,80,80,80,80,80,80,80,80,80,80,80,80,80,80,80,80,80,80,80,80,80,80,80,76,76,76,76,76,76,76,76,76,76,76,76,76,76,76,76,76,76],"card_choices":[{"not_picked":["True Grit","Twin Strike"],"picked":"Searing Blow","floor":1.0},{"not_picked":["Thunderclap","Evolve","Perfected Strike"],"picked":"SKIP","floor":5.0},{"not_picked":["Shockwave","Warcry"],"picked":"Cleave","floor":7.0},{"not_picked":["Wild Strike","Havoc","Sentinel"],"picked":"SKIP","floor":10.0},{"not_picked":["Pommel Strike","Havoc","Clothesline"],"picked":"SKIP","floor":12.0},{"not_picked":["True Grit","Twin Strike"],"picked":"Impervious","floor":13.0},{"not_picked":["Body Slam","Feel No Pain","Shrug It Off"],"picked":"SKIP","floor":14.0},{"not_picked":["Exhume","Offering"],"picked":"Limit Break","floor":16.0},{"not_picked":["Armaments","Warcry","Pummel"],"picked":"SKIP","floor":18.0},{"not_picked":["Cleave","Armaments","Dual Wield"],"picked":"SKIP","floor":19.0},{"not_picked":["Combust","Shockwave","Havoc"],"picked":"SKIP","floor":21.0},{"not_picked":["Anger","Twin Strike","Clothesline"],"picked":"SKIP","floor":22.0},{"not_picked":["Clothesline","Rupture","Ghostly Armor"],"picked":"SKIP","floor":28.0},{"not_picked":["Rage","Warcry","Clash+1"],"picked":"SKIP","floor":31.0},{"not_picked":["Juggernaut","Berserk"],"picked":"Impervious","floor":33.0},{"not_picked":["Clothesline+1","Cleave","Iron Wave+1"],"picked":"SKIP","floor":35.0},{"not_picked":["Rage","Pommel Strike","Iron Wave"],"picked":"SKIP","floor":36.0},{"not_picked":["Iron Wave","Clash+1","Armaments"],"picked":"SKIP","floor":39.0},{"not_picked":["Clash","Inflame","Seeing Red"],"picked":"SKIP","floor":41},{"not_picked":["Anger+1","Sword Boomerang+1","Shrug It Off"],"picked":"SKIP","floor":42},{"not_picked":["Armaments+1","Burning Pact+1","Sentinel+1"],"picked":"SKIP","floor":45},{"not_picked":["Immolate","Thunderclap+1"],"picked":"Heavy Blade","floor":48},{"not_picked":["Seeing Red+1","Carnage"],"picked":"Spot Weakness+1","floor":54}],"player_experience":886092,"relics_obtained":[{"floor":4.0,"key":"Mercury Hourglass"},{"floor":9.0,"key":"Whetstone"},{"floor":13.0,"key":"Art of War"},{"floor":26.0,"key":"Bronze Scales"},{"floor":41,"key":"Centennial Puzzle"},{"floor":44,"key":"Ice Cream"},{"floor":48,"key":"Old Coin"},{"floor":54,"key":"Boot"}],"event_choices":[{"damage_healed":0.0,"max_hp_gain":0.0,"max_hp_loss":0.0,"gold_gain":0.0,"event_name":"NoteForYourself","player_choice":"Ignored","floor":2.0,"gold_loss":0.0,"damage_taken":0.0},{"damage_healed":0.0,"max_hp_gain":0.0,"max_hp_loss":0.0,"gold_gain":99.0,"event_name":"Nest","player_choice":"Stole From Cult","floor":25.0,"gold_loss":0.0,"damage_taken":0.0},{"damage_healed":0.0,"max_hp_gain":0.0,"max_hp_loss":4.0,"gold_gain":0.0,"event_name":"Winding Halls","player_choice":"Max HP","floor":38.0,"gold_loss":0.0,"damage_taken":0.0},{"damage_healed":0,"gold_gain":0,"player_choice":"Fight","damage_taken":0,"max_hp_gain":0,"max_hp_loss":0,"event_name":"Mysterious Sphere","floor":44,"gold_loss":0},{"damage_healed":0,"gold_gain":0,"player_choice":"Fight","damage_taken":0,"max_hp_gain":0,"max_hp_loss":0,"event_name":"MindBloom","floor":48,"gold_loss":0}],"is_beta":true,"boss_relics":[{"not_picked":["Velvet Choker","Black Star"],"picked":"Coffee Dripper"},{"not_picked":["Mark of Pain","SacredBark"],"picked":"Cursed Key"}],"items_purged_floors":[3,11,30,47],"is_endless":false,"potions_floor_spawned":[1,12,13,14,21,22,31,35,41,42,44,48],"killed_by":"The Heart","ascension_level":0}