{"path_per_floor":["M","?","M","M","M","R","?","M","T","M","M","$","R","M","R","B",null,"M","?","M","M","M","R","?","M","T","M","R","T","M","?","R","B",null,"M","?","$","M"],"character_chosen":"DEFECT","items_purchased":["Capacitor","Conserve Battery","Capacitor","Leap","Master of Strategy","Energy Potion"],"gold_per_floor":[117,117,136,156,180,180,180,194,194,219,240,41,41,65,65,188,188,202,202,215,240,264,264,307,320,394,414,414,439,457,457,457,583,583,603,603,196,210,210],"floor_reached":39,"campfire_rested":3,"playtime":2374,"current_hp_per_floor":[75,57,55,54,42,42,27,24,24,24,21,21,21,21,43,43,75,68,68,63,49,49,49,25,21,21,21,43,43,29,29,51,36,75,24,24,24,24,0],"items_purged":["Strike_B","Regret"],"gold":210,"score":454,"play_id":"ef6f6d02-2597-4d46-9010-8659a7582a2a","local_time":"20180504175506","is_prod":false,"is_daily":false,"chose_seed":false,"is_ascension_mode":false,"campfire_upgraded":3,"timestamp":1525449306,"path_taken":["M","?","M","M","M","R","?","M","T","M","M","$","R","?","R","BOSS","M","?","M","M","M","R","?","M","T","M","R","?","M","?","R","BOSS","M","?","$","M","M"],"build_version":"2018-05-03","seed_source_timestamp":0,"purchased_purges":2,"victory":false,"master_deck":["Strike_B+1","Strike_B+1","Strike_B+1","Defend_B+1","Defend_B+1","Defend_B+1","Defend_B+1","Zap+1","Dualcast","Axe Kick","Coolheaded","Ball Lightning","Storm+1","Thunder Strike","Streamline","Capacitor+1","Ball Lightning","Capacitor","Conserve Battery","Leap","Echo Form","Defragment","Consume","Go for the Eyes","Reinforced Body+1","Conserve Battery+1","Buffer","Fission","Doubt","Buffer","Echo Form","Leap+1","Capacitor","Leap","Master of Strategy","Coolheaded+1"],"max_hp_per_floor":[75,75,75,75,75,75,75,75,75,75,75,75,75,75,75,75,75,75,75,75,75,75,75,75,75,75,75,75,75,75,75,75,75,75,75,75,75,75,75],"relics":["Cracked Core","Golden Idol","Thread and Needle","Cursed Key","Red Mask","Gremlin Horn","Bag of Preparation","Inserter"],"card_choices":[{"not_picked":["Heatsinks","Turbo"],"picked":"Axe Kick","floor":0.0},{"not_picked":["Hello World","Capacitor"],"picked":"Coolheaded","floor":1.0},{"not_picked":["Turbo","Barrage"],"picked":"Ball Lightning","floor":3.0},{"not_picked":["Loop","Sweeping Beam"],"picked":"Storm","floor":4.0},{"not_picked":["Stack","Force Field"],"picked":"Thunder Strike","floor":5.0},{"not_picked":["Leap","Blizzard"],"picked":"Streamline","floor":8.0},{"not_picked":["Turbo","Stack"],"picked":"Capacitor","floor":10.0},{"not_picked":["Streamline","FTL"],"picked":"Ball Lightning","floor":11.0},{"not_picked":["Fusion","Beam Cell"],"picked":"Leap","floor":14.0},{"not_picked":["Seek","Biased Cognition"],"picked":"Echo Form","floor":16.0},{"not_picked":["Sweeping Beam","Streamline"],"picked":"Defragment","floor":18.0},{"not_picked":["Impulse","Sweeping Beam"],"picked":"Go for the Eyes","floor":20.0},{"not_picked":["Beam Cell","Impulse"],"picked":"Reinforced Body","floor":21.0},{"not_picked":["Coolheaded","Lockon"],"picked":"Conserve Battery","floor":22.0},{"not_picked":["Streamline","Gash"],"picked":"Buffer","floor":24.0},{"not_picked":["Capacitor","Beam Cell"],"picked":"Fission","floor":25.0},{"not_picked":["Lockon","Heatsinks"],"picked":"Buffer","floor":30.0},{"not_picked":["Creative AI","Nova"],"picked":"Echo Form","floor":33},{"not_picked":["Scrape","Coolheaded"],"picked":"Leap","floor":35},{"not_picked":["Chaos","Beam Cell"],"picked":"Coolheaded","floor":38}],"player_experience":72991,"potions_floor_usage":[33,33,33,39],"damage_taken":[{"damage":0.0,"enemies":"Small Slimes","floor":1.0,"turns":3.0},{"damage":2.0,"enemies":"Jaw Worm","floor":3.0,"turns":3.0},{"damage":1.0,"enemies":"2 Louse","floor":4.0,"turns":2.0},{"damage":12.0,"enemies":"Red Slaver","floor":5.0,"turns":4.0},{"damage":3.0,"enemies":"Exordium Thugs","floor":8.0,"turns":4.0},{"damage":0.0,"enemies":"Large Slime","floor":10.0,"turns":3.0},{"damage":3.0,"enemies":"Looter","floor":11.0,"turns":3.0},{"damage":0.0,"enemies":"Exordium Wildlife","floor":14.0,"turns":5.0},{"damage":0.0,"enemies":"Slime Boss","floor":16.0,"turns":5.0},{"damage":7.0,"enemies":"Shell Parasite","floor":18.0,"turns":6.0},{"damage":5.0,"enemies":"Spheric Guardian","floor":20.0,"turns":3.0},{"damage":14.0,"enemies":"3 Cultists","floor":21.0,"turns":6.0},{"damage":0.0,"enemies":"Centurion and Healer","floor":22.0,"turns":7.0},{"damage":24.0,"enemies":"Masked Bandits","floor":24.0,"turns":6.0},{"damage":4.0,"enemies":"Snecko","floor":25.0,"turns":5.0},{"damage":0.0,"enemies":"Chosen and Byrds","floor":27.0,"turns":7.0},{"damage":14.0,"enemies":"Centurion and Healer","floor":30.0,"turns":3.0},{"damage":15,"enemies":"Automaton","floor":33,"turns":8},{"damage":51,"enemies":"3 Darklings","floor":35,"turns":6},{"damage":0,"enemies":"Orb Walker","floor":38,"turns":5},{"damage":31,"enemies":"4 Shapes","floor":39,"turns":3}],"event_choices":[{"event_name":"Golden Idol","player_choice":"Take Damage","floor":2.0,"damage_taken":0.0},{"event_name":"Shining Light","player_choice":"Entered Light","floor":7.0,"damage_taken":0.0},{"event_name":"The Library","player_choice":"Read","floor":19.0,"damage_taken":0.0},{"event_name":"Back to Basics","player_choice":"Simplicity","floor":31.0,"damage_taken":0.0},{"event_name":"SecretPortal","player_choice":"Rejected Portal.","floor":36,"damage_taken":0}],"boss_relics":[{"not_picked":["Sozu","Eternal Feather"],"picked":"Inserter"}],"potions_floor_spawned":[1,5,11,16,18,21,25,27,30,35,38],"seed_played":"4426930726466384295","killed_by":"4 Shapes","ascension_level":0,"is_trial":false}