{"gold_per_floor":[111,127,143,162,162,162,182,257,257,182,182,210,33,33,33,109,109,109],"floor_reached":18,"playtime":464,"items_purged":["Strike_B"],"score":296,"play_id":"b7d45a70-8b79-4315-bff8-9cab4235ab99","local_time":"20180921235956","is_ascension_mode":true,"campfire_choices":[{"data":"Zap","floor":6,"key":"SMITH"},{"data":"Turbo","floor":11,"key":"SMITH"},{"floor":15,"key":"REST"}],"neow_cost":"","seed_source_timestamp":389565826745792,"circlet_count":0,"master_deck":["Strike_B","Defend_B","Defend_B","Defend_B","Defend_B","Zap+1","Dualcast","AscendersBane","Tempest","Steam","Turbo+1","Coolheaded","Multi-Cast","Coolheaded","Storm","Core Surge"],"relics":["Cracked Core","Pear","Vajra","Inserter"],"potions_floor_usage":[12,16,16],"damage_taken":[{"damage":2,"enemies":"Jaw Worm","floor":1,"turns":3},{"damage":1,"enemies":"Small Slimes","floor":2,"turns":3},{"damage":0,"enemies":"Cultist","floor":3,"turns":3},{"damage":0,"enemies":"3 Louse","floor":4,"turns":3},{"damage":4,"enemies":"Blue Slaver","floor":7,"turns":4},{"damage":34,"enemies":"3 Sentries","floor":12,"turns":7},{"damage":28,"enemies":"Slime Boss","floor":16,"turns":11},{"damage":27,"enemies":"Shell Parasite","floor":18,"turns":7}],"seed_played":"-8120365115342370573","potions_obtained":[{"floor":7,"key":"PowerPotion"},{"floor":12,"key":"PowerPotion"}],"is_trial":false,"path_per_floor":["M","M","M","M","?","R","M","?","T","?","R","E","$","?","R","B",null],"character_chosen":"DEFECT","items_purchased":["Storm","Dexterity Potion"],"campfire_rested":1,"item_purchase_floors":[13,13],"current_hp_per_floor":[62,61,61,61,61,61,57,46,56,56,56,22,22,15,39,11,64,37],"gold":109,"neow_bonus":"","is_prod":false,"is_daily":false,"chose_seed":false,"campfire_upgraded":2,"win_rate":0,"timestamp":1537567196,"path_taken":["M","M","M","M","?","R","M","?","T","?","R","E","$","?","R","BOSS","M"],"build_version":"2018-09-20","purchased_purges":1,"victory":false,"max_hp_per_floor":[71,71,71,71,71,71,71,71,81,81,81,81,81,81,81,81,81,81],"card_choices":[{"not_picked":["Hologram","Redo"],"picked":"Tempest","floor":1},{"not_picked":["Genetic Algorithm","Beam Cell"],"picked":"Steam","floor":2},{"not_picked":["Aggregate","Hello World"],"picked":"Turbo","floor":3},{"not_picked":["FTL","Redo"],"picked":"Coolheaded","floor":4},{"not_picked":["Stack","Beam Cell"],"picked":"Multi-Cast","floor":7},{"not_picked":["Sweeping Beam","Cold Snap"],"picked":"Coolheaded","floor":12},{"not_picked":["Reboot","Fission"],"picked":"Core Surge","floor":16}],"player_experience":655196,"relics_obtained":[{"floor":9,"key":"Pear"},{"floor":12,"key":"Vajra"}],"event_choices":[{"event_name":"Golden Idol","player_choice":"Ignored","floor":5,"damage_taken":0},{"event_name":"World of Goop","player_choice":"Gather Gold","floor":8,"damage_taken":0},{"event_name":"The Cleric","player_choice":"Card Removal","floor":10,"damage_taken":0},{"event_name":"Golden Wing","player_choice":"Card Removal","floor":14,"damage_taken":0}],"is_beta":true,"boss_relics":[{"not_picked":["Lizard Tail","Runic Pyramid"],"picked":"Inserter"}],"items_purged_floors":[13],"is_endless":false,"potions_floor_spawned":[7,12],"killed_by":"Shell Parasite","ascension_level":17}