{"gold_per_floor":[115,128,128,128,143,143,26,55,55,55,90,90,116,141,141,215,215,234,254,268,286,156,156,156,156,156,156,190,190,90,100,100,100],"floor_reached":33,"playtime":897,"items_purged":["Defend_R","Defend_R"],"score":612,"play_id":"c42fa05e-66ff-452c-b334-2f557e8d8a73","local_time":"20190406130018","is_ascension_mode":true,"campfire_choices":[{"data":"Twin Strike","floor":6.0,"key":"SMITH"},{"data":"Heavy Blade","floor":10.0,"key":"SMITH"},{"data":"Sword Boomerang","floor":12.0,"key":"SMITH"},{"data":"Spot Weakness","floor":15.0,"key":"SMITH"},{"data":"Reaper","floor":23.0,"key":"SMITH"},{"data":"Heavy Blade","floor":25.0,"key":"SMITH"},{"floor":27.0,"key":"REST"},{"floor":32.0,"key":"REST"}],"neow_cost":"NONE","seed_source_timestamp":8231898291083,"circlet_count":0,"master_deck":["AscendersBane","Strike_R","Strike_R","Strike_R","Strike_R","Strike_R","Defend_R","Defend_R","Bash","Cleave","Uppercut+1","Twin Strike+1","Spot Weakness+1","Heavy Blade+1","Sword Boomerang+1","Thunderclap","Reaper+1","Heavy Blade+1","Feed"],"special_seed":0,"relics":["Black Blood","Boot","Meat on the Bone","PreservedInsect","Bottled Flame","Pear","Bottled Lightning","Odd Mushroom","Bag of Marbles","Blood Vial"],"potions_floor_usage":[33,33],"damage_taken":[{"damage":2.0,"enemies":"2 Louse","floor":1.0,"turns":3.0},{"damage":0.0,"enemies":"Small Slimes","floor":2.0,"turns":2.0},{"damage":7.0,"enemies":"Jaw Worm","floor":5.0,"turns":4.0},{"damage":6.0,"enemies":"Gremlin Nob","floor":8.0,"turns":3.0},{"damage":20.0,"enemies":"3 Sentries","floor":11.0,"turns":5.0},{"damage":0.0,"enemies":"Lagavulin","floor":13.0,"turns":2.0},{"damage":0.0,"enemies":"The Mushroom Lair","floor":14.0,"turns":2.0},{"damage":57.0,"enemies":"Hexaghost","floor":16.0,"turns":9.0},{"damage":33.0,"enemies":"Shell Parasite","floor":18.0,"turns":4.0},{"damage":34.0,"enemies":"3 Byrds","floor":19.0,"turns":5.0},{"damage":25.0,"enemies":"Snecko","floor":20.0,"turns":5.0},{"damage":52.0,"enemies":"Cultist and Chosen","floor":21.0,"turns":7.0},{"damage":40.0,"enemies":"Gremlin Leader","floor":28.0,"turns":4.0},{"damage":31.0,"enemies":"Centurion and Healer","floor":31.0,"turns":10.0},{"damage":109,"enemies":"Champ","floor":33,"turns":10}],"seed_played":"-1840791292221812617","potions_obtained":[{"floor":2.0,"key":"Strength Potion"},{"floor":8.0,"key":"SteroidPotion"},{"floor":13.0,"key":"SkillPotion"},{"floor":16.0,"key":"Weak Potion"},{"floor":18.0,"key":"Regen Potion"},{"floor":21.0,"key":"SpeedPotion"},{"floor":28.0,"key":"SkillPotion"}],"is_trial":false,"path_per_floor":["M","M","?","?","M","R","$","E","T","R","E","R","E","?","R","B",null,"M","M","M","M","$","R","?","R","T","R","E","?","$","M","R","B"],"character_chosen":"IRONCLAD","items_purchased":["Spot Weakness","Heavy Blade","AttackPotion"],"campfire_rested":2,"item_purchase_floors":[7,7,22],"current_hp_per_floor":[72,75,75,70,69,69,69,69,69,69,65,65,71,77,77,38,73,62,54,56,37,37,37,37,37,37,62,62,62,62,63,88,0],"gold":100,"neow_bonus":"RANDOM_COMMON_RELIC","is_prod":false,"is_daily":false,"chose_seed":false,"campfire_upgraded":6,"win_rate":0,"timestamp":1554548418,"path_taken":["M","M","?","?","M","R","$","E","T","R","E","R","E","?","R","BOSS","M","M","M","M","$","R","?","R","T","R","E","?","$","M","R","BOSS"],"build_version":"2019-01-23","purchased_purges":2,"victory":false,"max_hp_per_floor":[75,75,75,75,75,75,75,75,75,75,85,85,85,85,85,85,85,85,85,85,85,85,85,85,85,85,85,85,85,85,88,88,88],"card_choices":[{"not_picked":["True Grit","Perfected Strike"],"picked":"Cleave","floor":1.0},{"not_picked":["Bloodletting","Sword Boomerang"],"picked":"Uppercut","floor":2.0},{"not_picked":["Pommel Strike","Uppercut"],"picked":"Twin Strike","floor":5.0},{"not_picked":["Perfected Strike","Rampage"],"picked":"Sword Boomerang","floor":8.0},{"not_picked":["Iron Wave","Cleave","Pommel Strike"],"picked":"SKIP","floor":11.0},{"not_picked":["Exhume","Clash"],"picked":"Thunderclap","floor":13.0},{"not_picked":["Fiend Fire","Barricade"],"picked":"Reaper","floor":16.0},{"not_picked":["Pommel Strike","Headbutt","Uppercut"],"picked":"SKIP","floor":18.0},{"not_picked":["Hemokinesis","Iron Wave","Intimidate"],"picked":"SKIP","floor":19.0},{"not_picked":["Havoc","Reckless Charge","Disarm"],"picked":"SKIP","floor":20.0},{"not_picked":["Thunderclap","True Grit"],"picked":"Heavy Blade","floor":21.0},{"not_picked":["Armaments","Fire Breathing","Shockwave"],"picked":"SKIP","floor":28.0},{"not_picked":["Iron Wave","Pommel Strike+1","Headbutt"],"picked":"SKIP","floor":31.0}],"player_experience":817481,"relics_obtained":[{"floor":8.0,"key":"PreservedInsect"},{"floor":9.0,"key":"Bottled Flame"},{"floor":11.0,"key":"Pear"},{"floor":13.0,"key":"Bottled Lightning"},{"floor":14.0,"key":"Odd Mushroom"},{"floor":26.0,"key":"Bag of Marbles"},{"floor":28.0,"key":"Blood Vial"}],"event_choices":[{"damage_healed":0.0,"max_hp_gain":0.0,"max_hp_loss":0.0,"gold_gain":0.0,"event_name":"Living Wall","player_choice":"Grow","floor":3.0,"gold_loss":0.0,"damage_taken":0.0,"cards_upgraded":["Uppercut"]},{"damage_healed":0.0,"max_hp_gain":0.0,"max_hp_loss":0.0,"gold_gain":0.0,"event_name":"Scrap Ooze","player_choice":"Success","floor":4.0,"gold_loss":0.0,"damage_taken":5.0,"relics_obtained":["Meat on the Bone"]},{"damage_healed":0.0,"max_hp_gain":0.0,"max_hp_loss":0.0,"gold_gain":0.0,"event_name":"Mushrooms","player_choice":"Fought Mushrooms","floor":14.0,"gold_loss":0.0,"damage_taken":0.0},{"damage_healed":0.0,"max_hp_gain":0.0,"max_hp_loss":0.0,"gold_gain":0.0,"event_name":"Ghosts","player_choice":"Ignored","floor":24.0,"gold_loss":0.0,"damage_taken":0.0},{"damage_healed":0.0,"max_hp_gain":0.0,"max_hp_loss":0.0,"gold_gain":0.0,"event_name":"The Library","player_choice":"Read","floor":29.0,"gold_loss":0.0,"damage_taken":0.0,"cards_obtained":["Feed"]}],"is_beta":false,"boss_relics":[{"not_picked":["Lizard Tail","Runic Cube"],"picked":"Black Blood"}],"items_purged_floors":[22,30],"is_endless":false,"potions_floor_spawned":[2,8,13,16,18,21,28],"killed_by":"Champ","ascension_level":20}