{"gold_per_floor":[211,69,69,86,97,122,122,179,179,196,208,208,208,220,220,220],"floor_reached":16,"playtime":502,"items_purged":[],"score":204,"play_id":"bfdaaacb-71fc-46df-862c-bb7b181998af","local_time":"20181028182923","is_ascension_mode":true,"campfire_choices":[{"data":"Limit Break","floor":7.0,"key":"SMITH"},{"data":"Flex","floor":12.0,"key":"SMITH"},{"floor":15.0,"key":"REST"}],"neow_cost":"NONE","seed_source_timestamp":29887148961229,"circlet_count":0,"master_deck":["Strike_R","Strike_R","Strike_R","Strike_R","Strike_R","Defend_R","Defend_R","Defend_R","Defend_R","Bash","AscendersBane","Limit Break+1","Flex+1","Cleave","Rampage","Shockwave","Dual Wield","Heavy Blade","Heavy Blade","Thunderclap","Flex"],"special_seed":0,"relics":["Burning Blood","StoneCalendar","Prayer Wheel","Thread and Needle","Pen Nib"],"potions_floor_usage":[16],"damage_taken":[{"damage":7.0,"enemies":"Small Slimes","floor":1.0,"turns":4.0},{"damage":1.0,"enemies":"Cultist","floor":4.0,"turns":3.0},{"damage":2.0,"enemies":"Jaw Worm","floor":5.0,"turns":3.0},{"damage":23.0,"enemies":"Lagavulin","floor":6.0,"turns":7.0},{"damage":40.0,"enemies":"3 Sentries","floor":8.0,"turns":7.0},{"damage":0.0,"enemies":"2 Fungi Beasts","floor":10.0,"turns":3.0},{"damage":8.0,"enemies":"Exordium Wildlife","floor":11.0,"turns":5.0},{"damage":4.0,"enemies":"Red Slaver","floor":14.0,"turns":3.0},{"damage":41,"enemies":"Hexaghost","floor":16,"turns":9}],"seed_played":"-2393855860815803212","potions_obtained":[{"floor":1.0,"key":"Block Potion"},{"floor":8.0,"key":"Explosive Potion"},{"floor":10.0,"key":"Block Potion"}],"is_trial":false,"path_per_floor":["M","$","?","M","M","E","R","?","T","M","M","R","?","M","R"],"character_chosen":"IRONCLAD","items_purchased":["Limit Break","Flex"],"campfire_rested":1,"item_purchase_floors":[2,2],"current_hp_per_floor":[67,67,75,75,75,58,58,24,24,30,28,28,17,19,41,0],"gold":220,"neow_bonus":"HUNDRED_GOLD","is_prod":false,"is_daily":false,"chose_seed":false,"campfire_upgraded":2,"win_rate":0,"timestamp":1540747763,"path_taken":["M","$","?","M","M","E","R","?","T","M","M","R","?","M","R","BOSS"],"build_version":"2018-10-25v2","purchased_purges":0,"victory":false,"max_hp_per_floor":[75,75,75,75,75,75,75,75,75,75,75,75,75,75,75,75],"card_choices":[{"not_picked":["Twin Strike","True Grit"],"picked":"Rage","floor":1.0},{"not_picked":["Shrug It Off","Rupture"],"picked":"Cleave","floor":4.0},{"not_picked":["Perfected Strike","Ghostly Armor"],"picked":"Rampage","floor":5.0},{"not_picked":["Clash","Reckless Charge"],"picked":"Shockwave","floor":6.0},{"not_picked":["Cleave","Perfected Strike"],"picked":"Dual Wield","floor":8.0},{"not_picked":["Clothesline","Perfected Strike"],"picked":"Heavy Blade","floor":10.0},{"not_picked":["Wild Strike","Dual Wield"],"picked":"Heavy Blade","floor":10.0},{"not_picked":["Carnage","Armaments"],"picked":"Thunderclap","floor":11.0},{"not_picked":["Bloodletting","Warcry","Clothesline"],"picked":"SKIP","floor":11.0},{"not_picked":["Barricade","Havoc"],"picked":"Flex","floor":14.0},{"not_picked":["Iron Wave","Thunderclap","Armaments"],"picked":"SKIP","floor":14.0}],"player_experience":713366,"relics_obtained":[{"floor":6.0,"key":"StoneCalendar"},{"floor":8.0,"key":"Prayer Wheel"},{"floor":9.0,"key":"Thread and Needle"}],"event_choices":[{"cards_removed":["Rage"],"damage_healed":8.0,"max_hp_gain":0.0,"max_hp_loss":0.0,"gold_gain":0.0,"event_name":"Bonfire Elementals","player_choice":"Offered Uncommon","floor":3.0,"gold_loss":0.0,"damage_taken":0.0},{"damage_healed":0.0,"max_hp_gain":0.0,"max_hp_loss":0.0,"gold_gain":0.0,"event_name":"Dead Adventurer","player_choice":"Searched \u00271\u0027 times","floor":8.0,"gold_loss":0.0,"damage_taken":0.0},{"damage_healed":0.0,"max_hp_gain":0.0,"max_hp_loss":0.0,"gold_gain":0.0,"event_name":"Scrap Ooze","player_choice":"Success","floor":13.0,"gold_loss":0.0,"damage_taken":11.0,"relics_obtained":["Pen Nib"]}],"is_beta":true,"boss_relics":[],"items_purged_floors":[],"is_endless":false,"potions_floor_spawned":[1,8,10],"killed_by":"Hexaghost","ascension_level":20}