{"gold_per_floor":[109,109,34,49,66,66,98,98,98,43,43,56,71,88,88,160,160,178,178,178,78,108,108,137,155,155,155,30,30,43,70,82,171,183,207,50,67,67,77,77,23,23,23,23,23,35,45,60,60,60],"floor_reached":50,"playtime":1113,"items_purged":["Defend_R","Defend_R","Defend_R"],"score":1035,"play_id":"8f035665-805b-48a7-b21d-3d4436d1ad65","local_time":"20190417172241","is_ascension_mode":true,"campfire_choices":[{"data":"Uppercut","floor":6.0,"key":"SMITH"},{"data":"Heavy Blade","floor":8.0,"key":"SMITH"},{"data":"Double Tap","floor":11.0,"key":"SMITH"},{"floor":15.0,"key":"REST"},{"data":"Flex","floor":23.0,"key":"SMITH"},{"floor":29.0,"key":"REST"},{"data":"Limit Break","floor":32.0,"key":"SMITH"},{"data":"Heavy Blade","floor":40.0,"key":"SMITH"},{"data":"Spot Weakness","floor":45.0,"key":"SMITH"},{"floor":49,"key":"REST"}],"neow_cost":"NONE","seed_source_timestamp":109446208471322,"circlet_count":0,"master_deck":["AscendersBane","Bash","Double Tap+1","Spot Weakness+1","Uppercut+1","Heavy Blade+1","Flex+1","Cleave","Heavy Blade+1","Demon Form+1","Bite","Bite","Bite","Bite","Bite","Limit Break+1","Inflame+1","Reaper"],"special_seed":0,"relics":["Burning Blood","FaceOfCleric","Question Card","Frozen Egg 2","Runic Dome","Red Mask","Orichalcum","Happy Flower","MawBank","Philosopher\u0027s Stone","PreservedInsect"],"potions_floor_usage":[46],"damage_taken":[{"damage":7.0,"enemies":"Small Slimes","floor":1.0,"turns":4.0},{"damage":1.0,"enemies":"Cultist","floor":4.0,"turns":3.0},{"damage":8.0,"enemies":"2 Louse","floor":5.0,"turns":3.0},{"damage":45.0,"enemies":"Lagavulin","floor":7.0,"turns":7.0},{"damage":1.0,"enemies":"2 Fungi Beasts","floor":12.0,"turns":2.0},{"damage":11.0,"enemies":"Large Slime","floor":13.0,"turns":4.0},{"damage":11.0,"enemies":"Looter","floor":14.0,"turns":2.0},{"damage":53.0,"enemies":"The Guardian","floor":16.0,"turns":9.0},{"damage":28.0,"enemies":"2 Thieves","floor":18.0,"turns":3.0},{"damage":41.0,"enemies":"Masked Bandits","floor":22.0,"turns":4.0},{"damage":47.0,"enemies":"Slavers","floor":24.0,"turns":4.0},{"damage":18.0,"enemies":"Chosen","floor":25.0,"turns":4.0},{"damage":0.0,"enemies":"Snecko","floor":30.0,"turns":2.0},{"damage":13.0,"enemies":"Book of Stabbing","floor":31.0,"turns":3.0},{"damage":25.0,"enemies":"Collector","floor":33.0,"turns":5.0},{"damage":39.0,"enemies":"3 Shapes","floor":35.0,"turns":4.0},{"damage":3.0,"enemies":"Orb Walker","floor":37.0,"turns":2.0},{"damage":32.0,"enemies":"Spire Growth","floor":39.0,"turns":3.0},{"damage":46,"enemies":"4 Shapes","floor":46,"turns":8},{"damage":24,"enemies":"Writhing Mass","floor":47,"turns":4},{"damage":47,"enemies":"Maw","floor":48,"turns":5},{"damage":46,"enemies":"Donu and Deca","floor":50,"turns":2}],"seed_played":"3253330918684801046","potions_obtained":[{"floor":1.0,"key":"Regen Potion"},{"floor":4.0,"key":"Fruit Juice"},{"floor":13.0,"key":"Block Potion"},{"floor":16.0,"key":"Swift Potion"},{"floor":22.0,"key":"Strength Potion"},{"floor":25.0,"key":"Ancient Potion"},{"floor":33.0,"key":"Ancient Potion"},{"floor":37.0,"key":"LiquidBronze"},{"floor":48,"key":"Energy Potion"}],"is_trial":false,"path_per_floor":["M","?","$","M","M","R","E","R","T","$","R","M","M","M","R","B",null,"M","?","?","$","?","R","E","M","T","?","$","R","M","E","R","B",null,"M","$","M","?","M","R","$","?","T","?","R","M","M","M","R","B"],"character_chosen":"IRONCLAD","items_purchased":["Cleave","PreservedInsect","Strength Potion"],"campfire_rested":3,"item_purchase_floors":[10,36,41],"current_hp_per_floor":[67,67,67,78,77,77,39,39,39,39,39,45,41,37,62,16,69,48,48,48,48,30,30,18,19,19,19,19,38,51,53,53,45,62,38,38,52,52,41,41,41,41,41,41,41,36,29,18,38,0],"gold":60,"neow_bonus":"ONE_RANDOM_RARE_CARD","is_prod":false,"is_daily":false,"chose_seed":false,"campfire_upgraded":7,"win_rate":0,"timestamp":1555514561,"path_taken":["M","?","$","M","?","R","E","R","T","?","R","?","M","M","R","BOSS","M","?","?","$","?","R","E","M","T","?","?","R","M","E","R","BOSS","M","$","M","?","M","R","?","?","T","?","R","M","M","?","R","BOSS"],"build_version":"2019-01-23","purchased_purges":3,"victory":false,"max_hp_per_floor":[75,75,75,81,82,82,83,83,83,83,83,84,85,86,86,87,87,88,61,61,61,62,62,63,64,64,64,64,64,65,66,66,67,67,68,68,69,69,70,70,70,66,66,66,66,67,68,69,69,69],"card_choices":[{"not_picked":["Disarm","Sword Boomerang"],"picked":"Spot Weakness","floor":1.0},{"not_picked":["True Grit","Sever Soul"],"picked":"Uppercut","floor":4.0},{"not_picked":["Iron Wave","Warcry"],"picked":"Heavy Blade","floor":5.0},{"not_picked":["Rampage","Sentinel"],"picked":"Flex","floor":7.0},{"not_picked":["Carnage","Body Slam","Uppercut"],"picked":"Heavy Blade","floor":12.0},{"not_picked":["Rage","Body Slam","Anger","Clash"],"picked":"SKIP","floor":13.0},{"not_picked":["Reckless Charge","Intimidate","Perfected Strike","Armaments"],"picked":"SKIP","floor":14.0},{"not_picked":["Double Tap","Impervious","Offering"],"picked":"Demon Form+1","floor":16.0},{"not_picked":["Warcry","Infernal Blade","Anger","Reckless Charge"],"picked":"SKIP","floor":18.0},{"not_picked":["Ghostly Armor","Thunderclap","Iron Wave"],"picked":"Limit Break","floor":24.0},{"not_picked":["Sword Boomerang","Whirlwind","Heavy Blade"],"picked":"Inflame+1","floor":25.0},{"not_picked":["Cleave","Pommel Strike","Body Slam","Headbutt"],"picked":"SKIP","floor":30.0},{"not_picked":["Thunderclap","Rampage","Havoc","Reckless Charge"],"picked":"SKIP","floor":31.0},{"not_picked":["Double Tap","Feed","Demon Form+1"],"picked":"Reaper","floor":33.0},{"not_picked":["Havoc","Inflame+1","Feel No Pain+1","Body Slam"],"picked":"SKIP","floor":35.0},{"not_picked":["Whirlwind","Perfected Strike","Thunderclap","Cleave"],"picked":"SKIP","floor":37.0},{"not_picked":["Body Slam","Rupture+1","Heavy Blade","Armaments"],"picked":"SKIP","floor":39.0},{"not_picked":["Iron Wave","Pommel Strike+1","Ghostly Armor+1","Anger+1"],"picked":"SKIP","floor":46},{"not_picked":["Havoc","Hemokinesis+1","Rampage","Cleave"],"picked":"SKIP","floor":47},{"not_picked":["Twin Strike+1","Second Wind","Armaments+1","Wild Strike+1"],"picked":"SKIP","floor":48}],"player_experience":845958,"relics_obtained":[{"floor":7.0,"key":"Question Card"},{"floor":9.0,"key":"Frozen Egg 2"},{"floor":22.0,"key":"Red Mask"},{"floor":24.0,"key":"Orichalcum"},{"floor":26.0,"key":"Happy Flower"},{"floor":31.0,"key":"MawBank"}],"event_choices":[{"damage_healed":0.0,"max_hp_gain":0.0,"max_hp_loss":0.0,"gold_gain":0.0,"event_name":"FaceTrader","player_choice":"Trade","floor":2.0,"gold_loss":0.0,"damage_taken":0.0,"relics_obtained":["FaceOfCleric"]},{"damage_healed":0.0,"max_hp_gain":0.0,"max_hp_loss":27.0,"gold_gain":0.0,"event_name":"Vampires","player_choice":"Became a vampire","floor":19.0,"gold_loss":0.0,"damage_taken":0.0,"cards_obtained":["Bite","Bite","Bite","Bite","Bite"]},{"damage_healed":0.0,"max_hp_gain":0.0,"max_hp_loss":0.0,"gold_gain":0.0,"event_name":"Masked Bandits","player_choice":"Fought Bandits","floor":22.0,"gold_loss":0.0,"damage_taken":0.0},{"damage_healed":0.0,"max_hp_gain":0.0,"max_hp_loss":0.0,"gold_gain":0.0,"event_name":"Ghosts","player_choice":"Ignored","floor":27.0,"gold_loss":0.0,"damage_taken":0.0},{"cards_removed":["Defend_R"],"damage_healed":0.0,"max_hp_gain":0.0,"max_hp_loss":0.0,"gold_gain":0.0,"event_name":"Bonfire Elementals","player_choice":"Offered Basic","floor":38.0,"gold_loss":0.0,"damage_taken":0.0},{"damage_healed":0.0,"max_hp_gain":0.0,"max_hp_loss":4.0,"gold_gain":0.0,"event_name":"Winding Halls","player_choice":"Max HP","floor":42.0,"gold_loss":0.0,"damage_taken":0.0},{"damage_healed":0.0,"max_hp_gain":0.0,"max_hp_loss":0.0,"gold_gain":0.0,"event_name":"Transmorgrifier","player_choice":"Ignored","floor":44.0,"gold_loss":0.0,"damage_taken":0.0}],"is_beta":false,"boss_relics":[{"not_picked":["Runic Cube","Pandora\u0027s Box"],"picked":"Runic Dome"},{"not_picked":["Sozu","Mark of Pain"],"picked":"Philosopher\u0027s Stone"}],"items_purged_floors":[3,21,28],"is_endless":false,"potions_floor_spawned":[1,4,13,16,22,25,33,37,48],"killed_by":"Donu and Deca","ascension_level":20}