{"gold_per_floor":[116,127,202,216,231,231,247,172,172,184,194,222,222,234,234,339,339,359,375,389,389,404,404,70,70,70,70,80,80,92,103,103,205,205,215,230,246,146,121,121],"floor_reached":40,"playtime":2553,"items_purged":["Defend_B","Strike_B"],"score":475,"play_id":"64b4c82a-55f7-4197-a7a3-2642abf5aa2e","local_time":"20180814231932","is_ascension_mode":true,"campfire_choices":[{"data":"Chill","floor":6.0,"key":"SMITH"},{"data":"Dualcast","floor":13.0,"key":"SMITH"},{"data":"Thunder Strike","floor":15.0,"key":"SMITH"},{"floor":23.0,"key":"REST"},{"data":"Machine Learning","floor":25.0,"key":"SMITH"},{"data":"Defragment","floor":27.0,"key":"SMITH"},{"floor":32.0,"key":"REST"}],"neow_cost":"NONE","seed_source_timestamp":2586314035461,"circlet_count":0,"master_deck":["Strike_B","Strike_B","Strike_B","Defend_B","Defend_B","Defend_B","Zap+1","Dualcast+1","Coolheaded","Leap","Ball Lightning","Chill+1","Barrage","Compile Driver","Thunder Strike+1","Machine Learning+1","Redo","Conserve Battery","Conserve Battery","Glacier+1","Defragment+1","Ball Lightning","Core Surge","Force Field+1","Conserve Battery"],"special_seed":0,"relics":["Cracked Core","Turnip","Symbiotic Virus","Inserter","Enchiridion","Matryoshka","Ancient Tea Set","Regal Pillow","Fusion Hammer"],"potions_floor_usage":[40],"damage_taken":[{"damage":4.0,"enemies":"2 Louse","floor":1.0,"turns":3.0},{"damage":0.0,"enemies":"Cultist","floor":2.0,"turns":3.0},{"damage":0.0,"enemies":"Small Slimes","floor":4.0,"turns":4.0},{"damage":7.0,"enemies":"2 Fungi Beasts","floor":5.0,"turns":3.0},{"damage":0.0,"enemies":"Looter","floor":7.0,"turns":3.0},{"damage":0.0,"enemies":"Lots of Slimes","floor":10.0,"turns":4.0},{"damage":7.0,"enemies":"Red Slaver","floor":11.0,"turns":2.0},{"damage":13.0,"enemies":"Lagavulin","floor":12.0,"turns":5.0},{"damage":0.0,"enemies":"3 Louse","floor":14.0,"turns":3.0},{"damage":4.0,"enemies":"Hexaghost","floor":16.0,"turns":7.0},{"damage":25.0,"enemies":"2 Thieves","floor":18.0,"turns":4.0},{"damage":0.0,"enemies":"3 Byrds","floor":19.0,"turns":1.0},{"damage":7.0,"enemies":"3 Cultists","floor":20.0,"turns":6.0},{"damage":18.0,"enemies":"Snake Plant","floor":22.0,"turns":6.0},{"damage":0.0,"enemies":"Centurion and Healer","floor":28.0,"turns":5.0},{"damage":0.0,"enemies":"Snecko","floor":30.0,"turns":4.0},{"damage":0.0,"enemies":"Chosen and Byrds","floor":31.0,"turns":4.0},{"damage":30.0,"enemies":"Automaton","floor":33.0,"turns":10.0},{"damage":9.0,"enemies":"3 Darklings","floor":35.0,"turns":6.0},{"damage":28.0,"enemies":"Flame Bruiser 1 Orb","floor":36.0,"turns":3.0},{"damage":23.0,"enemies":"Transient","floor":37.0,"turns":5.0},{"damage":41,"enemies":"Giant Head","floor":40,"turns":7}],"seed_played":"-6557137346537996006","potions_obtained":[{"floor":2.0,"key":"AttackPotion"},{"floor":11.0,"key":"LiquidBronze"},{"floor":12.0,"key":"Poison Potion"},{"floor":16.0,"key":"FearPotion"},{"floor":18.0,"key":"LiquidBronze"},{"floor":22.0,"key":"Poison Potion"},{"floor":30.0,"key":"SpeedPotion"},{"floor":31.0,"key":"Dexterity Potion"},{"floor":36.0,"key":"Swift Potion"}],"is_trial":false,"path_per_floor":["M","M","?","M","M","R","M","$","T","M","M","E","R","M","R","B",null,"M","M","M","?","M","R","$","R","T","R","M","?","M","M","R","B",null,"M","M","M","$","$"],"character_chosen":"DEFECT","items_purchased":["Matryoshka","Defragment","Conserve Battery"],"campfire_rested":2,"item_purchase_floors":[24,24,39],"current_hp_per_floor":[71,71,60,60,53,53,53,53,53,53,46,33,33,33,33,29,75,50,50,43,27,9,31,31,31,31,31,31,31,31,31,68,38,75,66,38,15,15,15,0],"gold":121,"neow_bonus":"UPGRADE_CARD","is_prod":false,"is_daily":false,"chose_seed":false,"campfire_upgraded":5,"win_rate":0,"timestamp":1534259972,"path_taken":["M","M","?","M","?","R","M","?","T","M","M","E","R","M","R","BOSS","BOSS","M","M","M","?","M","R","$","R","T","R","?","?","M","M","R","BOSS","M","M","M","?","$","E"],"build_version":"2018-08-09","purchased_purges":2,"victory":false,"max_hp_per_floor":[75,75,75,75,75,75,75,75,75,75,75,75,75,75,75,75,75,75,75,75,75,75,75,75,75,75,75,75,75,75,75,75,75,75,75,75,75,75,75,75],"card_choices":[{"not_picked":["Gash","Conserve Battery"],"picked":"Coolheaded","floor":1.0},{"not_picked":["Compile Driver","Undo"],"picked":"Leap","floor":2.0},{"not_picked":["Gash","Conserve Battery"],"picked":"Ball Lightning","floor":4.0},{"not_picked":["Gash","White Noise"],"picked":"Chill","floor":5.0},{"not_picked":["Double Energy","Sweeping Beam"],"picked":"Barrage","floor":7.0},{"not_picked":["Genetic Algorithm","Go for the Eyes"],"picked":"Compile Driver","floor":10.0},{"not_picked":["Stack","Lockon","Streamline"],"picked":"SKIP","floor":11.0},{"not_picked":["Go for the Eyes","Lockon","Static Discharge"],"picked":"SKIP","floor":12.0},{"not_picked":["Leap","Turbo"],"picked":"Thunder Strike","floor":14.0},{"not_picked":["Amplify","Fission"],"picked":"Machine Learning","floor":16.0},{"not_picked":["Gash","Turbo+1"],"picked":"Redo","floor":18.0},{"not_picked":["Hello World","Turbo"],"picked":"Conserve Battery","floor":19.0},{"not_picked":["Turbo","Steam+1"],"picked":"Conserve Battery","floor":20.0},{"not_picked":["Gash","Loop"],"picked":"Glacier+1","floor":22.0},{"not_picked":["Leap","Sweeping Beam+1"],"picked":"Ball Lightning","floor":28.0},{"not_picked":["Reinforced Body","Hologram","Redo"],"picked":"SKIP","floor":30.0},{"not_picked":["Thunder Strike","Steam","Conserve Battery"],"picked":"SKIP","floor":31.0},{"not_picked":["Machine Learning","Seek"],"picked":"Core Surge","floor":33.0},{"not_picked":["Chill+1","Redo","Go for the Eyes"],"picked":"SKIP","floor":35.0},{"not_picked":["Turbo+1","Heatsinks","Coolheaded+1"],"picked":"SKIP","floor":36.0},{"not_picked":["Defragment+1","Stack+1"],"picked":"Force Field+1","floor":37.0}],"player_experience":275451,"relics_obtained":[{"floor":9.0,"key":"Turnip"},{"floor":12.0,"key":"Symbiotic Virus"},{"floor":21.0,"key":"Enchiridion"},{"floor":26.0,"key":"Ancient Tea Set"},{"floor":26.0,"key":"Regal Pillow"}],"event_choices":[{"event_name":"World of Goop","player_choice":"Gather Gold","floor":3.0,"damage_taken":0.0},{"event_name":"Cursed Tome","player_choice":"Obtained Book","floor":21.0,"damage_taken":0.0},{"event_name":"Vampires","player_choice":"Ignored","floor":29.0,"damage_taken":0.0}],"is_beta":false,"boss_relics":[{"not_picked":["Calling Bell","Sozu"],"picked":"Inserter"},{"not_picked":["Lizard Tail","Runic Pyramid"],"picked":"Fusion Hammer"}],"items_purged_floors":[8,38],"is_endless":false,"potions_floor_spawned":[2,11,12,16,18,22,30,31,36],"killed_by":"Giant Head","ascension_level":4}