{"gold_per_floor":[114,127,143,155,155,155,174,174,200,200,37,37,37,54,54,133,133,147,157,177,194,33,52,52,63,88,114,114,130,130],"floor_reached":30,"playtime":1366,"items_purged":["Strike_G"],"score":480,"play_id":"2d586bf3-6b73-45de-bc04-376d9ac49242","local_time":"20181105211753","is_ascension_mode":true,"campfire_choices":[{"data":"Cloak And Dagger","floor":6.0,"key":"SMITH"},{"data":"Malaise","floor":8.0,"key":"SMITH"},{"data":"Catalyst","floor":15.0,"key":"SMITH"},{"floor":24,"key":"REST"},{"floor":28,"key":"REST"}],"neow_cost":"TEN_PERCENT_HP_LOSS","seed_source_timestamp":211005691098710,"circlet_count":0,"master_deck":["AscendersBane","Defend_G","Defend_G","Defend_G","Defend_G","Defend_G","Strike_G","Strike_G","Strike_G","Strike_G","Survivor","Neutralize","Malaise+1","Dagger Spray","Leg Sweep","Poisoned Stab+1","Cloak And Dagger+1","Catalyst+1","Poisoned Stab","Glass Knife","Blade Dance","Bane","Catalyst","Footwork+1","Footwork","Die Die Die","Finisher"],"special_seed":0,"relics":["Ring of the Snake","Boot","Lantern","WristBlade","Bronze Scales","Smiling Mask"],"potions_floor_usage":[25,30],"damage_taken":[{"damage":2.0,"enemies":"Cultist","floor":1.0,"turns":4.0},{"damage":4.0,"enemies":"Jaw Worm","floor":2.0,"turns":6.0},{"damage":0.0,"enemies":"Small Slimes","floor":3.0,"turns":5.0},{"damage":1.0,"enemies":"Blue Slaver","floor":4.0,"turns":5.0},{"damage":0.0,"enemies":"2 Fungi Beasts","floor":7.0,"turns":4.0},{"damage":2.0,"enemies":"Gremlin Gang","floor":14.0,"turns":4.0},{"damage":9.0,"enemies":"Hexaghost","floor":16.0,"turns":11.0},{"damage":16.0,"enemies":"Shell Parasite","floor":18.0,"turns":6.0},{"damage":0.0,"enemies":"Chosen","floor":19.0,"turns":4.0},{"damage":11.0,"enemies":"Centurion and Healer","floor":20.0,"turns":8.0},{"damage":0.0,"enemies":"Chosen and Byrds","floor":21.0,"turns":3.0},{"damage":10,"enemies":"Snake Plant","floor":23,"turns":3},{"damage":6,"enemies":"Cultist and Chosen","floor":25,"turns":6},{"damage":29,"enemies":"Gremlin Leader","floor":27,"turns":10},{"damage":34,"enemies":"3 Cultists","floor":29,"turns":5},{"damage":7,"enemies":"Book of Stabbing","floor":30,"turns":4}],"seed_played":"-8795976864086679786","potions_obtained":[{"floor":2.0,"key":"FearPotion"},{"floor":4.0,"key":"Strength Potion"},{"floor":14.0,"key":"GhostInAJar"},{"floor":16.0,"key":"FairyPotion"},{"floor":19.0,"key":"LiquidBronze"},{"floor":21.0,"key":"GhostInAJar"},{"floor":29,"key":"Swift Potion"}],"is_trial":false,"path_per_floor":["M","M","M","M","?","R","M","R","T","?","$","?","?","M","R","B",null,"M","M","M","M","$","M","R","M","T","E","R","M","E"],"character_chosen":"THE_SILENT","items_purchased":["Lantern","Catalyst"],"campfire_rested":2,"item_purchase_floors":[11,22],"current_hp_per_floor":[57,53,53,52,52,52,52,52,52,52,52,52,52,50,50,41,55,39,39,28,28,28,18,36,30,30,1,19,6,0],"gold":130,"neow_bonus":"THREE_RARE_CARDS","is_prod":false,"is_daily":false,"chose_seed":false,"campfire_upgraded":3,"win_rate":0,"timestamp":1541449073,"path_taken":["M","M","M","?","?","R","M","R","T","?","$","?","?","M","R","BOSS","M","M","?","M","$","M","R","M","T","E","R","M","E"],"build_version":"2018-11-02","purchased_purges":1,"victory":false,"max_hp_per_floor":[60,60,60,60,60,60,60,60,60,60,60,60,60,60,60,60,60,60,60,60,60,60,60,60,60,60,60,60,60,60],"card_choices":[{"not_picked":["Doppelganger","Envenom"],"picked":"Malaise","floor":0.0},{"not_picked":["Bane","Outmaneuver"],"picked":"Dagger Spray","floor":1.0},{"not_picked":["Skewer","Acrobatics"],"picked":"Leg Sweep","floor":2.0},{"not_picked":["Caltrops","Leg Sweep"],"picked":"Poisoned Stab","floor":3.0},{"not_picked":["Backstab","Distraction"],"picked":"Cloak And Dagger","floor":4.0},{"not_picked":["Sucker Punch","Skewer"],"picked":"Catalyst","floor":7.0},{"not_picked":["Prepared","Quick Slash"],"picked":"Poisoned Stab","floor":14.0},{"not_picked":["Bullet Time","Unload"],"picked":"Glass Knife","floor":16.0},{"not_picked":["Acrobatics","Sucker Punch"],"picked":"Blade Dance","floor":18.0},{"not_picked":["Flying Knee","Heel Hook"],"picked":"Bane","floor":19.0},{"not_picked":["Concentrate","Quick Slash","Eviscerate"],"picked":"SKIP","floor":20.0},{"not_picked":["Prepared","Dagger Spray","Slice"],"picked":"SKIP","floor":21.0},{"not_picked":["Predator","Backstab"],"picked":"Footwork+1","floor":23},{"not_picked":["Outmaneuver","Distraction"],"picked":"Footwork","floor":25},{"not_picked":["Dagger Spray","Blur"],"picked":"Die Die Die","floor":27},{"not_picked":["Well Laid Plans","PiercingWail"],"picked":"Finisher","floor":29}],"player_experience":745332,"relics_obtained":[{"floor":9.0,"key":"Boot"},{"floor":26,"key":"Bronze Scales"},{"floor":27,"key":"Smiling Mask"}],"event_choices":[{"damage_healed":0.0,"max_hp_gain":0.0,"max_hp_loss":0.0,"gold_gain":0.0,"event_name":"Golden Idol","player_choice":"Ignored","floor":5.0,"gold_loss":0.0,"damage_taken":0.0},{"damage_healed":0.0,"max_hp_gain":0.0,"max_hp_loss":0.0,"gold_gain":0.0,"event_name":"Liars Game","player_choice":"Ignored","floor":10.0,"gold_loss":0.0,"damage_taken":0.0},{"damage_healed":0.0,"max_hp_gain":0.0,"max_hp_loss":0.0,"gold_gain":0.0,"event_name":"The Cleric","player_choice":"Leave","floor":12.0,"gold_loss":0.0,"damage_taken":0.0},{"damage_healed":0.0,"max_hp_gain":0.0,"max_hp_loss":0.0,"gold_gain":0.0,"event_name":"Upgrade Shrine","player_choice":"Upgraded","floor":13.0,"gold_loss":0.0,"damage_taken":0.0,"cards_upgraded":["Poisoned Stab"]}],"is_beta":true,"boss_relics":[{"not_picked":["Eternal Feather","Busted Crown"],"picked":"WristBlade"}],"items_purged_floors":[22],"is_endless":false,"potions_floor_spawned":[2,4,14,16,19,21,23,29],"killed_by":"Book of Stabbing","ascension_level":19}