{"gold_per_floor":[118,133,153,153,30,65,84,84,109,109,122,122,147,47,47,124,124,138,92,92,7,27,27,27],"floor_reached":24,"playtime":1255,"items_purged":["Regret"],"score":347,"play_id":"f7688b8a-da39-40fe-8a9f-d220ffd3282f","local_time":"20180813135106","is_ascension_mode":true,"campfire_choices":[{"data":"Creative AI","floor":8,"key":"SMITH"},{"data":"Gash","floor":10,"key":"SMITH"},{"data":"Conserve Battery","floor":12,"key":"SMITH"},{"floor":15,"key":"REST"},{"data":"Conserve Battery","floor":23,"key":"SMITH"}],"neow_cost":"NONE","seed_source_timestamp":6754250600795,"circlet_count":0,"master_deck":["Strike_B","Strike_B","Strike_B","Defend_B","Defend_B","Defend_B","Defend_B","Zap+1","Dualcast","AscendersBane","Conserve Battery+1","Leap","Creative AI+1","Gash+1","Cold Snap","BootSequence","Streamline","Go for the Eyes","Echo Form","Chill+1","Conserve Battery+1","Glacier"],"relics":["Cracked Core","Boot","Regal Pillow","Bag of Preparation","Centennial Puzzle","Nuclear Battery","Frozen Egg 2"],"potions_floor_usage":[6,11,11,13,13,22,24],"damage_taken":[{"damage":4,"enemies":"2 Louse","floor":1,"turns":3},{"damage":0,"enemies":"Jaw Worm","floor":2,"turns":3},{"damage":0,"enemies":"Small Slimes","floor":3,"turns":3},{"damage":14,"enemies":"Lagavulin","floor":6,"turns":7},{"damage":12,"enemies":"Exordium Thugs","floor":7,"turns":6},{"damage":0,"enemies":"Gremlin Gang","floor":11,"turns":4},{"damage":30,"enemies":"Gremlin Nob","floor":13,"turns":5},{"damage":31,"enemies":"Slime Boss","floor":16,"turns":10},{"damage":4,"enemies":"3 Byrds","floor":18,"turns":5},{"damage":11,"enemies":"Spheric Guardian","floor":22,"turns":4},{"damage":48,"enemies":"Gremlin Leader","floor":24,"turns":6}],"seed_played":"-4809321776227289115","potions_obtained":[{"floor":2,"key":"Poison Potion"},{"floor":6,"key":"EntropicBrew"},{"floor":11,"key":"Poison Potion"},{"floor":16,"key":"AttackPotion"},{"floor":22,"key":"AttackPotion"}],"is_trial":false,"path_per_floor":["M","M","M","?","$","E","M","R","T","R","M","R","E","$","R","B",null,"M","$","?","?","M","R"],"character_chosen":"DEFECT","items_purchased":["Gash","Streamline","Go for the Eyes","Conserve Battery"],"campfire_rested":1,"item_purchase_floors":[5,14,14,19],"current_hp_per_floor":[60,60,60,60,60,46,34,34,34,34,34,34,4,4,40,9,56,52,52,52,52,41,41,0],"gold":27,"neow_bonus":"UPGRADE_CARD","is_prod":false,"is_daily":false,"chose_seed":false,"campfire_upgraded":4,"win_rate":0,"timestamp":1534161066,"path_taken":["M","M","M","?","$","E","M","R","T","R","M","R","E","$","R","BOSS","M","$","?","?","M","R","E"],"build_version":"2018-08-08","purchased_purges":1,"victory":false,"max_hp_per_floor":[71,71,71,71,71,71,71,71,71,71,71,71,71,71,71,71,71,71,71,71,71,71,71,71],"card_choices":[{"not_picked":["Compile Driver","Hologram"],"picked":"Conserve Battery","floor":1},{"not_picked":["Go for the Eyes","Steam"],"picked":"Leap","floor":2},{"not_picked":["Stack","Compile Driver"],"picked":"Creative AI","floor":3},{"not_picked":["Sweeping Beam","Fusion","Scrape"],"picked":"SKIP","floor":6},{"not_picked":["Redo","Hello World","Blizzard"],"picked":"SKIP","floor":7},{"not_picked":["Beam Cell","Sweeping Beam"],"picked":"Cold Snap","floor":11},{"not_picked":["Steam","Machine Learning"],"picked":"BootSequence","floor":13},{"not_picked":["Fission","Rainbow"],"picked":"Echo Form","floor":16},{"not_picked":["Ball Lightning","Undo"],"picked":"Chill+1","floor":18},{"not_picked":["Hologram","Compile Driver"],"picked":"Glacier","floor":22}],"player_experience":535787,"relics_obtained":[{"floor":6,"key":"Regal Pillow"},{"floor":9,"key":"Bag of Preparation"},{"floor":13,"key":"Centennial Puzzle"}],"event_choices":[{"event_name":"Big Fish","player_choice":"Box","floor":4,"damage_taken":0},{"event_name":"Purifier","player_choice":"One Purge","floor":20,"damage_taken":0},{"event_name":"Addict","player_choice":"Obtained Relic","floor":21,"damage_taken":0}],"is_beta":true,"boss_relics":[{"not_picked":["Orrery","Astrolabe"],"picked":"Nuclear Battery"}],"items_purged_floors":[5],"is_endless":false,"potions_floor_spawned":[2,6,11,16,22],"killed_by":"Gremlin Leader","ascension_level":14}