{"gold_per_floor":[112,37,49,49,63,63,93,93,93,120,120,153,53,65,65,162,162,173,173,187,199,74,109,109,144,144,205,220,245,245,170,170,269,269,281,327,327,86,86,113,113,131,178,178,198,230,230,248,248,248],"floor_reached":51,"playtime":2515,"items_purged":["Defend_P","Defend_P","Defend_P"],"score":1113,"play_id":"794904dd-b674-43c8-94e0-6a2217c0277c","local_time":"20190928004541","is_ascension_mode":true,"campfire_choices":[{"data":"WheelKick","floor":6.0,"key":"SMITH"},{"data":"Vigilance","floor":8.0,"key":"SMITH"},{"data":"FollowUp","floor":15.0,"key":"SMITH"},{"data":"MentalFortress","floor":24.0,"key":"SMITH"},{"data":"Wallop","floor":30,"key":"SMITH"},{"data":"WindmillStrike","floor":32,"key":"SMITH"},{"data":"1","floor":41,"key":"LIFT"},{"data":"2","floor":44,"key":"LIFT"},{"data":"3","floor":47,"key":"LIFT"},{"data":"Defend_P","floor":49,"key":"PURGE"}],"neow_cost":"NONE","seed_source_timestamp":3076715339417,"circlet_count":0,"master_deck":["Strike_P","Eruption","Vigilance+1","FollowUp+1","WheelKick+1","WheelKick+1","MentalFortress+1","Worship","Unraveling","WindmillStrike+1","Wallop+1","Alpha","Swivel+1","SpiritShield+1"],"special_seed":0,"relics":["Snecko Eye","Blue Candle","Yang","Vajra","Bronze Scales","Runic Pyramid","StrikeDummy","GoldenEye","Potion Belt","Tiny Chest","Girya","Philosopher\u0027s Stone","Peace Pipe","Kunai","MealTicket","CeramicFish","Lantern"],"potions_floor_usage":[40,42,50,50],"damage_taken":[{"damage":0.0,"enemies":"Small Slimes","floor":1.0,"turns":3.0},{"damage":0.0,"enemies":"Cultist","floor":3.0,"turns":2.0},{"damage":0.0,"enemies":"2 Louse","floor":5.0,"turns":1.0},{"damage":12.0,"enemies":"3 Sentries","floor":7.0,"turns":6.0},{"damage":0.0,"enemies":"Lagavulin","floor":10.0,"turns":2.0},{"damage":0.0,"enemies":"Gremlin Nob","floor":12.0,"turns":2.0},{"damage":1.0,"enemies":"Blue Slaver","floor":14.0,"turns":2.0},{"damage":26.0,"enemies":"The Guardian","floor":16.0,"turns":5.0},{"damage":0.0,"enemies":"Shell Parasite","floor":18.0,"turns":2.0},{"damage":0.0,"enemies":"Spheric Guardian","floor":20.0,"turns":1.0},{"damage":0.0,"enemies":"Chosen and Byrds","floor":21.0,"turns":3.0},{"damage":0.0,"enemies":"Gremlin Leader","floor":23.0,"turns":2.0},{"damage":0.0,"enemies":"Book of Stabbing","floor":25.0,"turns":2.0},{"damage":5.0,"enemies":"Slavers","floor":27.0,"turns":2.0},{"damage":0.0,"enemies":"Centurion and Healer","floor":28.0,"turns":1.0},{"damage":1,"enemies":"Book of Stabbing","floor":29,"turns":2},{"damage":0,"enemies":"Collector","floor":33,"turns":4},{"damage":0,"enemies":"3 Shapes","floor":35,"turns":1},{"damage":19,"enemies":"2 Orb Walkers","floor":36,"turns":3},{"damage":7,"enemies":"Nemesis","floor":40,"turns":3},{"damage":0,"enemies":"3 Darklings","floor":42,"turns":2},{"damage":0,"enemies":"Jaw Worm Horde","floor":45,"turns":2},{"damage":0,"enemies":"Reptomancer","floor":46,"turns":2},{"damage":0,"enemies":"Transient","floor":48,"turns":4},{"damage":1,"enemies":"Awakened One","floor":50,"turns":5}],"seed_played":"-5070356709561500300","potions_obtained":[{"floor":3.0,"key":"PowerPotion"},{"floor":5.0,"key":"Dexterity Potion"},{"floor":14.0,"key":"PowerPotion"},{"floor":28.0,"key":"SmokeBomb"},{"floor":33,"key":"StancePotion"},{"floor":35,"key":"Swift Potion"},{"floor":45,"key":"SteroidPotion"}],"is_trial":false,"path_per_floor":["M","$","M","?","M","R","E","R","T","E","?","E","$","M","R","B",null,"M","?","M","M","$","E","R","E","T","E","M","E","R","?","R","B",null,"M","?","?","$","?","E","R","M","T","R","M","E","R","M","R","B",null],"character_chosen":"WATCHER","items_purchased":["Kunai"],"campfire_rested":0,"item_purchase_floors":[38],"current_hp_per_floor":[72,72,72,72,72,72,60,60,60,60,60,60,60,59,59,33,72,72,72,72,72,72,72,72,72,72,67,67,66,66,66,66,66,72,72,53,53,53,53,46,46,46,46,46,46,46,46,46,46,45],"gold":248,"neow_bonus":"BOSS_RELIC","is_prod":false,"is_daily":false,"chose_seed":false,"campfire_upgraded":6,"win_rate":0,"timestamp":1569599141,"path_taken":["M","$","M","?","?","R","E","R","T","E","?","E","?","M","R","BOSS","M","?","M","?","$","E","R","E","T","E","M","E","R","?","R","BOSS","M","?","?","$","?","E","R","M","T","R","?","E","R","M","R","BOSS"],"build_version":"2019-09-26","purchased_purges":3,"victory":true,"max_hp_per_floor":[72,72,72,72,72,72,72,72,72,72,72,72,72,72,72,72,72,72,72,72,72,72,72,72,72,72,72,72,72,72,72,72,72,72,72,72,68,68,68,68,68,68,68,68,68,68,68,68,68,68],"card_choices":[{"not_picked":["Halt","JustLucky"],"picked":"FollowUp","floor":1.0},{"not_picked":["JustLucky","Prostrate"],"picked":"WheelKick","floor":3.0},{"not_picked":["WaveOfTheHand","PathToVictory"],"picked":"WheelKick","floor":5.0},{"not_picked":["EmptyBody","ThirdEye","JustLucky"],"picked":"SKIP","floor":7.0},{"not_picked":["BowlingBash","ClearTheMind","FollowUp"],"picked":"SKIP","floor":10.0},{"not_picked":["BowlingBash","MasterReality","Vault"],"picked":"SKIP","floor":12.0},{"not_picked":["DeceiveReality","Prostrate"],"picked":"Worship","floor":14.0},{"not_picked":["DeusExMachina","DevaForm"],"picked":"Unraveling","floor":16.0},{"not_picked":["Consecrate","FollowUp","EmptyBody+1"],"picked":"SKIP","floor":18.0},{"not_picked":["CutThroughFate","MentalFortress+1","FlyingSleeves"],"picked":"SKIP","floor":20.0},{"not_picked":["BowlingBash","CutThroughFate+1","ThirdEye"],"picked":"SKIP","floor":21.0},{"not_picked":["FlyingSleeves+1","Halt","MasterReality"],"picked":"SKIP","floor":23.0},{"not_picked":["FollowUp","ForeignInfluence+1","SashWhip"],"picked":"SKIP","floor":25.0},{"not_picked":["Consecrate","WaveOfTheHand+1"],"picked":"WindmillStrike","floor":27.0},{"not_picked":["Consecrate","InnerPeace","BowlingBash"],"picked":"SKIP","floor":28.0},{"not_picked":["Nirvana","Protect"],"picked":"Wallop","floor":29},{"not_picked":["Judgement","Adaptation"],"picked":"Alpha","floor":33},{"not_picked":["CarveReality+1","ClearTheMind","ThirdEye+1"],"picked":"SKIP","floor":35},{"not_picked":["PathToVictory","Weave+1","Prostrate"],"picked":"SKIP","floor":40},{"not_picked":["EmptyMind","Sanctity"],"picked":"Swivel+1","floor":42},{"not_picked":["Wish","EmptyFist","ThirdEye+1"],"picked":"SKIP","floor":45},{"not_picked":["Wish","EmptyFist","ThirdEye+1"],"picked":"SKIP","floor":45},{"not_picked":["FlyingSleeves+1","WreathOfFlame","DeceiveReality+1"],"picked":"SKIP","floor":46},{"not_picked":["Scrawl","Halt+1"],"picked":"SpiritShield+1","floor":48}],"player_experience":555163,"relics_obtained":[{"floor":7.0,"key":"Blue Candle"},{"floor":9.0,"key":"Yang"},{"floor":10.0,"key":"Vajra"},{"floor":12.0,"key":"Bronze Scales"},{"floor":23.0,"key":"StrikeDummy"},{"floor":25.0,"key":"GoldenEye"},{"floor":26.0,"key":"Potion Belt"},{"floor":27.0,"key":"Tiny Chest"},{"floor":29,"key":"Girya"},{"floor":36,"key":"Peace Pipe"},{"floor":40,"key":"MealTicket"},{"floor":43,"key":"CeramicFish"},{"floor":46,"key":"Lantern"}],"event_choices":[{"damage_healed":0.0,"max_hp_gain":0.0,"max_hp_loss":0.0,"gold_gain":0.0,"event_name":"Upgrade Shrine","player_choice":"Upgraded","floor":4.0,"gold_loss":0.0,"damage_taken":0.0,"cards_upgraded":["WheelKick"]},{"damage_healed":0.0,"max_hp_gain":0.0,"max_hp_loss":0.0,"gold_gain":0.0,"cards_transformed":["Strike_P"],"event_name":"Transmorgrifier","player_choice":"Transformed","floor":11.0,"gold_loss":0.0,"damage_taken":0.0,"cards_obtained":["MentalFortress"]},{"cards_removed":["Strike_P"],"damage_healed":0.0,"max_hp_gain":0.0,"max_hp_loss":0.0,"gold_gain":0.0,"event_name":"Bonfire Elementals","player_choice":"Offered Basic","floor":19.0,"gold_loss":0.0,"damage_taken":0.0},{"cards_removed":["Strike_P"],"damage_healed":0,"gold_gain":0,"player_choice":"Gave Gold","damage_taken":0,"max_hp_gain":0,"max_hp_loss":0,"event_name":"Beggar","floor":31,"gold_loss":75},{"damage_healed":0,"gold_gain":0,"player_choice":"Fight","damage_taken":0,"max_hp_gain":0,"max_hp_loss":0,"event_name":"Mysterious Sphere","floor":36,"gold_loss":0},{"damage_healed":0,"gold_gain":0,"player_choice":"Max HP","damage_taken":0,"max_hp_gain":0,"max_hp_loss":4,"event_name":"Winding Halls","floor":37,"gold_loss":0},{"damage_healed":0,"gold_gain":0,"player_choice":"Memory 1","damage_taken":0,"max_hp_gain":0,"max_hp_loss":0,"event_name":"SensoryStone","floor":39,"gold_loss":0}],"is_beta":true,"boss_relics":[{"not_picked":["SlaversCollar","Coffee Dripper"],"picked":"Runic Pyramid"},{"not_picked":["SacredBark","Calling Bell"],"picked":"Philosopher\u0027s Stone"}],"items_purged_floors":[2,13,22],"is_endless":false,"potions_floor_spawned":[3,5,14,16,18,20,28,33,35,45],"ascension_level":3}