{"gold_per_floor":[20,30,30,30,47,47,72,82,82,82,105,105,105,116,116,220,220,231,245,279,378,392,392,424,424,424,424,458,458,458,95,95,95],"floor_reached":33,"playtime":1977,"items_purged":["Defend_R"],"score":390,"play_id":"c9e33d9b-be23-4dcb-a9e9-787b01d80afa","local_time":"20181028003411","is_ascension_mode":true,"campfire_choices":[{"data":"Armaments","floor":6.0,"key":"SMITH"},{"data":"Double Tap","floor":10.0,"key":"SMITH"},{"data":"True Grit","floor":12.0,"key":"SMITH"},{"data":"Evolve","floor":15.0,"key":"SMITH"},{"data":"Pommel Strike","floor":23,"key":"SMITH"},{"data":"Pommel Strike","floor":25,"key":"SMITH"},{"data":"Perfected Strike","floor":27,"key":"SMITH"},{"data":"Warcry","floor":32,"key":"SMITH"}],"neow_cost":"NO_GOLD","seed_source_timestamp":0,"circlet_count":0,"master_deck":["Strike_R","Strike_R","Strike_R","Strike_R","Strike_R","Defend_R","Defend_R+1","Bash","Perfected Strike","Armaments+1","True Grit+1","Double Tap+1","True Grit+1","Wild Strike","Perfected Strike+1","Sever Soul","Twin Strike","Evolve+1","Clothesline+1","Pommel Strike+1","Pommel Strike+1","Twin Strike","Sentinel","Headbutt+1","Wild Strike","Warcry+1"],"special_seed":0,"relics":["Black Blood","Prayer Wheel","Lantern","Ice Cream","Self Forming Clay","Odd Mushroom","Red Mask","Smiling Mask","Centennial Puzzle","War Paint","Meat on the Bone","MutagenicStrength","Mango"],"potions_floor_usage":[20,24,33],"damage_taken":[{"damage":1.0,"enemies":"Cultist","floor":1.0,"turns":4.0},{"damage":7.0,"enemies":"Jaw Worm","floor":2.0,"turns":3.0},{"damage":0.0,"enemies":"2 Louse","floor":5.0,"turns":2.0},{"damage":8.0,"enemies":"Gremlin Nob","floor":7.0,"turns":3.0},{"damage":2.0,"enemies":"2 Fungi Beasts","floor":8.0,"turns":3.0},{"damage":0.0,"enemies":"The Mushroom Lair","floor":11.0,"turns":4.0},{"damage":6.0,"enemies":"Exordium Wildlife","floor":14.0,"turns":4.0},{"damage":48.0,"enemies":"Hexaghost","floor":16.0,"turns":9.0},{"damage":0.0,"enemies":"Shell Parasite","floor":18.0,"turns":1.0},{"damage":13.0,"enemies":"2 Thieves","floor":19.0,"turns":4.0},{"damage":7,"enemies":"Masked Bandits","floor":20,"turns":3},{"damage":18,"enemies":"Centurion and Healer","floor":22,"turns":5},{"damage":26,"enemies":"Slavers","floor":24,"turns":6},{"damage":37,"enemies":"Book of Stabbing","floor":28,"turns":6},{"damage":61,"enemies":"Collector","floor":33,"turns":6}],"seed_played":"6598358672299024969","potions_obtained":[{"floor":2.0,"key":"FearPotion"},{"floor":5.0,"key":"Fruit Juice"},{"floor":8.0,"key":"Dexterity Potion"},{"floor":16.0,"key":"Energy Potion"},{"floor":19.0,"key":"AttackPotion"},{"floor":28,"key":"Explosive Potion"}],"is_trial":false,"path_per_floor":["M","M","?","T","M","R","E","M","T","R","?","R","?","M","R","B",null,"M","M","?","?","M","R","E","R","T","R","E","T","?","$","R"],"character_chosen":"IRONCLAD","items_purchased":["Mango"],"campfire_rested":0,"item_purchase_floors":[31],"current_hp_per_floor":[77,76,76,76,85,85,83,85,85,85,85,85,85,85,85,43,75,85,82,85,85,77,77,61,61,61,61,34,34,34,48,48,0],"gold":95,"neow_bonus":"ONE_RARE_RELIC","is_prod":false,"is_daily":false,"chose_seed":false,"campfire_upgraded":8,"win_rate":0,"timestamp":1540658051,"path_taken":["M","?","?","?","M","R","E","M","T","R","?","R","?","?","R","BOSS","M","M","?","?","?","R","E","R","T","R","E","?","?","$","R","BOSS"],"build_version":"2018-10-25v2","purchased_purges":1,"victory":false,"max_hp_per_floor":[80,80,80,80,85,85,85,85,85,85,85,85,85,85,85,85,85,85,85,85,85,85,85,85,85,85,85,85,85,85,99,99,99],"card_choices":[{"not_picked":["Twin Strike","Rupture"],"picked":"Perfected Strike","floor":1.0},{"not_picked":["Sword Boomerang","Power Through"],"picked":"Armaments","floor":1.0},{"not_picked":["Rampage","Shrug It Off"],"picked":"True Grit","floor":2.0},{"not_picked":["Anger","Warcry"],"picked":"Double Tap","floor":2.0},{"not_picked":["Armaments","Wild Strike"],"picked":"True Grit","floor":5.0},{"not_picked":["Warcry","Fire Breathing"],"picked":"Wild Strike","floor":5.0},{"not_picked":["Flex","Anger","Dropkick"],"picked":"SKIP","floor":7.0},{"not_picked":["Pummel","Clash"],"picked":"Perfected Strike","floor":8.0},{"not_picked":["Body Slam","Flex","Armaments"],"picked":"SKIP","floor":8.0},{"not_picked":["Sentinel","Warcry"],"picked":"Sever Soul","floor":11.0},{"not_picked":["Searing Blow","Havoc"],"picked":"Twin Strike","floor":14.0},{"not_picked":["Clash","Bludgeon"],"picked":"Evolve","floor":14.0},{"not_picked":["Entrench+1","Fire Breathing"],"picked":"Clothesline+1","floor":18.0},{"not_picked":["Flex","Sever Soul+1","Spot Weakness"],"picked":"SKIP","floor":18.0},{"not_picked":["Havoc","Exhume"],"picked":"Pommel Strike","floor":19.0},{"not_picked":["Clothesline","Anger+1"],"picked":"Pommel Strike","floor":19.0},{"not_picked":["Clothesline","Body Slam"],"picked":"Twin Strike","floor":20},{"not_picked":["Cleave","Anger"],"picked":"Sentinel","floor":22},{"not_picked":["Thunderclap","Havoc+1"],"picked":"Headbutt+1","floor":22},{"not_picked":["Battle Trance","Demon Form"],"picked":"Wild Strike","floor":24},{"not_picked":["Anger","Headbutt"],"picked":"Warcry","floor":28}],"player_experience":361629,"relics_obtained":[{"floor":4.0,"key":"Lantern"},{"floor":7.0,"key":"Ice Cream"},{"floor":9.0,"key":"Self Forming Clay"},{"floor":11.0,"key":"Odd Mushroom"},{"floor":20,"key":"Red Mask"},{"floor":24,"key":"Smiling Mask"},{"floor":26,"key":"Centennial Puzzle"},{"floor":28,"key":"War Paint"},{"floor":29,"key":"Meat on the Bone"}],"event_choices":[{"damage_healed":0.0,"max_hp_gain":0.0,"max_hp_loss":0.0,"gold_gain":0.0,"event_name":"The Cleric","player_choice":"Leave","floor":3.0,"gold_loss":0.0,"damage_taken":0.0},{"damage_healed":0.0,"max_hp_gain":0.0,"max_hp_loss":0.0,"gold_gain":0.0,"event_name":"Mushrooms","player_choice":"Fought Mushrooms","floor":11.0,"gold_loss":0.0,"damage_taken":0.0},{"cards_removed":["Defend_R"],"damage_healed":0.0,"max_hp_gain":0.0,"max_hp_loss":0.0,"gold_gain":0.0,"event_name":"Living Wall","player_choice":"Forget","floor":13.0,"gold_loss":0.0,"damage_taken":0.0},{"damage_healed":0,"gold_gain":0,"player_choice":"Fought Bandits","damage_taken":0,"max_hp_gain":0,"max_hp_loss":0,"event_name":"Masked Bandits","floor":20,"gold_loss":0},{"damage_healed":0,"gold_gain":99,"player_choice":"Stole From Cult","damage_taken":0,"max_hp_gain":0,"max_hp_loss":0,"event_name":"Nest","floor":21,"gold_loss":0},{"damage_healed":0,"gold_gain":0,"player_choice":"Inject Mutagens","damage_taken":0,"relics_obtained":["MutagenicStrength"],"max_hp_gain":0,"max_hp_loss":0,"event_name":"Drug Dealer","floor":30,"gold_loss":0}],"is_beta":false,"boss_relics":[{"not_picked":["Runic Cube","Busted Crown"],"picked":"Black Blood"}],"items_purged_floors":[31],"is_endless":false,"potions_floor_spawned":[2,5,8,16,19,28],"killed_by":"Collector","ascension_level":6}