{"gold_per_floor":[17,31,31,50,67,100,175,175,200,200,200,200,242,255,255,369,419,430,61,61,61,61,90,90,106,133,133,161,161,161,161,161,266,266,286,286,295,314,414,414,414,414,482,495,495,539,539,164,164,164],"floor_reached":51,"playtime":824,"items_purged":["Defend_R","Strike_R"],"score":765,"play_id":"7df8ba9f-9642-4bbc-a046-4db36754725d","local_time":"20191020005402","is_ascension_mode":false,"campfire_choices":[{"data":"Clash","floor":8.0,"key":"SMITH"},{"data":"Flex","floor":10.0,"key":"SMITH"},{"data":"Bash","floor":12.0,"key":"SMITH"},{"floor":15.0,"key":"REST"},{"data":"Limit Break","floor":24.0,"key":"SMITH"},{"data":"Strike_R","floor":27.0,"key":"SMITH"},{"floor":32,"key":"REST"},{"data":"Inflame","floor":41,"key":"SMITH"},{"data":"Strike_R","floor":45,"key":"SMITH"},{"floor":49,"key":"REST"}],"neow_cost":"NO_GOLD","seed_source_timestamp":222081320814766,"circlet_count":0,"master_deck":["Strike_R+1","Strike_R+1","Strike_R+1","Bash+1","Flex+1","Clash+1","Clash+1","Limit Break+1","Inflame+1","Whirlwind+1","Inflame"],"special_seed":0,"relics":["Burning Blood","Bag of Preparation","CeramicFish","Juzu Bracelet","Centennial Puzzle","Tiny House","Whetstone","Lantern","Bag of Marbles","Bronze Scales","Ancient Tea Set","Dodecahedron","Black Star","Nunchaku","Kunai","Paper Frog","Anchor","Pen Nib"],"potions_floor_usage":[50,50,50],"damage_taken":[{"damage":6.0,"enemies":"Cultist","floor":1.0,"turns":3.0},{"damage":0.0,"enemies":"Small Slimes","floor":2.0,"turns":3.0},{"damage":13.0,"enemies":"Jaw Worm","floor":4.0,"turns":3.0},{"damage":14.0,"enemies":"Blue Slaver","floor":5.0,"turns":3.0},{"damage":14.0,"enemies":"Gremlin Nob","floor":6.0,"turns":3.0},{"damage":36.0,"enemies":"3 Sentries","floor":13.0,"turns":7.0},{"damage":5.0,"enemies":"Lots of Slimes","floor":14.0,"turns":2.0},{"damage":25.0,"enemies":"Hexaghost","floor":16.0,"turns":5.0},{"damage":5.0,"enemies":"Chosen","floor":18.0,"turns":2.0},{"damage":7.0,"enemies":"Slavers","floor":23.0,"turns":2.0},{"damage":5.0,"enemies":"3 Byrds","floor":25.0,"turns":2.0},{"damage":0.0,"enemies":"Gremlin Leader","floor":28.0,"turns":3.0},{"damage":36,"enemies":"Champ","floor":33,"turns":4},{"damage":0,"enemies":"Orb Walker","floor":35,"turns":1},{"damage":16,"enemies":"3 Darklings","floor":38,"turns":3},{"damage":0,"enemies":"Mind Bloom Boss Battle","floor":39,"turns":4},{"damage":0,"enemies":"Transient","floor":44,"turns":5},{"damage":26,"enemies":"Reptomancer","floor":46,"turns":3},{"damage":36,"enemies":"Donu and Deca","floor":50,"turns":3}],"seed_played":"2604954505262476710","potions_obtained":[{"floor":4.0,"key":"PowerPotion"},{"floor":5.0,"key":"Block Potion"},{"floor":6.0,"key":"GamblersBrew"},{"floor":14.0,"key":"SteroidPotion"},{"floor":17.0,"key":"DistilledChaos"},{"floor":23.0,"key":"Explosive Potion"},{"floor":25.0,"key":"DuplicationPotion"},{"floor":38,"key":"SkillPotion"},{"floor":39,"key":"FearPotion"},{"floor":44,"key":"Dexterity Potion"}],"is_trial":false,"path_per_floor":["M","M","?","M","M","E","?","R","T","R","T","R","E","M","R","B",null,"M","$","?","?","$","E","R","M","T","R","E","T","?","?","R","B",null,"M","?","?","M","?","?","R","?","T","M","R","E","?","$","R","B",null],"character_chosen":"IRONCLAD","items_purchased":["Whetstone","Lantern","Pen Nib","Strength Potion","Regen Potion"],"campfire_rested":3,"item_purchase_floors":[19,19,48,48,48],"current_hp_per_floor":[80,80,80,73,65,57,46,46,46,46,46,46,16,17,41,22,85,85,85,85,69,69,68,68,69,69,69,75,75,75,75,90,60,90,90,85,85,75,81,81,81,81,81,85,85,65,65,65,85,55],"gold":164,"neow_bonus":"REMOVE_TWO","is_prod":false,"is_daily":false,"chose_seed":false,"campfire_upgraded":7,"win_rate":0,"timestamp":1571525642,"path_taken":["M","?","?","?","M","E","?","R","T","R","?","R","E","M","R","BOSS","M","?","?","?","?","E","R","M","T","R","E","?","?","?","R","BOSS","M","?","?","M","?","?","R","?","T","M","R","E","?","$","R","BOSS"],"build_version":"2019-10-18","purchased_purges":2,"victory":true,"max_hp_per_floor":[80,80,80,80,80,80,80,80,80,80,80,80,80,80,80,80,85,85,85,85,90,90,90,90,90,90,90,90,90,90,90,90,90,90,90,85,85,85,85,85,85,85,85,85,85,85,85,85,85,85],"card_choices":[{"not_picked":["Warcry","Rage"],"picked":"Flex","floor":1.0},{"not_picked":["Thunderclap","Iron Wave","Heavy Blade"],"picked":"SKIP","floor":2.0},{"not_picked":["Sword Boomerang","Havoc","Thunderclap"],"picked":"SKIP","floor":4.0},{"not_picked":["Pommel Strike","Thunderclap"],"picked":"Clash","floor":5.0},{"not_picked":["Headbutt","Thunderclap","Feel No Pain"],"picked":"SKIP","floor":6.0},{"not_picked":["Rage","Reckless Charge"],"picked":"Clash","floor":13.0},{"not_picked":["Cleave","Hemokinesis","Flame Barrier"],"picked":"SKIP","floor":14.0},{"not_picked":["Barricade","Juggernaut"],"picked":"Limit Break","floor":16.0},{"not_picked":["Feel No Pain","Bloodletting","Dual Wield"],"picked":"SKIP","floor":18.0},{"not_picked":["Havoc","Reckless Charge","Heavy Blade+1"],"picked":"SKIP","floor":23.0},{"not_picked":["True Grit","Rupture","Heavy Blade"],"picked":"SKIP","floor":25.0},{"not_picked":["Sword Boomerang+1","Immolate","Corruption"],"picked":"SKIP","floor":28.0},{"not_picked":["Havoc+1","Warcry","Wild Strike"],"picked":"SKIP","floor":35},{"not_picked":["Cleave+1","Anger"],"picked":"Whirlwind+1","floor":38},{"not_picked":["Bloodletting","Twin Strike","Spot Weakness"],"picked":"SKIP","floor":44},{"not_picked":["Body Slam+1","Warcry+1"],"picked":"Inflame","floor":46}],"player_experience":859143,"relics_obtained":[{"floor":6.0,"key":"Bag of Preparation"},{"floor":9.0,"key":"CeramicFish"},{"floor":11.0,"key":"Juzu Bracelet"},{"floor":13.0,"key":"Centennial Puzzle"},{"floor":23.0,"key":"Bag of Marbles"},{"floor":26.0,"key":"Bronze Scales"},{"floor":28.0,"key":"Ancient Tea Set"},{"floor":29.0,"key":"Dodecahedron"},{"floor":39,"key":"Nunchaku"},{"floor":43,"key":"Kunai"},{"floor":46,"key":"Paper Frog"},{"floor":46,"key":"Anchor"}],"event_choices":[{"cards_removed":["Defend_R"],"damage_healed":0.0,"max_hp_gain":0.0,"max_hp_loss":0.0,"gold_gain":0.0,"event_name":"Bonfire Elementals","player_choice":"Offered Basic","floor":3.0,"gold_loss":0.0,"damage_taken":0.0},{"damage_healed":0.0,"max_hp_gain":0.0,"max_hp_loss":0.0,"gold_gain":75.0,"event_name":"World of Goop","player_choice":"Gather Gold","floor":7.0,"gold_loss":0.0,"damage_taken":11.0},{"damage_healed":0.0,"max_hp_gain":0.0,"max_hp_loss":0.0,"gold_gain":0.0,"event_name":"The Mausoleum","player_choice":"Ignored","floor":20.0,"gold_loss":0.0,"damage_taken":0.0},{"damage_healed":0.0,"max_hp_gain":5.0,"max_hp_loss":0.0,"gold_gain":0.0,"event_name":"Forgotten Altar","player_choice":"Shed Blood","floor":21.0,"gold_loss":0.0,"damage_taken":21.0},{"damage_healed":0.0,"max_hp_gain":0.0,"max_hp_loss":0.0,"gold_gain":0.0,"event_name":"NoteForYourself","player_choice":"Ignored","floor":30.0,"gold_loss":0.0,"damage_taken":0.0},{"damage_healed":0,"gold_gain":0,"player_choice":"Ignored","damage_taken":0,"max_hp_gain":0,"max_hp_loss":0,"event_name":"Cursed Tome","floor":31,"gold_loss":0},{"damage_healed":0,"gold_gain":0,"player_choice":"Max HP","damage_taken":0,"max_hp_gain":0,"max_hp_loss":5,"event_name":"Winding Halls","floor":36,"gold_loss":0},{"damage_healed":0,"gold_gain":0,"player_choice":"1 cards matched","damage_taken":0,"max_hp_gain":0,"max_hp_loss":0,"event_name":"Match and Keep!","floor":37,"gold_loss":0,"cards_obtained":["Inflame"]},{"damage_healed":0,"gold_gain":0,"player_choice":"Fight","damage_taken":0,"max_hp_gain":0,"max_hp_loss":0,"event_name":"MindBloom","floor":39,"gold_loss":0},{"cards_removed":["Strike_R"],"damage_healed":0,"gold_gain":0,"player_choice":"Removed Attack","damage_taken":0,"max_hp_gain":0,"max_hp_loss":0,"event_name":"Falling","floor":40,"gold_loss":0},{"damage_healed":0,"gold_gain":0,"player_choice":"Memory 1","damage_taken":0,"max_hp_gain":0,"max_hp_loss":0,"event_name":"SensoryStone","floor":42,"gold_loss":0},{"damage_healed":0,"gold_gain":0,"player_choice":"Ignored","damage_taken":0,"max_hp_gain":0,"max_hp_loss":0,"event_name":"Tomb of Lord Red Mask","floor":47,"gold_loss":0}],"is_beta":true,"boss_relics":[{"not_picked":["SlaversCollar","Runic Pyramid"],"picked":"Tiny House"},{"not_picked":["Black Blood","Velvet Choker"],"picked":"Black Star"}],"items_purged_floors":[19,48],"is_endless":false,"potions_floor_spawned":[4,5,6,14,23,25,38,39,44],"ascension_level":0}