{"gold_per_floor":[111,126,126,126,6,6,24,24,73,96,115,134,84,105,105,230,230,245,245,270,25,25,25,68,68,142,182,203,203],"floor_reached":29,"playtime":614,"items_purged":["Defend_R","Defend_R"],"score":255,"play_id":"26202a66-aaa8-4744-95b6-4bbfd16ab981","local_time":"20191017180921","is_ascension_mode":false,"campfire_choices":[{"data":"Flex","floor":6.0,"key":"SMITH"},{"data":"Shockwave","floor":8.0,"key":"SMITH"},{"data":"Flex","floor":15.0,"key":"SMITH"},{"data":"Double Tap","floor":23.0,"key":"SMITH"}],"neow_cost":"NONE","seed_source_timestamp":25230800207121,"circlet_count":0,"master_deck":["Strike_R+1","Strike_R","Strike_R","Strike_R","Strike_R","Bash+1","Shockwave+1","Flex+1","Sword Boomerang","Disarm","Flex+1","Double Tap+1","Pummel","Clash","Flex","Battle Trance","Demon Form","Reaper"],"special_seed":0,"relics":["Burning Blood","Golden Idol","Lantern","Black Star","Orrery","Whetstone","Bottled Flame","Sundial","Paper Frog","Matryoshka"],"potions_floor_usage":[],"damage_taken":[{"damage":6.0,"enemies":"Cultist","floor":1.0,"turns":4.0},{"damage":2.0,"enemies":"2 Louse","floor":2.0,"turns":2.0},{"damage":3.0,"enemies":"Jaw Worm","floor":7.0,"turns":3.0},{"damage":7.0,"enemies":"Lots of Slimes","floor":10.0,"turns":3.0},{"damage":4.0,"enemies":"Blue Slaver","floor":11.0,"turns":3.0},{"damage":9.0,"enemies":"Exordium Wildlife","floor":12.0,"turns":3.0},{"damage":0.0,"enemies":"2 Fungi Beasts","floor":14.0,"turns":2.0},{"damage":24.0,"enemies":"The Guardian","floor":16.0,"turns":9.0},{"damage":4.0,"enemies":"3 Byrds","floor":18.0,"turns":5.0},{"damage":25.0,"enemies":"2 Thieves","floor":20.0,"turns":3.0},{"damage":34.0,"enemies":"Slavers","floor":24.0,"turns":6.0},{"damage":31.0,"enemies":"Gremlin Leader","floor":27.0,"turns":4.0},{"damage":30,"enemies":"Sentry and Sphere","floor":28,"turns":4},{"damage":21,"enemies":"Snake Plant","floor":29,"turns":1}],"seed_played":"-1930399108830853929","potions_obtained":[{"floor":2.0,"key":"Dexterity Potion"},{"floor":10.0,"key":"EssenceOfSteel"},{"floor":11.0,"key":"GamblersBrew"},{"floor":16.0,"key":"LiquidMemories"},{"floor":24.0,"key":"BloodPotion"},{"floor":28,"key":"ElixirPotion"}],"is_trial":false,"path_per_floor":["M","M","?","?","$","R","M","R","T","M","M","M","?","M","R","B",null,"M","$","M","$","?","R","E","?","T","E","M","M"],"character_chosen":"IRONCLAD","items_purchased":["Flex","Orrery"],"campfire_rested":0,"item_purchase_floors":[5,21],"current_hp_per_floor":[88,88,93,70,70,70,73,73,73,72,74,71,71,77,77,59,93,93,93,74,74,74,74,46,46,46,39,15,0],"gold":203,"neow_bonus":"TEN_PERCENT_HP_BONUS","is_prod":false,"is_daily":false,"chose_seed":false,"campfire_upgraded":4,"win_rate":0,"timestamp":1571328561,"path_taken":["M","M","?","?","?","R","?","R","T","M","M","M","?","M","R","BOSS","M","$","M","$","?","R","E","?","T","E","M","?"],"build_version":"2019-10-16","purchased_purges":2,"victory":false,"max_hp_per_floor":[88,88,93,93,93,93,93,93,93,93,93,93,93,93,93,93,93,93,93,93,93,93,93,93,93,93,93,93,93],"card_choices":[{"not_picked":["Clothesline","Fire Breathing"],"picked":"Shockwave","floor":1.0},{"not_picked":["Rage","Bloodletting","Wild Strike"],"picked":"SKIP","floor":2.0},{"not_picked":["Rupture","Bloodletting"],"picked":"Sword Boomerang","floor":7.0},{"not_picked":["Clothesline","Metallicize","Feel No Pain"],"picked":"SKIP","floor":10.0},{"not_picked":["Fire Breathing","Twin Strike"],"picked":"Disarm","floor":11.0},{"not_picked":["True Grit","Headbutt"],"picked":"Flex","floor":12.0},{"not_picked":["Power Through","True Grit","Body Slam"],"picked":"SKIP","floor":14.0},{"not_picked":["Berserk","Immolate"],"picked":"Double Tap","floor":16.0},{"not_picked":["Dropkick","Clothesline+1"],"picked":"Pummel","floor":18.0},{"not_picked":["Iron Wave","Shrug It Off+1"],"picked":"Clash","floor":20.0},{"not_picked":["Headbutt","Clash"],"picked":"Flex","floor":21.0},{"not_picked":["Headbutt+1","Rampage"],"picked":"Battle Trance","floor":21.0},{"not_picked":["True Grit","Body Slam"],"picked":"Demon Form","floor":21.0},{"not_picked":["Juggernaut","Thunderclap","Shrug It Off+1"],"picked":"SKIP","floor":24.0},{"not_picked":["Wild Strike","Body Slam+1"],"picked":"Reaper","floor":27.0},{"not_picked":["Warcry+1","True Grit","Pommel Strike"],"picked":"SKIP","floor":28}],"player_experience":854427,"relics_obtained":[{"floor":9.0,"key":"Lantern"},{"floor":24.0,"key":"Whetstone"},{"floor":24.0,"key":"Bottled Flame"},{"floor":26.0,"key":"Sundial"},{"floor":27.0,"key":"Paper Frog"},{"floor":27.0,"key":"Matryoshka"}],"event_choices":[{"damage_healed":0.0,"max_hp_gain":5.0,"max_hp_loss":0.0,"gold_gain":0.0,"event_name":"Big Fish","player_choice":"Donut","floor":3.0,"gold_loss":0.0,"damage_taken":0.0},{"damage_healed":0.0,"max_hp_gain":0.0,"max_hp_loss":0.0,"gold_gain":0.0,"event_name":"Golden Idol","player_choice":"Take Damage","floor":4.0,"gold_loss":0.0,"damage_taken":23.0,"relics_obtained":["Golden Idol"]},{"cards_removed":["Defend_R"],"damage_healed":0.0,"max_hp_gain":0.0,"max_hp_loss":0.0,"gold_gain":0.0,"event_name":"The Cleric","player_choice":"Card Removal","floor":13.0,"gold_loss":50.0,"damage_taken":0.0},{"damage_healed":0.0,"max_hp_gain":0.0,"max_hp_loss":0.0,"gold_gain":0.0,"event_name":"Ghosts","player_choice":"Ignored","floor":22.0,"gold_loss":0.0,"damage_taken":0.0},{"cards_removed":["Defend_R"],"damage_healed":0.0,"max_hp_gain":0.0,"max_hp_loss":0.0,"gold_gain":0.0,"event_name":"Purifier","player_choice":"Purged","floor":25.0,"gold_loss":0.0,"damage_taken":0.0}],"is_beta":true,"boss_relics":[{"not_picked":["Runic Pyramid","Runic Cube"],"picked":"Black Star"}],"items_purged_floors":[5,21],"is_endless":false,"potions_floor_spawned":[2,10,11,12,16,24,28],"killed_by":"Snake Plant","ascension_level":0}