{"gold_per_floor":[109,127,127,27,44,44,75,144,144,163,183,233,82,94,94,166,166,180,230,330,344,412,412],"floor_reached":23,"playtime":673,"items_purged":["Strike_B","Normality"],"score":390,"play_id":"5890739a-0061-4acc-9bd6-c4408706a4ae","local_time":"20181201134918","is_ascension_mode":true,"campfire_choices":[{"data":"Darkness","floor":6.0,"key":"SMITH"},{"data":"Doom and Gloom","floor":15.0,"key":"SMITH"}],"neow_cost":"NONE","seed_source_timestamp":1853815445338,"circlet_count":0,"master_deck":["AscendersBane","Strike_B","Strike_B","Strike_B","Defend_B","Defend_B","Defend_B","Defend_B","Zap","Dualcast","Coolheaded","Darkness+1","Ball Lightning","Doom and Gloom+1","Conserve Battery","Coolheaded","Self Repair","Rainbow","Consume","Hologram+1"],"special_seed":0,"relics":["Cursed Key","SsserpentHead","Blood Vial","Art of War","Inserter"],"potions_floor_usage":[22],"damage_taken":[{"damage":2.0,"enemies":"Cultist","floor":1.0,"turns":4.0},{"damage":3.0,"enemies":"Small Slimes","floor":2.0,"turns":3.0},{"damage":2.0,"enemies":"Jaw Worm","floor":5.0,"turns":3.0},{"damage":8.0,"enemies":"3 Sentries","floor":7.0,"turns":9.0},{"damage":6.0,"enemies":"Looter","floor":8.0,"turns":2.0},{"damage":12.0,"enemies":"Gremlin Gang","floor":10.0,"turns":2.0},{"damage":0.0,"enemies":"2 Fungi Beasts","floor":11.0,"turns":4.0},{"damage":0.0,"enemies":"Large Slime","floor":14.0,"turns":3.0},{"damage":18.0,"enemies":"Hexaghost","floor":16.0,"turns":8.0},{"damage":11.0,"enemies":"Spheric Guardian","floor":18.0,"turns":5.0},{"damage":11.0,"enemies":"2 Thieves","floor":21.0,"turns":4.0},{"damage":20,"enemies":"Centurion and Healer","floor":22,"turns":7},{"damage":68,"enemies":"Book of Stabbing","floor":23,"turns":4}],"seed_played":"-8810528437348973398","potions_obtained":[{"floor":2.0,"key":"SpeedPotion"},{"floor":7.0,"key":"Dexterity Potion"},{"floor":8.0,"key":"EntropicBrew"},{"floor":16.0,"key":"Regen Potion"}],"is_trial":false,"path_per_floor":["M","M","?","$","M","R","E","M","T","M","M","?","$","M","R","B",null,"M","?","?","M","M","E"],"character_chosen":"DEFECT","items_purchased":["Darkness","Coolheaded"],"campfire_rested":0,"item_purchase_floors":[4,13],"current_hp_per_floor":[62,59,59,59,57,57,49,45,45,35,37,37,37,39,39,30,61,59,59,59,57,61,0],"gold":412,"neow_bonus":"BOSS_RELIC","is_prod":false,"is_daily":false,"chose_seed":false,"campfire_upgraded":2,"win_rate":0,"timestamp":1543668558,"path_taken":["M","M","?","?","M","R","E","?","T","M","M","?","$","M","R","BOSS","M","?","?","M","?","E"],"build_version":"2018-11-15","purchased_purges":2,"victory":false,"max_hp_per_floor":[71,71,71,71,71,71,71,71,71,71,71,71,71,71,71,71,71,71,71,71,71,71,71],"card_choices":[{"not_picked":["Turbo","Stack","Rebound"],"picked":"SKIP","floor":1.0},{"not_picked":["Reprogram","Rebound"],"picked":"Coolheaded","floor":2.0},{"not_picked":["Genetic Algorithm","Beam Cell","Turbo"],"picked":"SKIP","floor":5.0},{"not_picked":["Tempest","Skim"],"picked":"Ball Lightning","floor":7.0},{"not_picked":["Melter","Coolheaded"],"picked":"Doom and Gloom","floor":8.0},{"not_picked":["All For One","Barrage"],"picked":"Conserve Battery","floor":10.0},{"not_picked":["Reprogram","Ball Lightning","Turbo"],"picked":"SKIP","floor":11.0},{"not_picked":["Hologram","Barrage"],"picked":"Self Repair","floor":14.0},{"not_picked":["Core Surge","Reboot"],"picked":"Rainbow","floor":16.0},{"not_picked":["Compile Driver+1","Force Field","Streamline"],"picked":"SKIP","floor":18.0},{"not_picked":["Compile Driver+1","Force Field","Streamline"],"picked":"SKIP","floor":18.0},{"not_picked":["Compile Driver","Scrape"],"picked":"Consume","floor":21.0},{"not_picked":["Recycle","Melter"],"picked":"Hologram+1","floor":22}],"player_experience":785299,"relics_obtained":[{"floor":7.0,"key":"Blood Vial"},{"floor":9.0,"key":"Art of War"}],"event_choices":[{"damage_healed":0.0,"max_hp_gain":0.0,"max_hp_loss":0.0,"gold_gain":0.0,"event_name":"FaceTrader","player_choice":"Trade","floor":3.0,"gold_loss":0.0,"damage_taken":0.0,"relics_obtained":["SsserpentHead"]},{"damage_healed":0.0,"max_hp_gain":0.0,"max_hp_loss":0.0,"gold_gain":0.0,"event_name":"Golden Idol","player_choice":"Ignored","floor":12.0,"gold_loss":0.0,"damage_taken":0.0},{"damage_healed":0.0,"max_hp_gain":0.0,"max_hp_loss":0.0,"gold_gain":0.0,"event_name":"The Mausoleum","player_choice":"Ignored","floor":19.0,"gold_loss":0.0,"damage_taken":0.0},{"damage_healed":0.0,"max_hp_gain":0.0,"max_hp_loss":0.0,"gold_gain":100.0,"event_name":"The Joust","player_choice":"Bet on Murderer","floor":20.0,"gold_loss":50.0,"damage_taken":0.0}],"is_beta":true,"boss_relics":[{"not_picked":["Nuclear Battery","Velvet Choker"],"picked":"Inserter"}],"items_purged_floors":[4,13],"is_endless":false,"potions_floor_spawned":[2,7,8,10,16,18,21],"killed_by":"Book of Stabbing","ascension_level":20}