{"gold_per_floor":[119,44,44,64,80,80,80,100,100,139,158,108,108,149,149,275,275,296,319,340,353,353,397,397,421,421,122,140,171,187,207,207,336,336,360,360,384,717,736,769,298,309,309,159,174,174,192,210,210,210],"floor_reached":51,"playtime":2838,"items_purged":["Strike_R","Strike_R","Strike_R","Strike_R"],"score":785,"play_id":"be03b37d-544c-4ed1-b563-cec475ae63ff","local_time":"20180724001000","is_ascension_mode":false,"campfire_choices":[{"data":"Bash","floor":7.0,"key":"SMITH"},{"data":"Armaments","floor":13.0,"key":"SMITH"},{"data":"Shrug It Off","floor":15.0,"key":"SMITH"},{"data":"Flex","floor":24.0,"key":"SMITH"},{"floor":32.0,"key":"REST"},{"floor":46.0,"key":"REST"},{"data":"Flex","floor":49.0,"key":"SMITH"}],"neow_cost":"NONE","seed_source_timestamp":0,"circlet_count":0,"master_deck":["Strike_R","Defend_R+1","Defend_R+1","Defend_R","Bash+1","Thunderclap","Cleave","Armaments+1","Shrug It Off+1","Flex+1","Clash","Twin Strike","True Grit+1","Sword Boomerang+1","Flex+1","Cleave","Armaments+1","Clash+1","Shrug It Off","Headbutt","Clothesline+1"],"special_seed":0,"relics":["Burning Blood","Mummified Hand","Pantograph","Bronze Scales","Velvet Choker","Nloth\u0027s Gift","Orichalcum","Art of War","ClockworkSouvenir","Boot","White Beast Statue","War Paint","Self Forming Clay","Bag of Preparation"],"potions_floor_usage":[50,50],"damage_taken":[{"damage":0.0,"enemies":"Cultist","floor":1.0,"turns":1.0},{"damage":0.0,"enemies":"2 Louse","floor":4.0,"turns":1.0},{"damage":0.0,"enemies":"Jaw Worm","floor":5.0,"turns":1.0},{"damage":10.0,"enemies":"2 Fungi Beasts","floor":8.0,"turns":4.0},{"damage":17.0,"enemies":"3 Sentries","floor":10.0,"turns":6.0},{"damage":13.0,"enemies":"Exordium Wildlife","floor":11.0,"turns":4.0},{"damage":33.0,"enemies":"Lagavulin","floor":14.0,"turns":6.0},{"damage":28.0,"enemies":"Slime Boss","floor":16.0,"turns":9.0},{"damage":7.0,"enemies":"Shell Parasite","floor":18.0,"turns":3.0},{"damage":6.0,"enemies":"2 Thieves","floor":19.0,"turns":3.0},{"damage":17.0,"enemies":"3 Cultists","floor":20.0,"turns":4.0},{"damage":16.0,"enemies":"Centurion and Healer","floor":21.0,"turns":3.0},{"damage":21.0,"enemies":"Slavers","floor":23.0,"turns":3.0},{"damage":11.0,"enemies":"Sentry and Sphere","floor":25.0,"turns":4.0},{"damage":2.0,"enemies":"Snecko","floor":28.0,"turns":3.0},{"damage":14.0,"enemies":"Book of Stabbing","floor":29.0,"turns":4.0},{"damage":0.0,"enemies":"Snake Plant","floor":30.0,"turns":3.0},{"damage":0.0,"enemies":"Cultist and Chosen","floor":31.0,"turns":3.0},{"damage":63.0,"enemies":"Champ","floor":33.0,"turns":7.0},{"damage":4.0,"enemies":"Orb Walker","floor":35.0,"turns":1.0},{"damage":15.0,"enemies":"3 Shapes","floor":37.0,"turns":5.0},{"damage":0.0,"enemies":"Sphere and 2 Shapes","floor":39.0,"turns":2.0},{"damage":51.0,"enemies":"Giant Head","floor":40.0,"turns":7.0},{"damage":15.0,"enemies":"Maw","floor":42.0,"turns":7.0},{"damage":0.0,"enemies":"Transient","floor":45.0,"turns":5.0},{"damage":13.0,"enemies":"3 Darklings","floor":47.0,"turns":3.0},{"damage":17.0,"enemies":"Sphere and 2 Shapes","floor":48.0,"turns":4.0},{"damage":78,"enemies":"Awakened One","floor":50,"turns":10}],"seed_played":"2667059513561791475","potions_obtained":[{"floor":5.0,"key":"GamblersBrew"},{"floor":8.0,"key":"Weak Potion"},{"floor":16.0,"key":"Energy Potion"},{"floor":18.0,"key":"SteroidPotion"},{"floor":23.0,"key":"SkillPotion"},{"floor":25.0,"key":"AttackPotion"},{"floor":28.0,"key":"Strength Potion"},{"floor":30.0,"key":"FairyPotion"},{"floor":31.0,"key":"SteroidPotion"},{"floor":35.0,"key":"BloodPotion"},{"floor":37.0,"key":"AttackPotion"},{"floor":39.0,"key":"AttackPotion"},{"floor":40.0,"key":"Strength Potion"},{"floor":42.0,"key":"AttackPotion"},{"floor":47.0,"key":"Strength Potion"},{"floor":48.0,"key":"SteroidPotion"}],"is_trial":false,"path_per_floor":["M","$","?","M","M","?","R","M","T","E","M","$","R","E","R","B",null,"M","M","M","M","?","E","R","M","T","$","M","E","M","M","R","B",null,"M","?","M","?","M","E","$","M","T","$","M","R","M","M","R","B"],"character_chosen":"IRONCLAD","items_purchased":["Armaments","ClockworkSouvenir","Shrug It Off","Self Forming Clay","Headbutt"],"campfire_rested":2,"item_purchase_floors":[12,27,41,41,41],"current_hp_per_floor":[80,80,60,66,72,72,72,68,68,57,50,50,50,23,23,26,80,79,79,68,58,58,43,43,38,38,38,42,34,40,46,70,23,80,80,80,71,71,77,32,32,31,31,31,37,61,54,43,43,7],"gold":210,"neow_bonus":"THREE_ENEMY_KILL","is_prod":false,"is_daily":false,"chose_seed":false,"campfire_upgraded":5,"win_rate":0,"timestamp":1532362200,"path_taken":["M","?","?","?","M","?","R","M","T","E","M","$","R","E","R","BOSS","M","M","M","?","?","E","R","M","T","?","M","E","?","M","R","BOSS","M","?","M","?","M","E","$","M","T","$","M","R","M","M","R","BOSS"],"build_version":"2018-07-19v2","purchased_purges":4,"victory":true,"max_hp_per_floor":[80,80,80,80,80,80,80,80,80,80,80,80,80,80,80,80,80,80,80,80,80,80,80,80,80,80,80,80,80,80,80,80,80,80,80,80,80,80,80,80,80,80,80,80,80,80,80,80,80,80],"card_choices":[{"not_picked":["Headbutt","Battle Trance"],"picked":"Clash","floor":1.0},{"not_picked":["Shrug It Off","Rage"],"picked":"Thunderclap","floor":4.0},{"not_picked":["Sentinel","Sword Boomerang","Uppercut"],"picked":"SKIP","floor":5.0},{"not_picked":["Anger","Clothesline"],"picked":"Cleave","floor":8.0},{"not_picked":["Double Tap","Wild Strike","Dropkick"],"picked":"SKIP","floor":10.0},{"not_picked":["Blood for Blood","Cleave","Anger"],"picked":"SKIP","floor":11.0},{"not_picked":["Perfected Strike","Dual Wield"],"picked":"Shrug It Off","floor":14.0},{"not_picked":["Perfected Strike+1","Warcry"],"picked":"Flex","floor":18.0},{"not_picked":["Fire Breathing","Shockwave"],"picked":"Clash","floor":19.0},{"not_picked":["Warcry","Sever Soul","Whirlwind"],"picked":"SKIP","floor":20.0},{"not_picked":["Sword Boomerang","Dark Embrace"],"picked":"Twin Strike","floor":21.0},{"not_picked":["Heavy Blade","Searing Blow","Sentinel+1"],"picked":"SKIP","floor":23.0},{"not_picked":["Sever Soul","Carnage"],"picked":"True Grit+1","floor":25.0},{"not_picked":["Anger","Shrug It Off"],"picked":"Sword Boomerang+1","floor":28.0},{"not_picked":["Battle Trance","Bludgeon","Reaper"],"picked":"SKIP","floor":29.0},{"not_picked":["Twin Strike+1","Hemokinesis"],"picked":"Flex","floor":30.0},{"not_picked":["Havoc","Disarm"],"picked":"Cleave","floor":31.0},{"not_picked":["Heavy Blade","Sword Boomerang"],"picked":"Armaments+1","floor":35.0},{"not_picked":["Iron Wave","Heavy Blade+1"],"picked":"Clash+1","floor":37.0},{"not_picked":["Inflame+1","Thunderclap","True Grit"],"picked":"SKIP","floor":39.0},{"not_picked":["Impervious","Juggernaut","Brutality"],"picked":"SKIP","floor":40.0},{"not_picked":["Havoc","Metallicize","Twin Strike"],"picked":"SKIP","floor":42.0},{"not_picked":["Rupture","Sever Soul+1","Armaments"],"picked":"SKIP","floor":45.0},{"not_picked":["Second Wind+1","Thunderclap+1"],"picked":"Clothesline+1","floor":47.0},{"not_picked":["Clothesline","Dual Wield","Wild Strike+1"],"picked":"SKIP","floor":48.0}],"player_experience":195808,"relics_obtained":[{"floor":9.0,"key":"Mummified Hand"},{"floor":10.0,"key":"Pantograph"},{"floor":14.0,"key":"Bronze Scales"},{"floor":23.0,"key":"Orichalcum"},{"floor":26.0,"key":"Art of War"},{"floor":29.0,"key":"Boot"},{"floor":40.0,"key":"War Paint"},{"floor":43.0,"key":"Bag of Preparation"}],"event_choices":[{"event_name":"Golden Idol","player_choice":"Take Damage","floor":3.0,"damage_taken":0.0},{"event_name":"Living Wall","player_choice":"Forget","floor":6.0,"damage_taken":0.0},{"event_name":"N\u0027loth","player_choice":"Traded a NeowsBlessing","floor":22.0,"damage_taken":0.0},{"event_name":"Falling","player_choice":"Removed Attack","floor":36.0,"damage_taken":0.0},{"event_name":"The Moai Head","player_choice":"Gave Idol","floor":38.0,"damage_taken":0.0}],"is_beta":false,"boss_relics":[{"not_picked":["Runic Pyramid","Black Blood"],"picked":"Velvet Choker"},{"not_picked":["Tiny House","Cursed Key"],"picked":"White Beast Statue"}],"items_purged_floors":[2,27,41,44],"is_endless":false,"potions_floor_spawned":[5,8,16,18,23,25,28,30,31,35,37,39,40,42,45,47,48],"ascension_level":0}