{"gold_per_floor":[115,128,5,15,15,43,43,43,43,43,43,60,74,22,22,117,117,134,134,134,34,34,64,64,78,78,104,115,115,133,148,148,248,248,265,265,277,277,2,2,20,46,72,127,127,139,153,170,170,170,170,170,71,106,106],"floor_reached":55,"playtime":1812,"items_purged":["Defend_R","Flame Barrier","Writhe"],"score":737,"play_id":"0970f6b0-f07a-4333-80a8-2ac4ee866838","local_time":"20191023163937","is_ascension_mode":false,"campfire_choices":[{"data":"Flex","floor":7.0,"key":"SMITH"},{"floor":11.0,"key":"REST"},{"data":"Flex","floor":15.0,"key":"SMITH"},{"floor":24.0,"key":"REST"},{"floor":32.0,"key":"RECALL"},{"floor":40.0,"key":"REST"},{"floor":45,"key":"REST"},{"floor":49,"key":"REST"},{"floor":52,"key":"REST"}],"neow_cost":"NONE","seed_source_timestamp":537061299432529,"circlet_count":0,"master_deck":["Strike_R","Strike_R","Strike_R","Strike_R","Bash","Thunderclap","Flex+1","Reaper","Uppercut+1","Flex+1","Berserk","Clash+1","Feed+1","Offering","Heavy Blade+1","Double Tap","Whirlwind+1","Heavy Blade+1","Heavy Blade+1"],"special_seed":0,"relics":["Burning Blood","NeowsBlessing","Dodecahedron","Molten Egg 2","MealTicket","Fusion Hammer","White Beast Statue","Shuriken","Toy Ornithopter","SacredBark","Happy Flower","Ornamental Fan","Prayer Wheel","Anchor"],"potions_floor_usage":[42,42,47,50,54,54,55,55],"damage_taken":[{"damage":0.0,"enemies":"2 Louse","floor":1.0,"turns":1.0},{"damage":0.0,"enemies":"Jaw Worm","floor":2.0,"turns":1.0},{"damage":0.0,"enemies":"Small Slimes","floor":4.0,"turns":1.0},{"damage":53.0,"enemies":"3 Sentries","floor":6.0,"turns":9.0},{"damage":11.0,"enemies":"Exordium Wildlife","floor":12.0,"turns":3.0},{"damage":14.0,"enemies":"Large Slime","floor":13.0,"turns":4.0},{"damage":44.0,"enemies":"Hexaghost","floor":16.0,"turns":8.0},{"damage":32.0,"enemies":"3 Byrds","floor":18.0,"turns":6.0},{"damage":28.0,"enemies":"Gremlin Leader","floor":23.0,"turns":5.0},{"damage":17.0,"enemies":"2 Thieves","floor":25.0,"turns":3.0},{"damage":33.0,"enemies":"Book of Stabbing","floor":27.0,"turns":4.0},{"damage":16.0,"enemies":"Snecko","floor":28.0,"turns":3.0},{"damage":0.0,"enemies":"Snake Plant","floor":30.0,"turns":1.0},{"damage":20.0,"enemies":"Cultist and Chosen","floor":31.0,"turns":3.0},{"damage":52.0,"enemies":"Automaton","floor":33.0,"turns":5.0},{"damage":21.0,"enemies":"Orb Walker","floor":35.0,"turns":2.0},{"damage":16.0,"enemies":"3 Shapes","floor":37.0,"turns":4.0},{"damage":44.0,"enemies":"Maw","floor":41.0,"turns":5.0},{"damage":18,"enemies":"Nemesis","floor":42,"turns":3},{"damage":38,"enemies":"2 Orb Walkers","floor":44,"turns":3},{"damage":23,"enemies":"3 Darklings","floor":46,"turns":3},{"damage":48,"enemies":"4 Shapes","floor":47,"turns":4},{"damage":22,"enemies":"Sphere and 2 Shapes","floor":48,"turns":2},{"damage":139,"enemies":"Time Eater","floor":50,"turns":9},{"damage":49,"enemies":"Shield and Spear","floor":54,"turns":5},{"damage":126,"enemies":"The Heart","floor":55,"turns":5}],"seed_played":"2363388790463891900","potions_obtained":[{"floor":6.0,"key":"SteroidPotion"},{"floor":23.0,"key":"SkillPotion"},{"floor":25.0,"key":"EssenceOfSteel"},{"floor":27.0,"key":"BloodPotion"},{"floor":28.0,"key":"LiquidMemories"},{"floor":30.0,"key":"DuplicationPotion"},{"floor":31.0,"key":"CultistPotion"},{"floor":33.0,"key":"Weak Potion"},{"floor":35.0,"key":"Block Potion"},{"floor":37.0,"key":"Dexterity Potion"},{"floor":41.0,"key":"PowerPotion"},{"floor":42,"key":"BloodPotion"},{"floor":44,"key":"GamblersBrew"},{"floor":47,"key":"Block Potion"},{"floor":54,"key":"AttackPotion"}],"is_trial":false,"path_per_floor":["M","M","$","M","?","E","R","?","T","?","R","M","M","$","R","B",null,"M","?","?","$","?","E","R","M","T","E","M","?","M","M","R","B",null,"M","?","M","?","$","R","M","E","T","?","R","M","M","M","R","B",null,"R","$","E","B"],"character_chosen":"IRONCLAD","items_purchased":["Flex","Flex","Happy Flower","Heavy Blade+1","LiquidBronze"],"campfire_rested":6,"item_purchase_floors":[3,14,39,53,53],"current_hp_per_floor":[80,80,80,80,73,26,26,26,26,19,43,38,42,57,57,38,80,64,64,64,79,79,58,80,83,83,75,72,72,78,88,88,63,88,82,82,86,96,96,96,80,78,78,70,96,89,65,73,104,27,104,104,104,90,0],"gold":106,"neow_bonus":"THREE_ENEMY_KILL","is_prod":false,"is_daily":false,"chose_seed":false,"campfire_upgraded":2,"win_rate":0,"timestamp":1571841577,"path_taken":["M","M","$","M","?","E","R","?","T","?","R","M","?","$","R","BOSS","M","?","?","$","?","E","R","M","T","E","M","?","?","M","R","BOSS","M","?","M","?","$","R","M","E","T","?","R","M","M","M","R","BOSS","R","$","E","BOSS"],"build_version":"2019-10-22","purchased_purges":3,"victory":false,"max_hp_per_floor":[80,80,80,80,80,80,80,80,80,80,80,80,80,80,80,80,80,80,80,80,80,80,80,80,84,84,84,84,84,84,88,88,88,88,92,92,96,96,96,96,96,96,96,96,96,100,104,104,104,104,104,104,104,108,108],"card_choices":[{"not_picked":["Shrug It Off","Perfected Strike"],"picked":"Thunderclap","floor":1.0},{"not_picked":["Iron Wave","Havoc","True Grit"],"picked":"SKIP","floor":2.0},{"not_picked":["Pommel Strike","Metallicize","Clothesline"],"picked":"SKIP","floor":4.0},{"not_picked":["True Grit","Heavy Blade"],"picked":"Reaper","floor":6.0},{"not_picked":["Reckless Charge+1","Battle Trance"],"picked":"Uppercut+1","floor":12.0},{"not_picked":["Shockwave","Hemokinesis+1","Wild Strike+1"],"picked":"SKIP","floor":13.0},{"not_picked":["Double Tap","Corruption"],"picked":"Berserk","floor":16.0},{"not_picked":["Metallicize","Warcry","Feel No Pain"],"picked":"SKIP","floor":18.0},{"not_picked":["Seeing Red","Body Slam+1"],"picked":"Feed+1","floor":23.0},{"not_picked":["Combust","Infernal Blade+1","Dark Embrace+1"],"picked":"SKIP","floor":25.0},{"not_picked":["Disarm","Sword Boomerang+1"],"picked":"Offering","floor":27.0},{"not_picked":["Body Slam+1","Blood for Blood+1"],"picked":"Heavy Blade+1","floor":28.0},{"not_picked":["Combust","Rupture","Battle Trance+1"],"picked":"SKIP","floor":30.0},{"not_picked":["Second Wind+1","Battle Trance","Combust+1"],"picked":"SKIP","floor":31.0},{"not_picked":["Offering","Immolate+1"],"picked":"Double Tap","floor":33.0},{"not_picked":["Body Slam+1","Seeing Red+1","Cleave+1"],"picked":"SKIP","floor":35.0},{"not_picked":["Anger+1","Shockwave","Cleave+1"],"picked":"SKIP","floor":37.0},{"not_picked":["Body Slam+1","Perfected Strike+1","Flex+1"],"picked":"SKIP","floor":41.0},{"not_picked":["Intimidate","Ghostly Armor","Second Wind"],"picked":"SKIP","floor":42},{"not_picked":["Searing Blow+1","Dual Wield+1","Clothesline+1"],"picked":"SKIP","floor":46},{"not_picked":["Wild Strike+1","Cleave+1","Body Slam+1"],"picked":"SKIP","floor":46},{"not_picked":["Armaments","Shrug It Off"],"picked":"Whirlwind+1","floor":47},{"not_picked":["Clash+1","Perfected Strike+1","Rupture+1"],"picked":"SKIP","floor":47},{"not_picked":["Searing Blow+1","Blood for Blood+1","Sentinel"],"picked":"SKIP","floor":48},{"not_picked":["Berserk","Perfected Strike+1","Feel No Pain"],"picked":"SKIP","floor":48},{"not_picked":["Demon Form","Feel No Pain"],"picked":"Heavy Blade+1","floor":54}],"player_experience":884280,"relics_obtained":[{"floor":6.0,"key":"Dodecahedron"},{"floor":9.0,"key":"Molten Egg 2"},{"floor":23.0,"key":"White Beast Statue"},{"floor":26.0,"key":"Shuriken"},{"floor":27.0,"key":"Toy Ornithopter"},{"floor":42,"key":"Ornamental Fan"},{"floor":44,"key":"Prayer Wheel"},{"floor":54,"key":"Anchor"}],"event_choices":[{"cards_removed":["Defend_R"],"damage_healed":0.0,"max_hp_gain":0.0,"max_hp_loss":0.0,"gold_gain":0.0,"event_name":"Golden Wing","player_choice":"Card Removal","floor":5.0,"gold_loss":0.0,"damage_taken":7.0},{"damage_healed":0.0,"max_hp_gain":0.0,"max_hp_loss":0.0,"gold_gain":0.0,"event_name":"Shining Light","player_choice":"Ignored","floor":8.0,"gold_loss":0.0,"damage_taken":0.0},{"damage_healed":0.0,"max_hp_gain":0.0,"max_hp_loss":0.0,"gold_gain":0.0,"event_name":"Scrap Ooze","player_choice":"Success","floor":10.0,"gold_loss":0.0,"damage_taken":7.0,"relics_obtained":["MealTicket"]},{"damage_healed":0.0,"max_hp_gain":0.0,"max_hp_loss":0.0,"gold_gain":0.0,"event_name":"Ghosts","player_choice":"Ignored","floor":19.0,"gold_loss":0.0,"damage_taken":0.0},{"damage_healed":0.0,"max_hp_gain":0.0,"max_hp_loss":0.0,"gold_gain":0.0,"cards_transformed":["Defend_R","Defend_R"],"event_name":"Drug Dealer","player_choice":"Became Test Subject","floor":20.0,"gold_loss":0.0,"damage_taken":0.0,"cards_obtained":["Clash","Flame Barrier"]},{"damage_healed":0.0,"max_hp_gain":0.0,"max_hp_loss":0.0,"gold_gain":0.0,"event_name":"Vampires","player_choice":"Ignored","floor":22.0,"gold_loss":0.0,"damage_taken":0.0},{"cards_removed":["Strike_R"],"damage_healed":0.0,"max_hp_gain":0.0,"max_hp_loss":0.0,"gold_gain":0.0,"event_name":"Bonfire Elementals","player_choice":"Offered Basic","floor":29.0,"gold_loss":0.0,"damage_taken":0.0},{"damage_healed":0.0,"max_hp_gain":0.0,"max_hp_loss":0.0,"gold_gain":0.0,"event_name":"SensoryStone","player_choice":"Memory 1","floor":36.0,"gold_loss":0.0,"damage_taken":0.0},{"damage_healed":24.0,"max_hp_gain":0.0,"max_hp_loss":0.0,"gold_gain":0.0,"event_name":"Winding Halls","player_choice":"Writhe","floor":38.0,"gold_loss":0.0,"damage_taken":0.0,"cards_obtained":["Writhe"]},{"damage_healed":0,"gold_gain":0,"player_choice":"Fight","damage_taken":0,"max_hp_gain":0,"max_hp_loss":0,"event_name":"Mysterious Sphere","floor":44,"gold_loss":0}],"is_beta":true,"boss_relics":[{"not_picked":["Black Star","Tiny House"],"picked":"Fusion Hammer"},{"not_picked":["Snecko Eye","Runic Pyramid"],"picked":"SacredBark"}],"items_purged_floors":[3,21,39],"is_endless":false,"potions_floor_spawned":[6,23,25,27,28,30,31,33,35,37,41,42,44,46,47,48,54],"killed_by":"The Heart","ascension_level":0}