{"gold_per_floor":[113,38,52,52,72,103,115,152,238,279,291,329,341,371,683,798,810,848,960,424,440,29,29,47,58,58,71,71,81,91,108,108,213,213,231,231,44,64,74,74,99,116,116,126,126,140,140,140,140,140],"floor_reached":50,"playtime":3793,"items_purged":["Strike_G","Regret","Strike_G","Strike_G"],"score":672,"play_id":"7f12bd91-b325-4325-adac-5af4329894e4","local_time":"20181030015009","is_ascension_mode":true,"campfire_choices":[{"data":"Neutralize","floor":7.0,"key":"SMITH"},{"floor":11.0,"key":"REST"},{"floor":15.0,"key":"DIG"},{"floor":23.0,"key":"DIG"},{"data":"Chrysalis","floor":28.0,"key":"SMITH"},{"floor":32.0,"key":"DIG"},{"data":"Envenom","floor":40.0,"key":"SMITH"},{"floor":47,"key":"DIG"},{"floor":49,"key":"REST"}],"neow_cost":"TEN_PERCENT_HP_LOSS","seed_source_timestamp":0,"circlet_count":0,"master_deck":["Defend_G","Defend_G","Defend_G","Strike_G","Survivor","Neutralize+1","Deadly Poison","Quick Slash","Deadly Poison","Dodge and Roll","Footwork+1","Masterful Stab+1","Backflip","Glass Knife+1","Backstab+1","Poisoned Stab+1","Chrysalis+1","Well Laid Plans+1","Flechettes+1","Poisoned Stab+1","Choke+1","Prepared+1","Corpse Explosion","Slice+1","Blur","Cloak And Dagger+1","Envenom+1","Deadly Poison+1","Dagger Throw+1","Clumsy","Parasite","Sucker Punch+1","Cloak And Dagger+1","Noxious Fumes"],"special_seed":0,"relics":["Ring of the Snake","Torii","MawBank","Meat on the Bone","Molten Egg 2","Shovel","Old Coin","White Beast Statue","Nunchaku","Mummified Hand","Bottled Lightning","Mango","Paper Crane","Incense Burner","Bag of Preparation","Cursed Key","Du-Vu Doll","Ninja Scroll","Dream Catcher"],"potions_floor_usage":[46,50,50],"damage_taken":[{"damage":0.0,"enemies":"2 Louse","floor":1.0,"turns":2.0},{"damage":1.0,"enemies":"Jaw Worm","floor":3.0,"turns":6.0},{"damage":2.0,"enemies":"Small Slimes","floor":5.0,"turns":3.0},{"damage":24.0,"enemies":"Gremlin Nob","floor":6.0,"turns":4.0},{"damage":17.0,"enemies":"Lagavulin","floor":8.0,"turns":6.0},{"damage":13.0,"enemies":"2 Fungi Beasts","floor":10.0,"turns":4.0},{"damage":19.0,"enemies":"Gremlin Nob","floor":12.0,"turns":4.0},{"damage":0.0,"enemies":"Blue Slaver","floor":14.0,"turns":3.0},{"damage":29.0,"enemies":"Hexaghost","floor":16.0,"turns":10.0},{"damage":14.0,"enemies":"3 Byrds","floor":18.0,"turns":6.0},{"damage":2.0,"enemies":"Colosseum Slavers","floor":19.0,"turns":5.0},{"damage":31.0,"enemies":"Colosseum Nobs","floor":19.0,"turns":7.0},{"damage":0.0,"enemies":"Spheric Guardian","floor":21.0,"turns":3.0},{"damage":23.0,"enemies":"Snecko","floor":24.0,"turns":5.0},{"damage":8.0,"enemies":"Shelled Parasite and Fungi","floor":25.0,"turns":6.0},{"damage":16.0,"enemies":"Snake Plant","floor":27.0,"turns":4.0},{"damage":1.0,"enemies":"Chosen and Byrds","floor":29.0,"turns":4.0},{"damage":2.0,"enemies":"Sentry and Sphere","floor":30.0,"turns":4.0},{"damage":7.0,"enemies":"Cultist and Chosen","floor":31.0,"turns":3.0},{"damage":27.0,"enemies":"Collector","floor":33.0,"turns":8.0},{"damage":0.0,"enemies":"Orb Walker","floor":35.0,"turns":3.0},{"damage":3.0,"enemies":"3 Shapes","floor":38.0,"turns":3.0},{"damage":0.0,"enemies":"Maw","floor":39.0,"turns":5.0},{"damage":10.0,"enemies":"Giant Head","floor":41.0,"turns":6.0},{"damage":0.0,"enemies":"3 Darklings","floor":42.0,"turns":2.0},{"damage":10.0,"enemies":"Writhing Mass","floor":44.0,"turns":3.0},{"damage":12,"enemies":"Maw","floor":46,"turns":5},{"damage":79,"enemies":"Time Eater","floor":50,"turns":6}],"seed_played":"4791020493746277602","potions_obtained":[{"floor":3.0,"key":"GamblersBrew"},{"floor":5.0,"key":"AttackPotion"},{"floor":12.0,"key":"GamblersBrew"},{"floor":14.0,"key":"AttackPotion"},{"floor":16.0,"key":"GamblersBrew"},{"floor":18.0,"key":"GamblersBrew"},{"floor":19.0,"key":"Energy Potion"},{"floor":21.0,"key":"FearPotion"},{"floor":24.0,"key":"FearPotion"},{"floor":25.0,"key":"Regen Potion"},{"floor":27.0,"key":"GamblersBrew"},{"floor":29.0,"key":"FearPotion"},{"floor":30.0,"key":"Poison Potion"},{"floor":31.0,"key":"AttackPotion"},{"floor":33.0,"key":"Block Potion"},{"floor":35.0,"key":"FearPotion"},{"floor":38.0,"key":"Regen Potion"},{"floor":41.0,"key":"EntropicBrew"},{"floor":42.0,"key":"SpeedPotion"},{"floor":44.0,"key":"Swift Potion"},{"floor":46,"key":"AttackPotion"}],"is_trial":false,"path_per_floor":["M","$","M","?","M","E","R","E","T","M","R","E","?","M","R","B",null,"M","?","$","M","$","R","M","M","T","M","R","M","M","M","R","B",null,"M","?","$","M","M","R","E","M","T","M","?","M","R","?","R"],"character_chosen":"THE_SILENT","items_purchased":["Chrysalis","Bottled Lightning","Mango","Blur"],"campfire_rested":2,"item_purchase_floors":[20,20,22,37],"current_hp_per_floor":[63,63,62,62,60,36,36,19,19,18,36,29,29,41,41,24,53,39,18,18,30,44,44,33,37,37,33,33,44,42,47,47,32,66,66,66,66,63,63,63,53,63,63,53,53,41,41,41,64,0],"gold":140,"neow_bonus":"REMOVE_TWO","is_prod":false,"is_daily":false,"chose_seed":false,"campfire_upgraded":3,"win_rate":0,"timestamp":1540835409,"path_taken":["M","$","M","?","M","E","R","E","T","M","R","E","?","M","R","BOSS","M","?","?","M","$","R","M","M","T","M","R","M","M","M","R","BOSS","M","?","$","M","M","R","E","M","T","M","?","M","R","?","R","BOSS"],"build_version":"2018-10-25v2","purchased_purges":4,"victory":false,"max_hp_per_floor":[63,63,63,63,63,63,63,63,63,63,63,63,63,63,63,63,63,63,63,63,63,77,77,77,77,77,77,77,77,77,77,77,77,77,77,77,77,77,77,77,77,77,77,77,77,77,77,77,77,77],"card_choices":[{"not_picked":["Acrobatics","Outmaneuver"],"picked":"Deadly Poison","floor":1.0},{"not_picked":["Prepared","Flying Knee"],"picked":"Quick Slash","floor":3.0},{"not_picked":["Concentrate","Predator"],"picked":"Deadly Poison","floor":5.0},{"not_picked":["Doppelganger","Backflip"],"picked":"Dodge and Roll","floor":6.0},{"not_picked":["Dodge and Roll","Concentrate"],"picked":"Deflect","floor":8.0},{"not_picked":["Cloak And Dagger","Quick Slash+1"],"picked":"Footwork","floor":10.0},{"not_picked":["Dodge and Roll","Finisher+1"],"picked":"Masterful Stab+1","floor":12.0},{"not_picked":["Blade Dance","Expertise"],"picked":"Backflip","floor":14.0},{"not_picked":["Phantasmal Killer","Burst"],"picked":"Glass Knife+1","floor":16.0},{"not_picked":["Flying Knee+1","Choke+1"],"picked":"Backstab+1","floor":18.0},{"not_picked":["Predator+1","Well Laid Plans"],"picked":"Poisoned Stab+1","floor":19.0},{"not_picked":["Predator+1","Infinite Blades"],"picked":"Well Laid Plans+1","floor":21.0},{"not_picked":["All Out Attack+1","Accuracy","Masterful Stab+1"],"picked":"SKIP","floor":24.0},{"not_picked":["Dagger Throw+1","Dodge and Roll+1"],"picked":"Flechettes+1","floor":25.0},{"not_picked":["Slice+1","Underhanded Strike+1"],"picked":"Poisoned Stab+1","floor":27.0},{"not_picked":["Flechettes+1","Deflect+1"],"picked":"Choke+1","floor":29.0},{"not_picked":["All Out Attack+1","Deflect"],"picked":"Prepared+1","floor":30.0},{"not_picked":["Underhanded Strike+1","Dodge and Roll","Reflex"],"picked":"SKIP","floor":31.0},{"not_picked":["Glass Knife+1","Venomology"],"picked":"Corpse Explosion","floor":33.0},{"not_picked":["Dagger Spray+1","Prepared","Sucker Punch+1"],"picked":"SKIP","floor":35.0},{"not_picked":["Sucker Punch+1","Dagger Spray+1"],"picked":"Cloak And Dagger+1","floor":38.0},{"not_picked":["Finisher+1","Eviscerate+1"],"picked":"Envenom","floor":39.0},{"not_picked":["Flying Knee+1","PiercingWail"],"picked":"Deadly Poison+1","floor":41.0},{"not_picked":["Backflip+1","Predator+1"],"picked":"Dagger Throw+1","floor":42.0},{"not_picked":["Predator+1","Blade Dance+1"],"picked":"Sucker Punch+1","floor":44.0},{"not_picked":["Slice+1","All Out Attack+1"],"picked":"Cloak And Dagger+1","floor":46},{"not_picked":["Dagger Throw+1","Underhanded Strike+1"],"picked":"Noxious Fumes","floor":49}],"player_experience":368982,"relics_obtained":[{"floor":6.0,"key":"MawBank"},{"floor":8.0,"key":"Meat on the Bone"},{"floor":9.0,"key":"Molten Egg 2"},{"floor":12.0,"key":"Shovel"},{"floor":15.0,"key":"Old Coin"},{"floor":19.0,"key":"Nunchaku"},{"floor":19.0,"key":"Mummified Hand"},{"floor":23.0,"key":"Paper Crane"},{"floor":26.0,"key":"Incense Burner"},{"floor":32.0,"key":"Bag of Preparation"},{"floor":41.0,"key":"Du-Vu Doll"},{"floor":43.0,"key":"Ninja Scroll"},{"floor":47,"key":"Dream Catcher"}],"event_choices":[{"damage_healed":0.0,"max_hp_gain":0.0,"max_hp_loss":0.0,"gold_gain":0.0,"event_name":"Big Fish","player_choice":"Box","floor":4.0,"gold_loss":0.0,"damage_taken":0.0,"relics_obtained":["Torii"],"cards_obtained":["Regret"]},{"damage_healed":0.0,"max_hp_gain":0.0,"max_hp_loss":0.0,"gold_gain":0.0,"event_name":"Shining Light","player_choice":"Ignored","floor":13.0,"gold_loss":0.0,"damage_taken":0.0},{"damage_healed":0.0,"max_hp_gain":0.0,"max_hp_loss":0.0,"gold_gain":0.0,"event_name":"Colosseum","player_choice":"Fight","floor":19.0,"gold_loss":0.0,"damage_taken":0.0},{"damage_healed":0.0,"max_hp_gain":0.0,"max_hp_loss":0.0,"gold_gain":0.0,"event_name":"Colosseum","player_choice":"Fought Nobs","floor":19.0,"gold_loss":0.0,"damage_taken":0.0},{"damage_healed":0.0,"max_hp_gain":0.0,"max_hp_loss":0.0,"gold_gain":0.0,"cards_transformed":["Defend_G"],"event_name":"Transmorgrifier","player_choice":"Transformed","floor":36.0,"gold_loss":0.0,"damage_taken":0.0,"cards_obtained":["Slice"]},{"cards_removed":["Deflect"],"damage_healed":0.0,"max_hp_gain":0.0,"max_hp_loss":0.0,"gold_gain":0.0,"event_name":"Falling","player_choice":"Removed Skill","floor":45.0,"gold_loss":0.0,"damage_taken":0.0},{"damage_healed":0,"gold_gain":0,"player_choice":"Forge","damage_taken":0,"max_hp_gain":0,"max_hp_loss":0,"event_name":"Accursed Blacksmith","floor":48,"gold_loss":0,"cards_upgraded":["Footwork"]}],"is_beta":false,"boss_relics":[{"not_picked":["WristBlade","Astrolabe"],"picked":"White Beast Statue"},{"not_picked":["Eternal Feather","Tiny House"],"picked":"Cursed Key"}],"items_purged_floors":[2,20,22,37],"is_endless":false,"potions_floor_spawned":[3,5,12,14,16,18,19,19,21,24,25,27,29,30,31,33,35,38,39,41,42,44,46],"killed_by":"Time Eater","ascension_level":6}