{"gold_per_floor":[99,99,24,24,24,24,24,24,24,24,24,24,24,24,24,24,24,24,24,24,24,24,24,24,24,24,24,24,24,24,24,24,24,24,24,24,24,24,24,24,24,24,24,24,24,24,24,24,24,24],"floor_reached":51,"playtime":2028,"items_purged":["Strike_P"],"score":1367,"play_id":"12b303f3-67ff-401c-8c72-5113a234be09","local_time":"20191020181807","is_ascension_mode":true,"campfire_choices":[{"data":"Eruption","floor":6.0,"key":"SMITH"},{"data":"Ragnarok","floor":12.0,"key":"SMITH"},{"data":"Consecrate","floor":15.0,"key":"SMITH"},{"floor":28.0,"key":"REST"},{"data":"Ragnarok","floor":32.0,"key":"SMITH"},{"data":"Ragnarok","floor":40,"key":"SMITH"},{"data":"1","floor":45,"key":"LIFT"},{"data":"2","floor":49,"key":"LIFT"}],"neow_cost":"NONE","seed_source_timestamp":17555950482469,"circlet_count":0,"master_deck":["AscendersBane","Strike_P","Strike_P","Strike_P","Defend_P","Defend_P","Defend_P","Defend_P","Eruption+1","Vigilance","Consecrate+1","CutThroughFate","Ragnarok+1","Consecrate","ThirdEye","Ragnarok+1","Necronomicurse","Swivel","Ragnarok+1","CurseOfTheBell","WheelKick+1"],"special_seed":0,"relics":["Ectoplasm","Gremlin Horn","Bag of Preparation","Ginger","Bird Faced Urn","Snecko Eye","Necronomicon","Calipers","Girya","FossilizedHelix","CloakClasp","Pen Nib","Calling Bell","Centennial Puzzle","Mummified Hand","Du-Vu Doll","Incense Burner","The Courier","Juzu Bracelet","Yang"],"potions_floor_usage":[37,50,50,50],"damage_taken":[{"damage":0.0,"enemies":"Small Slimes","floor":1.0,"turns":5.0},{"damage":0.0,"enemies":"Cultist","floor":4.0,"turns":2.0},{"damage":3.0,"enemies":"2 Louse","floor":5.0,"turns":2.0},{"damage":0.0,"enemies":"3 Sentries","floor":7.0,"turns":2.0},{"damage":2.0,"enemies":"Exordium Wildlife","floor":11.0,"turns":4.0},{"damage":0.0,"enemies":"Blue Slaver","floor":13.0,"turns":2.0},{"damage":0.0,"enemies":"Lagavulin","floor":14.0,"turns":4.0},{"damage":32.0,"enemies":"The Guardian","floor":16.0,"turns":5.0},{"damage":0.0,"enemies":"3 Byrds","floor":18.0,"turns":3.0},{"damage":0.0,"enemies":"Spheric Guardian","floor":21.0,"turns":1.0},{"damage":18.0,"enemies":"Slavers","floor":23.0,"turns":2.0},{"damage":3.0,"enemies":"Book of Stabbing","floor":25.0,"turns":2.0},{"damage":0.0,"enemies":"Centurion and Healer","floor":29.0,"turns":2.0},{"damage":0.0,"enemies":"Slavers","floor":31.0,"turns":2.0},{"damage":8.0,"enemies":"Automaton","floor":33.0,"turns":4.0},{"damage":0.0,"enemies":"3 Darklings","floor":35.0,"turns":2.0},{"damage":0.0,"enemies":"3 Shapes","floor":36.0,"turns":1.0},{"damage":0,"enemies":"2 Orb Walkers","floor":37,"turns":1},{"damage":0,"enemies":"Transient","floor":38,"turns":4},{"damage":0,"enemies":"3 Darklings","floor":39,"turns":1},{"damage":0,"enemies":"Jaw Worm Horde","floor":41,"turns":2},{"damage":0,"enemies":"Nemesis","floor":42,"turns":1},{"damage":0,"enemies":"Giant Head","floor":47,"turns":3},{"damage":0,"enemies":"Awakened One","floor":50,"turns":5}],"seed_played":"-3828736050061740472","potions_obtained":[{"floor":7.0,"key":"DuplicationPotion"},{"floor":11.0,"key":"Dexterity Potion"},{"floor":14.0,"key":"Regen Potion"},{"floor":18.0,"key":"AttackPotion"},{"floor":31.0,"key":"LiquidBronze"},{"floor":33.0,"key":"Strength Potion"},{"floor":37,"key":"SkillPotion"},{"floor":42,"key":"PowerPotion"},{"floor":47,"key":"CultistPotion"}],"is_trial":false,"path_per_floor":["M","?","$","M","M","R","?","T","T","$","M","R","M","E","R","B",null,"M","?","?","M","$","E","?","E","T","$","R","M","?","E","R","B",null,"M","M","?","M","M","R","M","E","T","?","R","?","E","?","R","B",null],"character_chosen":"WATCHER","items_purchased":[],"campfire_rested":1,"item_purchase_floors":[],"current_hp_per_floor":[65,65,65,65,62,62,62,62,62,62,60,60,60,60,60,28,61,61,48,32,32,32,14,14,16,16,16,39,39,64,64,64,56,76,76,76,76,76,76,76,76,76,76,76,76,77,77,77,77,77],"gold":24,"neow_bonus":"BOSS_RELIC","is_prod":false,"is_daily":false,"chose_seed":false,"campfire_upgraded":5,"win_rate":0,"timestamp":1571563087,"path_taken":["M","?","$","M","?","R","?","?","T","?","M","R","M","E","R","BOSS","M","?","?","M","?","E","?","E","T","?","R","?","?","E","R","BOSS","M","M","?","M","M","R","M","E","T","?","R","?","E","?","R","BOSS"],"build_version":"2019-10-18","purchased_purges":1,"victory":true,"max_hp_per_floor":[72,72,72,72,72,72,72,72,72,72,72,72,72,72,72,72,72,72,77,77,77,77,77,77,77,77,77,77,77,77,77,77,77,77,77,77,77,77,77,77,77,77,77,77,77,77,77,77,77,77],"card_choices":[{"not_picked":["FlyingSleeves","InnerPeace"],"picked":"Consecrate","floor":1.0},{"not_picked":["WindmillStrike","Protect"],"picked":"Consecrate","floor":4.0},{"not_picked":["Sanctity","BowlingBash","CutThroughFate"],"picked":"SKIP","floor":5.0},{"not_picked":["DeceiveReality","Prostrate"],"picked":"ThirdEye","floor":7.0},{"not_picked":["WindmillStrike","EmptyBody","BowlingBash"],"picked":"SKIP","floor":11.0},{"not_picked":["Fasting2","InnerPeace","Conclude"],"picked":"SKIP","floor":13.0},{"not_picked":["Establishment","ThirdEye","CrushJoints"],"picked":"SKIP","floor":14.0},{"not_picked":["DeusExMachina","Brilliance"],"picked":"Ragnarok","floor":16.0},{"not_picked":["PathToVictory","FlurryOfBlows","Prostrate+1"],"picked":"SKIP","floor":18.0},{"not_picked":["BowlingBash","SashWhip+1"],"picked":"Swivel","floor":21.0},{"not_picked":["FlyingSleeves","Crescendo","ReachHeaven+1"],"picked":"SKIP","floor":23.0},{"not_picked":["FlyingSleeves","Crescendo","ReachHeaven+1"],"picked":"SKIP","floor":23.0},{"not_picked":["Devotion","ClearTheMind+1","Weave+1"],"picked":"SKIP","floor":25.0},{"not_picked":["FlurryOfBlows","ClearTheMind","Halt"],"picked":"SKIP","floor":29.0},{"not_picked":["CutThroughFate+1","Nirvana","Establishment"],"picked":"SKIP","floor":31.0},{"not_picked":["Brilliance","MasterReality"],"picked":"Ragnarok","floor":33.0},{"not_picked":["Pray","ClearTheMind","SpiritShield+1"],"picked":"SKIP","floor":35.0},{"not_picked":["Sanctity","CutThroughFate+1","CrushJoints"],"picked":"SKIP","floor":36.0},{"not_picked":["Crescendo","FlyingSleeves+1","EmptyFist+1"],"picked":"SKIP","floor":38},{"not_picked":["Worship","BowlingBash","Study"],"picked":"SKIP","floor":39},{"not_picked":["FollowUp+1","Establishment","Prostrate+1"],"picked":"SKIP","floor":41},{"not_picked":["SandsOfTime","JustLucky"],"picked":"WheelKick+1","floor":42},{"not_picked":["WheelKick","Collect","Protect"],"picked":"SKIP","floor":47}],"player_experience":608470,"relics_obtained":[{"floor":8.0,"key":"Bag of Preparation"},{"floor":9.0,"key":"Ginger"},{"floor":14.0,"key":"Bird Faced Urn"},{"floor":20.0,"key":"Necronomicon"},{"floor":23.0,"key":"Calipers"},{"floor":25.0,"key":"FossilizedHelix"},{"floor":26.0,"key":"CloakClasp"},{"floor":31.0,"key":"Pen Nib"},{"floor":34.0,"key":"Centennial Puzzle"},{"floor":34.0,"key":"Mummified Hand"},{"floor":34.0,"key":"Du-Vu Doll"},{"floor":37,"key":"Incense Burner"},{"floor":42,"key":"The Courier"},{"floor":43,"key":"Juzu Bracelet"},{"floor":47,"key":"Yang"}],"event_choices":[{"damage_healed":0.0,"max_hp_gain":0.0,"max_hp_loss":0.0,"gold_gain":0.0,"event_name":"Match and Keep!","player_choice":"2 cards matched","floor":2.0,"gold_loss":0.0,"damage_taken":0.0,"cards_obtained":["CutThroughFate","Ragnarok"]},{"damage_healed":0.0,"max_hp_gain":0.0,"max_hp_loss":0.0,"gold_gain":0.0,"event_name":"Dead Adventurer","player_choice":"Searched \u00273\u0027 times","floor":7.0,"gold_loss":0.0,"damage_taken":0.0,"relics_obtained":["Gremlin Horn"]},{"damage_healed":0.0,"max_hp_gain":5.0,"max_hp_loss":0.0,"gold_gain":0.0,"event_name":"Forgotten Altar","player_choice":"Shed Blood","floor":19.0,"gold_loss":0.0,"damage_taken":18.0},{"damage_healed":0.0,"max_hp_gain":0.0,"max_hp_loss":0.0,"gold_gain":0.0,"event_name":"Cursed Tome","player_choice":"Obtained Book","floor":20.0,"gold_loss":0.0,"damage_taken":16.0},{"damage_healed":0.0,"max_hp_gain":0.0,"max_hp_loss":0.0,"gold_gain":0.0,"event_name":"Addict","player_choice":"Stole Relic","floor":24.0,"gold_loss":0.0,"damage_taken":0.0,"relics_obtained":["Girya"],"cards_obtained":["Shame"]},{"damage_healed":25.0,"max_hp_gain":0.0,"max_hp_loss":0.0,"gold_gain":0.0,"event_name":"The Library","player_choice":"Heal","floor":30.0,"gold_loss":0.0,"damage_taken":0.0},{"damage_healed":0,"gold_gain":0,"player_choice":"Fight","damage_taken":0,"max_hp_gain":0,"max_hp_loss":0,"event_name":"Mysterious Sphere","floor":37,"gold_loss":0},{"damage_healed":0,"gold_gain":0,"player_choice":"Got Potions","damage_taken":0,"max_hp_gain":0,"max_hp_loss":0,"event_name":"Lab","floor":44,"gold_loss":0},{"damage_healed":19,"gold_gain":0,"player_choice":"Writhe","damage_taken":0,"max_hp_gain":0,"max_hp_loss":0,"event_name":"Winding Halls","floor":46,"gold_loss":0,"cards_obtained":["Writhe"]},{"cards_removed":["Writhe","Shame"],"damage_healed":0,"gold_gain":0,"player_choice":"Removed Curses","damage_taken":0,"max_hp_gain":0,"max_hp_loss":0,"event_name":"Fountain of Cleansing","floor":48,"gold_loss":0}],"is_beta":true,"boss_relics":[{"not_picked":["Busted Crown","Empty Cage"],"picked":"Snecko Eye"},{"not_picked":["Coffee Dripper","Tiny House"],"picked":"Calling Bell"}],"items_purged_floors":[3],"is_endless":false,"potions_floor_spawned":[7,11,14,18,31,33,37,42,47],"ascension_level":10}