{"gold_per_floor":[116,136,146,71,146,179,179,279,304,315,340,360,360,115,115,217,217,232,232,232,107,118,118,138,138],"floor_reached":25,"playtime":1013,"items_purged":["Defend_P","Strike_P","Defend_P"],"score":329,"play_id":"490075fc-f54b-46df-8d97-631707f88b47","local_time":"20190927233919","is_ascension_mode":true,"campfire_choices":[{"data":"Eruption","floor":7.0,"key":"SMITH"},{"data":"Vigilance","floor":13.0,"key":"SMITH"},{"data":"BattleHymn","floor":15.0,"key":"SMITH"},{"data":"Worship","floor":23,"key":"SMITH"}],"neow_cost":"NONE","seed_source_timestamp":628940161736,"circlet_count":0,"master_deck":["Strike_P","Strike_P","Defend_P","Defend_P","Eruption+1","Vigilance+1","BattleHymn+1","Protect","Worship+1","TalkToTheHand+1","EmptyFist+1"],"special_seed":0,"relics":["Velvet Choker","Toy Ornithopter","Oddly Smooth Stone","Ice Cream","Lee\u0027s Waffle","VioletLotus"],"potions_floor_usage":[25],"damage_taken":[{"damage":0.0,"enemies":"Cultist","floor":1.0,"turns":4.0},{"damage":2.0,"enemies":"Jaw Worm","floor":2.0,"turns":4.0},{"damage":0.0,"enemies":"2 Louse","floor":3.0,"turns":2.0},{"damage":0.0,"enemies":"Gremlin Nob","floor":6.0,"turns":2.0},{"damage":7.0,"enemies":"Blue Slaver","floor":10.0,"turns":3.0},{"damage":26.0,"enemies":"Lagavulin","floor":11.0,"turns":5.0},{"damage":10.0,"enemies":"Exordium Thugs","floor":12.0,"turns":3.0},{"damage":0.0,"enemies":"Slime Boss","floor":16.0,"turns":3.0},{"damage":18,"enemies":"3 Byrds","floor":18,"turns":4},{"damage":5,"enemies":"2 Thieves","floor":22,"turns":4},{"damage":16,"enemies":"Snake Plant","floor":24,"turns":4},{"damage":37,"enemies":"Slavers","floor":25,"turns":3}],"seed_played":"-424011906728474895","potions_obtained":[{"floor":3.0,"key":"AttackPotion"},{"floor":10.0,"key":"LiquidBronze"},{"floor":12.0,"key":"SpeedPotion"},{"floor":22,"key":"GamblersBrew"}],"is_trial":false,"path_per_floor":["M","M","M","$","?","E","R","?","T","M","E","M","R","$","R","B",null,"M","?","?","$","M","R","M","E"],"character_chosen":"WATCHER","items_purchased":["Lee\u0027s Waffle"],"campfire_rested":0,"item_purchase_floors":[14],"current_hp_per_floor":[72,70,70,70,59,59,59,59,59,52,26,16,16,79,79,79,79,61,46,46,46,41,41,25,0],"gold":138,"neow_bonus":"BOSS_RELIC","is_prod":false,"is_daily":false,"chose_seed":false,"campfire_upgraded":4,"win_rate":0,"timestamp":1569595159,"path_taken":["M","M","M","$","?","E","R","?","T","M","E","?","R","?","R","BOSS","BOSS","M","?","?","$","M","R","M","E"],"build_version":"2019-09-26","purchased_purges":3,"victory":false,"max_hp_per_floor":[72,72,72,72,72,72,72,72,72,72,72,72,72,79,79,79,79,79,84,84,84,84,84,84,84],"card_choices":[{"not_picked":["EmptyBody","Devotion"],"picked":"BattleHymn","floor":1.0},{"not_picked":["Weave","CrushJoints","FlurryOfBlows"],"picked":"SKIP","floor":2.0},{"not_picked":["Collect","Indignation","Prostrate"],"picked":"SKIP","floor":3.0},{"not_picked":["Prostrate","FollowUp","Sanctity"],"picked":"SKIP","floor":6.0},{"not_picked":["Consecrate","FollowUp"],"picked":"Protect","floor":10.0},{"not_picked":["Scrawl","Consecrate"],"picked":"Worship","floor":11.0},{"not_picked":["FollowUp","PathToVictory","Meditate"],"picked":"SKIP","floor":12.0},{"not_picked":["BattleHymn","CrushJoints"],"picked":"TalkToTheHand+1","floor":18},{"not_picked":["Fasting","CrushJoints"],"picked":"EmptyFist+1","floor":22},{"not_picked":["Crescendo+1","Consecrate","Fasting"],"picked":"SKIP","floor":24}],"player_experience":554150,"relics_obtained":[{"floor":6.0,"key":"Toy Ornithopter"},{"floor":9.0,"key":"Oddly Smooth Stone"},{"floor":11.0,"key":"Ice Cream"}],"event_choices":[{"damage_healed":0.0,"max_hp_gain":0.0,"max_hp_loss":0.0,"gold_gain":75.0,"event_name":"World of Goop","player_choice":"Gather Gold","floor":5.0,"gold_loss":0.0,"damage_taken":11.0},{"damage_healed":0.0,"max_hp_gain":0.0,"max_hp_loss":0.0,"gold_gain":100.0,"event_name":"Golden Shrine","player_choice":"Pray","floor":8.0,"gold_loss":0.0,"damage_taken":0.0},{"damage_healed":0,"gold_gain":0,"player_choice":"Shed Blood","damage_taken":20,"max_hp_gain":5,"max_hp_loss":0,"event_name":"Forgotten Altar","floor":19,"gold_loss":0},{"cards_removed":["Strike_P"],"damage_healed":0,"gold_gain":0,"player_choice":"Elegance","damage_taken":0,"max_hp_gain":0,"max_hp_loss":0,"event_name":"Back to Basics","floor":20,"gold_loss":0}],"is_beta":true,"boss_relics":[{"not_picked":["Astrolabe","Runic Dome"],"picked":"VioletLotus"}],"items_purged_floors":[4,14,21],"is_endless":false,"potions_floor_spawned":[3,10,12,22],"killed_by":"Slavers","ascension_level":3}