{"gold_per_floor":[114,264,264,283,128,128,158,177,223,298,318,318,332,347,347,347],"floor_reached":16,"playtime":422,"items_purged":["Strike_B"],"score":248,"play_id":"1abdfeab-9715-4929-ad6b-722e9a43ce1d","local_time":"20181031142015","is_ascension_mode":true,"campfire_choices":[{"data":"Streamline","floor":6,"key":"SMITH"},{"data":"White Noise","floor":12,"key":"SMITH"},{"data":"Capacitor","floor":15,"key":"SMITH"}],"neow_cost":"NONE","seed_source_timestamp":274702256273775,"circlet_count":0,"master_deck":["Strike_B","Strike_B","Strike_B","Defend_B","Defend_B","Defend_B","Defend_B","Zap","Dualcast","AscendersBane","Hologram","Streamline+1","Capacitor+1","Hologram","Conserve Battery","White Noise+1","Steam","Doom and Gloom"],"relics":["Cracked Core","NeowsBlessing","Vajra","Dream Catcher"],"potions_floor_usage":[],"damage_taken":[{"damage":0,"enemies":"Small Slimes","floor":1,"turns":1},{"damage":0,"enemies":"2 Louse","floor":4,"turns":1},{"damage":0,"enemies":"Gremlin Nob","floor":7,"turns":1},{"damage":7,"enemies":"Jaw Worm","floor":8,"turns":2},{"damage":11,"enemies":"Lots of Slimes","floor":11,"turns":3},{"damage":2,"enemies":"Red Slaver","floor":13,"turns":4},{"damage":0,"enemies":"Exordium Wildlife","floor":14,"turns":2},{"damage":8,"enemies":"Hexaghost","floor":16,"turns":4}],"seed_played":"3597407254543933887","potions_obtained":[{"floor":7,"key":"FearPotion"},{"floor":8,"key":"Regen Potion"},{"floor":11,"key":"EssenceOfSteel"},{"floor":14,"key":"FocusPotion"}],"is_trial":false,"path_per_floor":["M","?","?","M","$","R","E","M","T","?","M","R","M","M","R","B"],"character_chosen":"DEFECT","items_purchased":["Capacitor"],"campfire_rested":0,"item_purchase_floors":[5],"current_hp_per_floor":[64,64,64,64,64,64,64,57,57,46,35,35,33,33,33,25],"gold":347,"neow_bonus":"THREE_ENEMY_KILL","is_prod":false,"is_daily":false,"chose_seed":false,"campfire_upgraded":3,"win_rate":0,"timestamp":1540992015,"path_taken":["M","?","?","M","$","R","E","M","T","?","M","R","M","M","R","BOSS"],"build_version":"2018-10-30","purchased_purges":1,"victory":false,"max_hp_per_floor":[71,71,71,71,71,71,71,71,71,71,71,71,71,71,71,71],"card_choices":[{"not_picked":["Scrape","Beam Cell"],"picked":"Hologram","floor":1},{"not_picked":["Sunder","Cold Snap"],"picked":"Streamline","floor":4},{"not_picked":["Auto Shields","Ball Lightning"],"picked":"Hologram","floor":7},{"not_picked":["Compile Driver","Cold Snap"],"picked":"Conserve Battery","floor":8},{"not_picked":["Cold Snap","Ball Lightning"],"picked":"White Noise","floor":11},{"not_picked":["Leap","Biased Cognition"],"picked":"Steam","floor":13},{"not_picked":["Beam Cell","Cold Snap"],"picked":"Doom and Gloom","floor":14}],"player_experience":730924,"relics_obtained":[{"floor":7,"key":"Vajra"},{"floor":9,"key":"Dream Catcher"}],"event_choices":[{"damage_healed":0,"gold_gain":150,"player_choice":"AGREE","damage_taken":0,"max_hp_gain":0,"max_hp_loss":0,"event_name":"Liars Game","floor":2,"gold_loss":0,"cards_obtained":["Doubt"]},{"cards_removed":["Doubt"],"damage_healed":0,"gold_gain":0,"player_choice":"Forget","damage_taken":0,"max_hp_gain":0,"max_hp_loss":0,"event_name":"Living Wall","floor":3,"gold_loss":0},{"damage_healed":0,"gold_gain":75,"player_choice":"Gather Gold","damage_taken":11,"max_hp_gain":0,"max_hp_loss":0,"event_name":"World of Goop","floor":10,"gold_loss":0}],"is_beta":true,"boss_relics":[],"items_purged_floors":[5],"is_endless":false,"potions_floor_spawned":[7,8,11,14],"killed_by":"Hexaghost","ascension_level":19}