{"gold_per_floor":[110,125,145,158,174,174,188,188,211,230,230,230,3,21,21,118,118,135,35,0,0,0,0,0,17,43,55,55,55,122,27,27,27],"floor_reached":33,"playtime":1104,"items_purged":["Normality","Strike_G"],"score":359,"play_id":"0be438a9-5576-4e06-bad7-a99fd9d200b1","local_time":"20191022160312","is_ascension_mode":true,"campfire_choices":[{"data":"Blade Dance","floor":6.0,"key":"SMITH"},{"data":"Cloak And Dagger","floor":8.0,"key":"SMITH"},{"data":"Choke","floor":12.0,"key":"SMITH"},{"data":"Finisher","floor":15.0,"key":"SMITH"},{"data":"A Thousand Cuts","floor":23,"key":"SMITH"},{"floor":29,"key":"REST"},{"floor":32,"key":"REST"}],"neow_cost":"NONE","seed_source_timestamp":6612770705669,"circlet_count":0,"master_deck":["AscendersBane","Strike_G","Defend_G","Defend_G","Defend_G","Defend_G","Defend_G","Survivor","Neutralize","Choke+1","Blade Dance+1","Cloak And Dagger+1","Slice","Backflip","Deflect","Finisher+1","Storm of Steel","Deflect","A Thousand Cuts+1","Backflip","Decay","Leg Sweep","Leg Sweep","Blade Dance","Regret","Cloak And Dagger","Mind Blast"],"special_seed":0,"relics":["Cursed Key","Bag of Marbles","Chemical X","Philosopher\u0027s Stone","Question Card","Boot","SsserpentHead"],"potions_floor_usage":[33,33],"damage_taken":[{"damage":10.0,"enemies":"Cultist","floor":1.0,"turns":5.0},{"damage":0.0,"enemies":"Small Slimes","floor":2.0,"turns":3.0},{"damage":0.0,"enemies":"Jaw Worm","floor":3.0,"turns":3.0},{"damage":1.0,"enemies":"3 Louse","floor":4.0,"turns":2.0},{"damage":1.0,"enemies":"2 Fungi Beasts","floor":5.0,"turns":2.0},{"damage":3.0,"enemies":"Exordium Thugs","floor":7.0,"turns":3.0},{"damage":5.0,"enemies":"Looter","floor":10.0,"turns":3.0},{"damage":0.0,"enemies":"Red Slaver","floor":14.0,"turns":2.0},{"damage":36.0,"enemies":"Hexaghost","floor":16.0,"turns":12.0},{"damage":28.0,"enemies":"3 Byrds","floor":18.0,"turns":5.0},{"damage":7,"enemies":"Shell Parasite","floor":25,"turns":5},{"damage":15,"enemies":"Centurion and Healer","floor":27,"turns":5},{"damage":11,"enemies":"Shelled Parasite and Fungi","floor":30,"turns":5},{"damage":45,"enemies":"Collector","floor":33,"turns":6}],"seed_played":"3826507931796677099","potions_obtained":[{"floor":1.0,"key":"Energy Potion"},{"floor":3.0,"key":"AttackPotion"},{"floor":16.0,"key":"FearPotion"},{"floor":18.0,"key":"SpeedPotion"},{"floor":27,"key":"LiquidMemories"}],"is_trial":false,"path_per_floor":["M","M","M","M","M","R","M","R","T","M","?","R","$","M","R","B",null,"M","$","?","T","?","R","$","M","T","M","?","R","M","$","R","B"],"character_chosen":"THE_SILENT","items_purchased":["Chemical X","Mind Blast"],"campfire_rested":2,"item_purchase_floors":[13,31],"current_hp_per_floor":[53,53,53,52,51,51,48,48,48,43,43,43,43,43,43,7,54,26,26,26,26,26,26,26,19,19,4,4,25,14,14,35,0],"gold":27,"neow_bonus":"BOSS_RELIC","is_prod":false,"is_daily":false,"chose_seed":false,"campfire_upgraded":5,"win_rate":0,"timestamp":1571727792,"path_taken":["M","M","?","M","M","R","M","R","T","M","?","R","$","M","R","BOSS","M","$","?","?","?","R","$","M","T","M","?","R","?","$","R","BOSS"],"build_version":"2019-10-21","purchased_purges":2,"victory":false,"max_hp_per_floor":[70,70,70,70,70,70,70,70,70,70,70,70,70,70,70,70,70,70,70,70,70,70,70,70,70,70,70,70,70,70,70,70,70],"card_choices":[{"not_picked":["Finisher","Expertise"],"picked":"Choke","floor":1.0},{"not_picked":["Underhanded Strike","Dodge and Roll"],"picked":"Blade Dance","floor":2.0},{"not_picked":["Outmaneuver","Bane"],"picked":"Cloak And Dagger","floor":3.0},{"not_picked":["Outmaneuver","Backflip"],"picked":"Slice","floor":4.0},{"not_picked":["PiercingWail","Dodge and Roll"],"picked":"Backflip","floor":5.0},{"not_picked":["Endless Agony","Riddle With Holes"],"picked":"Deflect","floor":7.0},{"not_picked":["Noxious Fumes","Catalyst"],"picked":"Finisher","floor":10.0},{"not_picked":["Poisoned Stab","Concentrate"],"picked":"Deflect","floor":14.0},{"not_picked":["Tools of the Trade","Glass Knife"],"picked":"A Thousand Cuts","floor":16.0},{"not_picked":["Finisher","Choke"],"picked":"Backflip","floor":18.0},{"not_picked":["Flying Knee","Prepared","Sucker Punch+1"],"picked":"Blade Dance","floor":25},{"not_picked":["Deflect","Dodge and Roll","Accuracy"],"picked":"Cloak And Dagger","floor":27},{"not_picked":["Underhanded Strike","Deadly Poison","Calculated Gamble","Dagger Spray"],"picked":"SKIP","floor":30}],"player_experience":627797,"relics_obtained":[{"floor":9.0,"key":"Bag of Marbles"},{"floor":21,"key":"Question Card"},{"floor":26,"key":"Boot"}],"event_choices":[{"damage_healed":0.0,"max_hp_gain":0.0,"max_hp_loss":0.0,"gold_gain":0.0,"cards_transformed":["Strike_G"],"event_name":"Transmorgrifier","player_choice":"Transformed","floor":11.0,"gold_loss":0.0,"damage_taken":0.0,"cards_obtained":["Storm of Steel"]},{"damage_healed":0,"gold_gain":0,"player_choice":"Paid Fearfully","damage_taken":0,"max_hp_gain":0,"max_hp_loss":0,"event_name":"Masked Bandits","floor":20,"gold_loss":35},{"damage_healed":0,"gold_gain":0,"cards_transformed":["Strike_G","Strike_G"],"player_choice":"Became Test Subject","damage_taken":0,"max_hp_gain":0,"max_hp_loss":0,"event_name":"Drug Dealer","floor":22,"gold_loss":0,"cards_obtained":["Leg Sweep","Leg Sweep"]},{"damage_healed":0,"gold_gain":0,"player_choice":"Trade","damage_taken":0,"relics_obtained":["SsserpentHead"],"max_hp_gain":0,"max_hp_loss":0,"event_name":"FaceTrader","floor":28,"gold_loss":0}],"is_beta":true,"boss_relics":[{"not_picked":["Fusion Hammer","Velvet Choker"],"picked":"Philosopher\u0027s Stone"}],"items_purged_floors":[13,19],"is_endless":false,"potions_floor_spawned":[1,3,16,18,27],"killed_by":"Collector","ascension_level":10}