{"path_per_floor":["M","M","M","M","M","E","M","?","T","R","M","$","R","M","R"],"character_chosen":"DEFECT","items_purchased":["Auto Shields","Melter","Capacitor"],"gold_per_floor":[118,133,152,171,190,223,237,237,237,237,252,92,92,109,109,109],"floor_reached":16,"campfire_rested":2,"playtime":1030,"current_hp_per_floor":[69,68,67,54,40,28,10,3,3,25,21,21,43,40,40,0],"items_purged":[],"gold":109,"score":106,"play_id":"f956279e-775b-4b73-924e-2c183f002232","local_time":"20180427163459","is_prod":false,"is_daily":false,"chose_seed":false,"is_ascension_mode":false,"campfire_upgraded":1,"timestamp":1524839699,"path_taken":["M","M","M","M","M","E","M","?","T","R","M","$","R","M","R","BOSS"],"build_version":"2018-04-26v2","seed_source_timestamp":2308621485710,"purchased_purges":0,"victory":false,"master_deck":["Strike_B","Strike_B","Strike_B","Strike_B","Defend_B","Defend_B","Defend_B","Defend_B","Zap","Dualcast","Redo","Streamline","Flux Capacitor","Capacitor","Aggregate","Leap","Ball Lightning","Redo","Impulse+1","Auto Shields","Melter","Capacitor","Axe Kick"],"max_hp_per_floor":[75,75,75,75,75,75,75,75,75,75,75,75,75,75,75,75],"relics":["Cracked Core","Gremlin Horn","Meat on the Bone"],"card_choices":[{"not_picked":["Force Field","Coolheaded"],"picked":"Streamline","floor":1},{"not_picked":["Heatsinks","Impulse"],"picked":"Flux Capacitor","floor":2},{"not_picked":["FTL","Axe Kick"],"picked":"Capacitor","floor":3},{"not_picked":["Go for the Eyes","Coolheaded"],"picked":"Aggregate","floor":4},{"not_picked":["Beam Cell","Coolheaded"],"picked":"Leap","floor":5},{"not_picked":["Double Energy","Coolheaded"],"picked":"Ball Lightning","floor":6},{"not_picked":["Force Field","Leap"],"picked":"Redo","floor":7},{"not_picked":["Ball Lightning","Chaos"],"picked":"Impulse","floor":11},{"not_picked":["Hologram","Sweeping Beam"],"picked":"Axe Kick","floor":14}],"player_experience":36133,"potions_floor_usage":[6,6,11,16],"damage_taken":[{"damage":6,"enemies":"2 Louse","floor":1,"turns":2},{"damage":1,"enemies":"Cultist","floor":2,"turns":3},{"damage":1,"enemies":"Jaw Worm","floor":3,"turns":3},{"damage":13,"enemies":"Exordium Wildlife","floor":4,"turns":4},{"damage":14,"enemies":"Blue Slaver","floor":5,"turns":4},{"damage":12,"enemies":"Gremlin Nob","floor":6,"turns":4},{"damage":18,"enemies":"Large Slime","floor":7,"turns":7},{"damage":25,"enemies":"Gremlin Gang","floor":11,"turns":4},{"damage":3,"enemies":"Lots of Slimes","floor":14,"turns":5},{"damage":42,"enemies":"Hexaghost","floor":16,"turns":9}],"event_choices":[{"event_name":"Scrap Ooze","player_choice":"unsuccessful","floor":8,"damage_taken":7}],"boss_relics":[],"potions_floor_spawned":[1,3,6,7,11],"seed_played":"159502717858250932","killed_by":"Hexaghost","ascension_level":0,"is_trial":false}