{"gold_per_floor":[113,113,128,53,74,74,94,94,146,146,170,170,189,139,139,259,259,284,284,284,184,184,219,244,262,285,297,309],"floor_reached":28,"playtime":439,"items_purged":["Defend_R","Strike_R"],"score":230,"play_id":"a9b87654-6396-4c95-a883-50401b5b9eee","local_time":"20191021002819","is_ascension_mode":false,"campfire_choices":[{"data":"Flex","floor":6.0,"key":"SMITH"},{"data":"Anger","floor":8.0,"key":"SMITH"},{"floor":15.0,"key":"REST"}],"neow_cost":"NONE","seed_source_timestamp":307375610312326,"circlet_count":0,"master_deck":["Strike_R","Strike_R","Strike_R","Strike_R","Bash","Flex+1","Anger+1","Inflame","Inflame","RitualDagger","Flex+1"],"special_seed":0,"relics":["Burning Blood","Golden Idol","Boot","Blue Candle","Busted Crown","Regal Pillow","MawBank"],"potions_floor_usage":[27],"damage_taken":[{"damage":6.0,"enemies":"Cultist","floor":1.0,"turns":3.0},{"damage":13.0,"enemies":"Jaw Worm","floor":3.0,"turns":3.0},{"damage":0.0,"enemies":"Small Slimes","floor":5.0,"turns":3.0},{"damage":12.0,"enemies":"Blue Slaver","floor":7.0,"turns":2.0},{"damage":11.0,"enemies":"Large Slime","floor":11.0,"turns":2.0},{"damage":13.0,"enemies":"Red Slaver","floor":13.0,"turns":2.0},{"damage":46.0,"enemies":"The Guardian","floor":16.0,"turns":5.0},{"damage":10.0,"enemies":"Spheric Guardian","floor":18.0,"turns":3.0},{"damage":51,"enemies":"Book of Stabbing","floor":23,"turns":4},{"damage":10,"enemies":"Chosen","floor":24,"turns":2},{"damage":12,"enemies":"Centurion and Healer","floor":25,"turns":4},{"damage":0,"enemies":"Shelled Parasite and Fungi","floor":27,"turns":1},{"damage":21,"enemies":"Snake Plant","floor":28,"turns":1}],"seed_played":"-4611733459440756840","potions_obtained":[{"floor":7.0,"key":"SkillPotion"},{"floor":13.0,"key":"SmokeBomb"},{"floor":18.0,"key":"Strength Potion"},{"floor":25,"key":"CultistPotion"}],"is_trial":false,"path_per_floor":["M","?","M","$","M","R","M","R","T","T","M","?","M","?","R","B",null,"M","?","?","$","?","E","M","M","T","M","M"],"character_chosen":"IRONCLAD","items_purchased":[],"campfire_rested":1,"item_purchase_floors":[],"current_hp_per_floor":[80,60,53,53,59,59,53,53,53,53,48,41,34,34,58,18,80,76,70,70,70,70,25,21,15,15,21,0],"gold":309,"neow_bonus":"REMOVE_CARD","is_prod":false,"is_daily":false,"chose_seed":false,"campfire_upgraded":2,"win_rate":0,"timestamp":1571610499,"path_taken":["M","?","M","$","M","R","M","R","T","?","?","?","M","?","R","BOSS","M","?","?","$","?","E","M","?","T","M","M"],"build_version":"2019-10-18","purchased_purges":2,"victory":false,"max_hp_per_floor":[80,80,80,80,80,80,80,80,80,80,80,80,80,80,80,80,80,80,80,80,80,80,80,80,80,80,80,80],"card_choices":[{"not_picked":["True Grit","Clothesline"],"picked":"Flex","floor":1.0},{"not_picked":["Fire Breathing","Combust","Burning Pact"],"picked":"SKIP","floor":3.0},{"not_picked":["Cleave","Twin Strike"],"picked":"Anger","floor":5.0},{"not_picked":["Rampage","Metallicize"],"picked":"Inflame","floor":7.0},{"not_picked":["Sever Soul","Pommel Strike","Power Through"],"picked":"SKIP","floor":11.0},{"not_picked":["Heavy Blade","Perfected Strike"],"picked":"Inflame","floor":13.0},{"not_picked":["True Grit"],"picked":"SKIP","floor":18.0},{"not_picked":["Rupture"],"picked":"SKIP","floor":23},{"not_picked":["Inflame"],"picked":"SKIP","floor":24},{"not_picked":["Twin Strike"],"picked":"SKIP","floor":25}],"player_experience":867138,"relics_obtained":[{"floor":9.0,"key":"Boot"},{"floor":10.0,"key":"Blue Candle"},{"floor":23,"key":"Regal Pillow"},{"floor":26,"key":"MawBank"}],"event_choices":[{"damage_healed":0.0,"max_hp_gain":0.0,"max_hp_loss":0.0,"gold_gain":0.0,"event_name":"Golden Idol","player_choice":"Take Damage","floor":2.0,"gold_loss":0.0,"damage_taken":20.0,"relics_obtained":["Golden Idol"]},{"cards_removed":["Defend_R"],"damage_healed":0.0,"max_hp_gain":0.0,"max_hp_loss":0.0,"gold_gain":0.0,"event_name":"Golden Wing","player_choice":"Card Removal","floor":12.0,"gold_loss":0.0,"damage_taken":7.0},{"cards_removed":["Defend_R"],"damage_healed":0.0,"max_hp_gain":0.0,"max_hp_loss":0.0,"gold_gain":0.0,"event_name":"The Cleric","player_choice":"Card Removal","floor":14.0,"gold_loss":50.0,"damage_taken":0.0},{"damage_healed":0.0,"max_hp_gain":0.0,"max_hp_loss":0.0,"gold_gain":0.0,"event_name":"Nest","player_choice":"Joined the Cult","floor":19.0,"gold_loss":0.0,"damage_taken":6.0,"cards_obtained":["RitualDagger"]},{"damage_healed":0,"gold_gain":0,"player_choice":"Ignored","damage_taken":0,"max_hp_gain":0,"max_hp_loss":0,"event_name":"Cursed Tome","floor":20,"gold_loss":0},{"damage_healed":0,"gold_gain":0,"player_choice":"Copied","damage_taken":0,"max_hp_gain":0,"max_hp_loss":0,"event_name":"Duplicator","floor":22,"gold_loss":0,"cards_obtained":["Flex"]}],"is_beta":true,"boss_relics":[{"not_picked":["Astrolabe","Runic Pyramid"],"picked":"Busted Crown"}],"items_purged_floors":[4,21],"is_endless":false,"potions_floor_spawned":[7,13,18,25],"killed_by":"Snake Plant","ascension_level":0}