{"gold_per_floor":[113,30,105,122,122,148,148,160,160,175,193,193,203,233,233,305,305,315,315,64,64,64,64,78,90,115,130,130,150,150,167,167,240,240,254,115,115,390,126,126,158,158],"floor_reached":42,"playtime":1286,"items_purged":["Strike_G","Strike_G","Regret"],"score":977,"play_id":"b0c343e0-ba90-4dcb-9650-aa6be4ce8a30","local_time":"20190421200412","is_ascension_mode":true,"campfire_choices":[{"data":"Deadly Poison","floor":7.0,"key":"SMITH"},{"data":"Footwork","floor":12.0,"key":"SMITH"},{"data":"Footwork","floor":15,"key":"SMITH"},{"data":"Malaise","floor":23,"key":"SMITH"},{"floor":28,"key":"REST"},{"floor":30,"key":"REST"},{"floor":32,"key":"REST"},{"data":"Footwork","floor":40,"key":"SMITH"}],"neow_cost":"NONE","seed_source_timestamp":30323121255053,"circlet_count":0,"master_deck":["AscendersBane","Defend_G","Defend_G","Defend_G","Defend_G","Defend_G","Strike_G","Strike_G","Strike_G","Survivor","Neutralize","Footwork+1","Footwork+1","Deadly Poison+1","Dodge and Roll","Well Laid Plans","Corpse Explosion","Leg Sweep","Deadly Poison","Malaise+1","Distraction","Dodge and Roll","Footwork+1","Deadly Poison","Footwork"],"special_seed":0,"relics":["Ring of the Snake","NeowsBlessing","Turnip","Busted Crown","Enchiridion","Happy Flower","Philosopher\u0027s Stone","Toxic Egg 2"],"potions_floor_usage":[16,24,31],"damage_taken":[{"damage":0.0,"enemies":"Jaw Worm","floor":1.0,"turns":1.0},{"damage":0.0,"enemies":"Cultist","floor":4.0,"turns":1.0},{"damage":0.0,"enemies":"Lagavulin","floor":6.0,"turns":1.0},{"damage":0.0,"enemies":"2 Louse","floor":8.0,"turns":3.0},{"damage":5.0,"enemies":"2 Fungi Beasts","floor":10.0,"turns":4.0},{"damage":2.0,"enemies":"Red Slaver","floor":11.0,"turns":5.0},{"damage":1.0,"enemies":"Lots of Slimes","floor":13.0,"turns":5.0},{"damage":34,"enemies":"Hexaghost","floor":16,"turns":13},{"damage":1,"enemies":"3 Byrds","floor":18,"turns":2},{"damage":10,"enemies":"Chosen","floor":24,"turns":6},{"damage":3,"enemies":"Snake Plant","floor":25,"turns":4},{"damage":2,"enemies":"Centurion and Healer","floor":27,"turns":6},{"damage":23,"enemies":"Sentry and Sphere","floor":29,"turns":7},{"damage":15,"enemies":"Cultist and Chosen","floor":31,"turns":10},{"damage":13,"enemies":"Champ","floor":33,"turns":15},{"damage":0,"enemies":"3 Shapes","floor":35,"turns":7},{"damage":46,"enemies":"Giant Head","floor":41,"turns":13},{"damage":8,"enemies":"3 Darklings","floor":42,"turns":4}],"seed_played":"-3469583882902391589","potions_obtained":[{"floor":1.0,"key":"GamblersBrew"},{"floor":8.0,"key":"PowerPotion"},{"floor":10.0,"key":"AttackPotion"},{"floor":24,"key":"SteroidPotion"},{"floor":27,"key":"EssenceOfSteel"},{"floor":33,"key":"Ancient Potion"}],"is_trial":false,"path_per_floor":["M","$","?","M","?","E","R","M","T","M","M","R","M","?","R","B",null,"M","?","$","?","?","R","M","M","T","M","R","M","R","M","R","B",null,"M","$","?","?","$","R","E","M"],"character_chosen":"THE_SILENT","items_purchased":["Footwork","Leg Sweep","Deadly Poison","GhostInAJar","Footwork","Deadly Poison","Footwork"],"campfire_rested":3,"item_purchase_floors":[2,20,20,20,36,39,39],"current_hp_per_floor":[59,59,48,48,53,53,53,53,53,48,46,46,45,45,45,11,56,55,34,34,34,34,34,24,21,21,19,40,17,38,23,44,31,61,61,61,61,61,61,61,15,7],"gold":158,"neow_bonus":"THREE_ENEMY_KILL","is_prod":false,"is_daily":false,"chose_seed":false,"campfire_upgraded":5,"win_rate":0,"timestamp":1555869852,"path_taken":["M","$","?","M","?","E","R","M","T","M","?","R","?","?","R","BOSS","M","?","$","?","?","R","?","M","T","?","R","M","R","M","R","BOSS","M","$","?","?","$","R","E","M"],"build_version":"2019-01-23","purchased_purges":3,"victory":false,"max_hp_per_floor":[66,66,66,66,71,71,71,71,71,71,71,71,71,71,71,71,71,71,71,71,71,71,71,71,71,71,71,71,71,71,71,71,71,71,71,71,71,71,71,71,71,71],"card_choices":[{"not_picked":["Escape Plan","Well Laid Plans"],"picked":"Footwork","floor":1.0},{"not_picked":["Masterful Stab","Dash"],"picked":"Deadly Poison","floor":4.0},{"not_picked":["Cloak And Dagger","Concentrate"],"picked":"Dodge and Roll","floor":6.0},{"not_picked":["PiercingWail","Riddle With Holes","Dagger Spray"],"picked":"SKIP","floor":8.0},{"not_picked":["Setup","Sucker Punch"],"picked":"Well Laid Plans","floor":10.0},{"not_picked":["Prepared","Underhanded Strike","Expertise"],"picked":"SKIP","floor":11.0},{"not_picked":["Reflex","Cloak And Dagger","Endless Agony"],"picked":"SKIP","floor":13.0},{"not_picked":["Tools of the Trade","Grand Finale"],"picked":"Corpse Explosion","floor":16},{"not_picked":["Riddle With Holes"],"picked":"SKIP","floor":18},{"not_picked":["Prepared"],"picked":"SKIP","floor":24},{"not_picked":["Reflex"],"picked":"SKIP","floor":25},{"not_picked":[],"picked":"Dodge and Roll","floor":27},{"not_picked":["Acrobatics"],"picked":"SKIP","floor":29},{"not_picked":["Cloak And Dagger"],"picked":"SKIP","floor":31},{"not_picked":["Setup"],"picked":"SKIP","floor":35},{"not_picked":["Sucker Punch+1"],"picked":"SKIP","floor":41}],"player_experience":852029,"relics_obtained":[{"floor":6.0,"key":"Turnip"},{"floor":19,"key":"Enchiridion"},{"floor":26,"key":"Happy Flower"},{"floor":41,"key":"Toxic Egg 2"}],"event_choices":[{"damage_healed":0.0,"max_hp_gain":0.0,"max_hp_loss":0.0,"gold_gain":75.0,"event_name":"World of Goop","player_choice":"Gather Gold","floor":3.0,"gold_loss":0.0,"damage_taken":11.0},{"damage_healed":0.0,"max_hp_gain":5.0,"max_hp_loss":0.0,"gold_gain":0.0,"event_name":"Big Fish","player_choice":"Donut","floor":5.0,"gold_loss":0.0,"damage_taken":0.0},{"damage_healed":0,"gold_gain":30,"player_choice":"Searched \u00272\u0027 times","damage_taken":0,"max_hp_gain":0,"max_hp_loss":0,"event_name":"Dead Adventurer","floor":14,"gold_loss":0},{"damage_healed":0,"gold_gain":0,"player_choice":"Obtained Book","damage_taken":21,"max_hp_gain":0,"max_hp_loss":0,"event_name":"Cursed Tome","floor":19,"gold_loss":0},{"damage_healed":0,"gold_gain":0,"player_choice":"Ignored","damage_taken":0,"max_hp_gain":0,"max_hp_loss":0,"event_name":"The Mausoleum","floor":21,"gold_loss":0},{"damage_healed":0,"gold_gain":0,"player_choice":"2 cards matched","damage_taken":0,"max_hp_gain":0,"max_hp_loss":0,"event_name":"Match and Keep!","floor":22,"gold_loss":0,"cards_obtained":["Malaise","Distraction"]},{"damage_healed":0,"gold_gain":0,"player_choice":"Memory 1","damage_taken":0,"max_hp_gain":0,"max_hp_loss":0,"event_name":"SensoryStone","floor":37,"gold_loss":0},{"damage_healed":0,"gold_gain":275,"player_choice":"Desecrate","damage_taken":0,"max_hp_gain":0,"max_hp_loss":0,"event_name":"Golden Shrine","floor":38,"gold_loss":0,"cards_obtained":["Regret"]}],"is_beta":false,"boss_relics":[{"not_picked":["Empty Cage","Astrolabe"],"picked":"Busted Crown"},{"not_picked":["Runic Pyramid","Black Star"],"picked":"Philosopher\u0027s Stone"}],"items_purged_floors":[20,36,39],"is_endless":false,"potions_floor_spawned":[1,8,10,24,27,29,33],"killed_by":"3 Darklings","ascension_level":20}