{"path_per_floor":["M","M","M","?","M","E","M","?","T","M","$","?","M","T","R"],"character_chosen":"DEFECT","items_purchased":["Toolbox","Sweeping Beam"],"gold_per_floor":[118,129,146,146,165,194,204,266,340,353,73,103,120,120,120,120],"floor_reached":16,"campfire_rested":1,"playtime":1353,"current_hp_per_floor":[70,60,58,58,52,36,29,20,20,19,19,12,6,6,28,0],"items_purged":[],"gold":120,"score":104,"play_id":"4e9f2f09-2724-4a0d-a5ed-329c12fc9731","local_time":"20180428192842","is_prod":false,"is_daily":false,"chose_seed":false,"is_ascension_mode":false,"campfire_upgraded":0,"timestamp":1524936522,"path_taken":["M","M","M","?","M","E","M","?","T","M","$","?","?","?","R","BOSS"],"build_version":"2018-04-27v3","seed_source_timestamp":98802559675613,"purchased_purges":0,"victory":false,"master_deck":["Strike_B","Strike_B","Strike_B","Strike_B","Defend_B","Defend_B","Defend_B","Defend_B","Zap","Dualcast","Conserve Battery","Blaster+1","Cold Snap","Doom and Gloom","Ball Lightning","Impulse","Sweeping Beam","Glacier"],"max_hp_per_floor":[75,75,75,75,75,75,75,75,75,75,75,75,75,75,75,75],"relics":["Cracked Core","Dodecahedron","Gambling Chip","Question Card","Toolbox","Tiny Chest","Smiling Mask"],"card_choices":[{"not_picked":["Sunder","Coolheaded"],"picked":"Conserve Battery","floor":2},{"not_picked":["Rebound","Streamline"],"picked":"Blaster","floor":3},{"not_picked":["Force Field","Reprogram"],"picked":"Cold Snap","floor":6},{"not_picked":["Beam Cell","Buffer"],"picked":"Doom and Gloom","floor":7},{"not_picked":["White Noise","Turbo"],"picked":"Ball Lightning","floor":8},{"not_picked":["Beam Cell","Turbo","Rebound"],"picked":"Impulse","floor":10},{"not_picked":["Streamline","Biased Cognition","Stack"],"picked":"Glacier","floor":13}],"player_experience":64043,"potions_floor_usage":[6,8,8,13],"damage_taken":[{"damage":5,"enemies":"Jaw Worm","floor":1,"turns":4},{"damage":10,"enemies":"Cultist","floor":2,"turns":4},{"damage":2,"enemies":"Small Slimes","floor":3,"turns":3},{"damage":6,"enemies":"Exordium Wildlife","floor":5,"turns":6},{"damage":16,"enemies":"Lagavulin","floor":6,"turns":7},{"damage":7,"enemies":"Gremlin Gang","floor":7,"turns":5},{"damage":9,"enemies":"Gremlin Nob","floor":8,"turns":4},{"damage":1,"enemies":"Looter","floor":10,"turns":3},{"damage":12,"enemies":"Blue Slaver","floor":13,"turns":3},{"damage":31,"enemies":"Hexaghost","floor":16,"turns":9}],"event_choices":[{"event_name":"Living Wall","player_choice":"Grow","floor":4,"damage_taken":0},{"event_name":"Dead Adventurer","player_choice":"Searched \u00273\u0027 times","floor":8,"damage_taken":0},{"event_name":"Scrap Ooze","player_choice":"success","floor":12,"damage_taken":7}],"boss_relics":[],"potions_floor_spawned":[1,3,7,8,13],"seed_played":"-6887811554340650927","killed_by":"Hexaghost","ascension_level":0,"is_trial":false}