{"gold_per_floor":[115,115,135,55,55,85,85],"floor_reached":7,"playtime":383,"items_purged":[],"score":71,"play_id":"570e6f02-4a8e-42e6-a8c0-6e382e1c5687","local_time":"20191013005954","is_ascension_mode":true,"campfire_choices":[],"neow_cost":"TEN_PERCENT_HP_LOSS","seed_source_timestamp":10898554299864,"circlet_count":0,"master_deck":["Strike_G","Strike_G","Strike_G","Strike_G","Defend_G","Defend_G","Defend_G","Defend_G","Defend_G","Survivor","Neutralize","Panache","Cloak And Dagger","Blade Dance","Adrenaline","Blur"],"special_seed":0,"relics":["Ring of the Snake","Boot","Mercury Hourglass"],"potions_floor_usage":[6],"damage_taken":[{"damage":7.0,"enemies":"Jaw Worm","floor":1.0,"turns":6.0},{"damage":2.0,"enemies":"Small Slimes","floor":3.0,"turns":6.0},{"damage":18,"enemies":"Gremlin Nob","floor":6,"turns":4},{"damage":19,"enemies":"Lagavulin Event","floor":7,"turns":5}],"seed_played":"2542880491765296153","potions_obtained":[{"floor":1.0,"key":"Strength Potion"}],"is_trial":false,"path_per_floor":["M","?","M","$","?","E","?"],"character_chosen":"THE_SILENT","items_purchased":["Adrenaline"],"campfire_rested":0,"item_purchase_floors":[4],"current_hp_per_floor":[56,49,47,47,29,11,0],"gold":85,"neow_bonus":"RANDOM_COLORLESS_2","is_prod":false,"is_daily":false,"chose_seed":false,"campfire_upgraded":0,"win_rate":0,"timestamp":1570895994,"path_taken":["M","?","M","$","?","E","?"],"build_version":"2019-10-11","purchased_purges":0,"victory":false,"max_hp_per_floor":[63,63,63,63,63,63,63],"card_choices":[{"not_picked":["Violence","Secret Technique"],"picked":"Panache","floor":0.0},{"not_picked":["Poisoned Stab","PiercingWail"],"picked":"Cloak And Dagger","floor":1.0},{"not_picked":["Deadly Poison","Outmaneuver"],"picked":"Blade Dance","floor":3.0},{"not_picked":["Tactician","PiercingWail"],"picked":"Blur","floor":6}],"player_experience":592674,"relics_obtained":[{"floor":6,"key":"Mercury Hourglass"}],"event_choices":[{"cards_removed":["Strike_G"],"damage_healed":0.0,"max_hp_gain":0.0,"max_hp_loss":0.0,"gold_gain":0.0,"event_name":"Golden Wing","player_choice":"Card Removal","floor":2.0,"gold_loss":0.0,"damage_taken":7.0},{"damage_healed":0.0,"max_hp_gain":0.0,"max_hp_loss":0.0,"gold_gain":0.0,"event_name":"Scrap Ooze","player_choice":"Success","floor":5.0,"gold_loss":0.0,"damage_taken":18.0,"relics_obtained":["Boot"]},{"damage_healed":0,"gold_gain":0,"player_choice":"Searched \u00271\u0027 times","damage_taken":0,"max_hp_gain":0,"max_hp_loss":0,"event_name":"Dead Adventurer","floor":7,"gold_loss":0}],"is_beta":true,"boss_relics":[],"items_purged_floors":[],"is_endless":false,"potions_floor_spawned":[1],"killed_by":"Lagavulin Event","ascension_level":9}