{"gold_per_floor":[117,128,128,128,145,145,157,157,157,172,122,142,67,79,79,184,184,194,194,194,194,17,47,102,115,115,131,131,131,145,161,161,258,258,274,284,339,140,160,160,160,12,12,24,56,16,16,16,16,16],"floor_reached":51,"playtime":2017,"items_purged":["Defend_P","Defend_P","Prostrate"],"score":995,"play_id":"e80f3317-e87d-4956-bb77-14a87a97ef38","local_time":"20191019152459","is_ascension_mode":true,"campfire_choices":[{"data":"Eruption","floor":6.0,"key":"SMITH"},{"data":"LessonLearned","floor":8.0,"key":"SMITH"},{"data":"JustLucky","floor":15.0,"key":"SMITH"},{"data":"Blasphemy","floor":32.0,"key":"SMITH"},{"data":"Swivel","floor":40.0,"key":"SMITH"},{"data":"CutThroughFate","floor":44.0,"key":"SMITH"},{"floor":47.0,"key":"RECALL"}],"neow_cost":"NONE","seed_source_timestamp":676469673747,"circlet_count":0,"master_deck":["Strike_P+1","Strike_P+1","Strike_P+1","Defend_P+1","Defend_P+1","Eruption+1","Vigilance+1","EmptyFist+1","WheelKick+1","FollowUp+1","JustLucky+1","Conclude+1","Blasphemy+1","WheelKick+1","FlyingSleeves+1","FlurryOfBlows+1","WindmillStrike+1","FlurryOfBlows+1","ReachHeaven+1","DeusExMachina+1","Swivel+1","Evaluate+1","Nirvana+1","CutThroughFate+1","FearNoEvil+1"],"special_seed":0,"relics":["SacredBark","Bag of Preparation","Coffee Dripper","Letter Opener","Omamori","Question Card","Akabeko","Matryoshka","Calling Bell","Bronze Scales","Blue Candle","Lizard Tail","Calipers","Potion Belt","MawBank","Shuriken"],"potions_floor_usage":[50,50],"damage_taken":[{"damage":4.0,"enemies":"Jaw Worm","floor":1.0,"turns":8.0},{"damage":1.0,"enemies":"Small Slimes","floor":2.0,"turns":4.0},{"damage":0.0,"enemies":"Cultist","floor":5.0,"turns":2.0},{"damage":3.0,"enemies":"3 Louse","floor":7.0,"turns":3.0},{"damage":14.0,"enemies":"Exordium Thugs","floor":10.0,"turns":5.0},{"damage":0.0,"enemies":"Large Slime","floor":12.0,"turns":1.0},{"damage":0.0,"enemies":"Looter","floor":14.0,"turns":3.0},{"damage":2.0,"enemies":"Hexaghost","floor":16.0,"turns":3.0},{"damage":0.0,"enemies":"3 Byrds","floor":18.0,"turns":1.0},{"damage":18.0,"enemies":"Gremlin Leader","floor":23.0,"turns":5.0},{"damage":0.0,"enemies":"Spheric Guardian","floor":25.0,"turns":1.0},{"damage":5.0,"enemies":"Shelled Parasite and Fungi","floor":27.0,"turns":2.0},{"damage":0.0,"enemies":"3 Cultists","floor":30.0,"turns":2.0},{"damage":9.0,"enemies":"Chosen and Byrds","floor":31.0,"turns":2.0},{"damage":0.0,"enemies":"Automaton","floor":33.0,"turns":2.0},{"damage":0.0,"enemies":"3 Shapes","floor":35.0,"turns":1.0},{"damage":0.0,"enemies":"3 Darklings","floor":36.0,"turns":1.0},{"damage":0.0,"enemies":"2 Orb Walkers","floor":37.0,"turns":2.0},{"damage":20.0,"enemies":"Sphere and 2 Shapes","floor":39.0,"turns":3.0},{"damage":6.0,"enemies":"4 Shapes","floor":45.0,"turns":2.0},{"damage":44,"enemies":"Time Eater","floor":50,"turns":3}],"seed_played":"3224305899778182850","potions_obtained":[{"floor":5.0,"key":"Energy Potion"},{"floor":10.0,"key":"AttackPotion"},{"floor":14.0,"key":"SteroidPotion"},{"floor":18.0,"key":"Energy Potion"},{"floor":23.0,"key":"StancePotion"},{"floor":27.0,"key":"PowerPotion"},{"floor":30.0,"key":"PowerPotion"},{"floor":45.0,"key":"DistilledChaos"}],"is_trial":false,"path_per_floor":["M","M","?","?","M","R","M","R","T","M","?","M","$","M","R","B",null,"M","?","?","?","$","E","T","M","T","M","?","T","M","M","R","B",null,"M","M","?","$","M","R","?","$","T","R","M","$","R","?","R","B",null],"character_chosen":"WATCHER","items_purchased":["LiquidMemories","DistilledChaos","Potion Belt","Strength Potion"],"campfire_rested":0,"item_purchase_floors":[22,38,42,46],"current_hp_per_floor":[61,60,46,46,46,46,43,43,43,29,29,29,29,29,29,27,61,61,61,61,61,61,43,43,43,43,38,38,38,38,29,29,29,61,61,61,61,61,41,41,59,59,59,59,53,53,53,53,53,9],"gold":16,"neow_bonus":"BOSS_RELIC","is_prod":false,"is_daily":false,"chose_seed":false,"campfire_upgraded":6,"win_rate":0,"timestamp":1571466299,"path_taken":["M","M","?","?","?","R","M","R","T","M","?","M","$","M","R","BOSS","M","?","?","?","$","E","?","?","T","M","?","?","M","?","R","BOSS","M","M","?","$","M","R","?","?","T","R","M","?","R","?","R","BOSS"],"build_version":"2019-10-18","purchased_purges":3,"victory":true,"max_hp_per_floor":[72,72,72,72,72,72,72,72,72,72,72,72,72,72,72,72,72,72,72,72,72,72,72,72,72,72,72,72,72,72,72,72,72,72,72,72,72,72,72,72,72,72,72,72,72,72,72,72,72,72],"card_choices":[{"not_picked":["ThirdEye","Protect"],"picked":"WaveOfTheHand","floor":1.0},{"not_picked":["CrushJoints","EmptyBody"],"picked":"EmptyFist","floor":2.0},{"not_picked":["Prostrate","CutThroughFate"],"picked":"FollowUp","floor":5.0},{"not_picked":["DeceiveReality","Halt"],"picked":"Prostrate","floor":7.0},{"not_picked":["Blasphemy","Scrawl"],"picked":"JustLucky","floor":10.0},{"not_picked":["SashWhip","Weave","EmptyBody"],"picked":"SKIP","floor":12.0},{"not_picked":["CarveReality","Halt"],"picked":"Conclude","floor":14.0},{"not_picked":["Vault","Brilliance"],"picked":"Blasphemy","floor":16.0},{"not_picked":["EmptyFist","SandsOfTime"],"picked":"WheelKick","floor":18.0},{"not_picked":["BowlingBash","Scrawl"],"picked":"FlyingSleeves+1","floor":23.0},{"not_picked":["Wireheading","TalkToTheHand+1"],"picked":"FlurryOfBlows+1","floor":25.0},{"not_picked":["CutThroughFate","Meditate","Fasting2"],"picked":"WindmillStrike+1","floor":27.0},{"not_picked":["WindmillStrike","PathToVictory","ThirdEye"],"picked":"FlurryOfBlows","floor":30.0},{"not_picked":["FlurryOfBlows","DeceiveReality+1","SashWhip"],"picked":"ReachHeaven+1","floor":31.0},{"not_picked":["Devotion","Judgement","Alpha"],"picked":"DeusExMachina","floor":33.0},{"not_picked":["JustLucky","Consecrate+1","Prostrate+1"],"picked":"Swivel","floor":35.0},{"not_picked":["BowlingBash","EmptyFist","InnerPeace+1"],"picked":"Evaluate+1","floor":36.0},{"not_picked":["Vengeance+1","Crescendo+1","PathToVictory+1"],"picked":"Nirvana+1","floor":37.0},{"not_picked":["Crescendo","CrushJoints+1","FollowUp"],"picked":"CutThroughFate","floor":39.0},{"not_picked":["Consecrate","Prostrate","Nirvana"],"picked":"FearNoEvil+1","floor":45.0}],"player_experience":604143,"relics_obtained":[{"floor":9.0,"key":"Bag of Preparation"},{"floor":23.0,"key":"Letter Opener"},{"floor":24.0,"key":"Omamori"},{"floor":26.0,"key":"Question Card"},{"floor":29.0,"key":"Matryoshka"},{"floor":34.0,"key":"Bronze Scales"},{"floor":34.0,"key":"Blue Candle"},{"floor":34.0,"key":"Lizard Tail"},{"floor":37.0,"key":"Calipers"},{"floor":43.0,"key":"MawBank"},{"floor":43.0,"key":"Shuriken"}],"event_choices":[{"damage_healed":0.0,"max_hp_gain":0.0,"max_hp_loss":0.0,"gold_gain":0.0,"event_name":"Shining Light","player_choice":"Entered Light","floor":3.0,"gold_loss":0.0,"damage_taken":14.0,"cards_upgraded":["Strike_P","Strike_P"]},{"damage_healed":0.0,"max_hp_gain":0.0,"max_hp_loss":0.0,"gold_gain":0.0,"event_name":"Match and Keep!","player_choice":"2 cards matched","floor":4.0,"gold_loss":0.0,"damage_taken":0.0,"cards_obtained":["WheelKick","LessonLearned"]},{"cards_removed":["Strike_P"],"damage_healed":0.0,"max_hp_gain":0.0,"max_hp_loss":0.0,"gold_gain":0.0,"event_name":"The Cleric","player_choice":"Card Removal","floor":11.0,"gold_loss":50.0,"damage_taken":0.0},{"cards_removed":["WaveOfTheHand"],"damage_healed":0.0,"max_hp_gain":0.0,"max_hp_loss":0.0,"gold_gain":0.0,"event_name":"Back to Basics","player_choice":"Elegance","floor":19.0,"gold_loss":0.0,"damage_taken":0.0},{"damage_healed":0.0,"max_hp_gain":0.0,"max_hp_loss":0.0,"gold_gain":0.0,"event_name":"Vampires","player_choice":"Ignored","floor":20.0,"gold_loss":0.0,"damage_taken":0.0},{"damage_healed":0.0,"max_hp_gain":0.0,"max_hp_loss":0.0,"gold_gain":0.0,"event_name":"Ghosts","player_choice":"Ignored","floor":21.0,"gold_loss":0.0,"damage_taken":0.0},{"damage_healed":0.0,"max_hp_gain":0.0,"max_hp_loss":0.0,"gold_gain":0.0,"event_name":"The Mausoleum","player_choice":"Opened","floor":28.0,"gold_loss":0.0,"damage_taken":0.0,"relics_obtained":["Akabeko"]},{"damage_healed":0.0,"max_hp_gain":0.0,"max_hp_loss":0.0,"gold_gain":0.0,"event_name":"Mysterious Sphere","player_choice":"Fight","floor":37.0,"gold_loss":0.0,"damage_taken":0.0},{"damage_healed":18.0,"max_hp_gain":0.0,"max_hp_loss":0.0,"gold_gain":0.0,"event_name":"Winding Halls","player_choice":"Writhe","floor":41.0,"gold_loss":0.0,"damage_taken":0.0,"cards_obtained":["Writhe"]},{"cards_removed":["LessonLearned"],"damage_healed":0.0,"max_hp_gain":0.0,"max_hp_loss":0.0,"gold_gain":0.0,"event_name":"Falling","player_choice":"Removed Attack","floor":48.0,"gold_loss":0.0,"damage_taken":0.0}],"is_beta":true,"boss_relics":[{"not_picked":["Sozu","SlaversCollar"],"picked":"Coffee Dripper"},{"not_picked":["Pandora\u0027s Box","Fusion Hammer"],"picked":"Calling Bell"}],"items_purged_floors":[13,22,38],"is_endless":false,"potions_floor_spawned":[5,10,14,18,23,27,30,39,45],"ascension_level":8}