{"gold_per_floor":[112,37,37,48,68,93,93,109,109,121,154,5,5,21,21,119,119,103,103,119,209,224,224,241,241,241,270,98,48,48,83,83,184,184,195,206,48,48,66,66,66,81,81,81,81,81,25,43,43,43],"floor_reached":51,"playtime":2876,"items_purged":["Regret","Strike_R","Strike_R"],"score":824,"play_id":"1523684c-4691-4ed6-bbcc-76ae25d21d44","local_time":"20180813014132","is_ascension_mode":true,"campfire_choices":[{"data":"Iron Wave","floor":7.0,"key":"SMITH"},{"data":"Armaments","floor":15.0,"key":"SMITH"},{"data":"Warcry","floor":23.0,"key":"SMITH"},{"floor":25.0,"key":"REST"},{"data":"Warcry","floor":30.0,"key":"SMITH"},{"floor":32.0,"key":"REST"},{"data":"Barricade","floor":40.0,"key":"SMITH"},{"data":"Madness","floor":45.0,"key":"SMITH"},{"data":"Entrench","floor":49.0,"key":"SMITH"}],"neow_cost":"CURSE","seed_source_timestamp":8498600957307,"circlet_count":0,"master_deck":["Defend_R","Defend_R","Defend_R","Bash","Iron Wave+1","Clash","Iron Wave","Clash","Clash","Shrug It Off","Metallicize","Armaments+1","Panache","Warcry+1","Warcry+1","Demon Form","Flame Barrier+1","Iron Wave+1","Limit Break","Iron Wave+1","Pommel Strike+1","Master of Strategy","Barricade+1","Warcry+1","Madness+1","Madness","Entrench+1"],"special_seed":0,"relics":["Burning Blood","Smiling Mask","The Courier","Singing Bowl","Cursed Key","GremlinMask","Vajra","Red Skull","Shuriken","White Beast Statue"],"potions_floor_usage":[50,50],"damage_taken":[{"damage":7.0,"enemies":"Cultist","floor":1.0,"turns":4.0},{"damage":2.0,"enemies":"Jaw Worm","floor":4.0,"turns":3.0},{"damage":0.0,"enemies":"Small Slimes","floor":5.0,"turns":4.0},{"damage":25.0,"enemies":"Gremlin Nob","floor":6.0,"turns":4.0},{"damage":0.0,"enemies":"Looter","floor":8.0,"turns":1.0},{"damage":4.0,"enemies":"3 Louse","floor":10.0,"turns":2.0},{"damage":9.0,"enemies":"Lagavulin","floor":11.0,"turns":7.0},{"damage":7.0,"enemies":"Gremlin Gang","floor":14.0,"turns":4.0},{"damage":28.0,"enemies":"Slime Boss","floor":16.0,"turns":14.0},{"damage":9.0,"enemies":"2 Thieves","floor":18.0,"turns":4.0},{"damage":34.0,"enemies":"Chosen","floor":20.0,"turns":7.0},{"damage":9.0,"enemies":"Centurion and Healer","floor":22.0,"turns":6.0},{"damage":37.0,"enemies":"Snecko","floor":24.0,"turns":7.0},{"damage":15.0,"enemies":"Book of Stabbing","floor":27.0,"turns":4.0},{"damage":41.0,"enemies":"Slavers","floor":31.0,"turns":10.0},{"damage":29.0,"enemies":"Champ","floor":33.0,"turns":9.0},{"damage":2.0,"enemies":"Orb Walker","floor":35.0,"turns":3.0},{"damage":0.0,"enemies":"3 Shapes","floor":36.0,"turns":5.0},{"damage":30.0,"enemies":"Sphere and 2 Shapes","floor":39.0,"turns":6.0},{"damage":8.0,"enemies":"Flame Bruiser 2 Orb","floor":42.0,"turns":9.0},{"damage":9.0,"enemies":"Maw","floor":48.0,"turns":6.0},{"damage":35,"enemies":"Donu and Deca","floor":50,"turns":10}],"seed_played":"3086999569615307931","potions_obtained":[{"floor":1.0,"key":"Regen Potion"},{"floor":8.0,"key":"GamblersBrew"},{"floor":10.0,"key":"FairyPotion"},{"floor":16.0,"key":"GamblersBrew"},{"floor":20.0,"key":"Dexterity Potion"},{"floor":22.0,"key":"Strength Potion"},{"floor":31.0,"key":"Weak Potion"},{"floor":35.0,"key":"AttackPotion"},{"floor":36.0,"key":"Swift Potion"},{"floor":39.0,"key":"Explosive Potion"},{"floor":42.0,"key":"Block Potion"},{"floor":48.0,"key":"PowerPotion"}],"is_trial":false,"path_per_floor":["M","$","?","M","M","E","R","M","T","M","E","$","?","M","R","B",null,"M","?","M","?","M","R","M","R","T","E","$","$","R","E","R","B",null,"M","M","$","?","M","R","?","M","T","?","R","?","$","M","R","B"],"character_chosen":"IRONCLAD","items_purchased":["Panache","Red Skull","Master of Strategy","Entrench"],"campfire_rested":2,"item_purchase_floors":[12,28,37,47],"current_hp_per_floor":[79,79,72,76,80,61,61,67,67,69,66,66,66,65,65,43,80,79,79,53,37,34,34,16,41,41,32,32,32,32,14,40,17,88,88,88,88,88,66,66,66,64,64,53,53,44,44,43,43,14],"gold":43,"neow_bonus":"TRANSFORM_TWO_CARDS","is_prod":false,"is_daily":false,"chose_seed":false,"campfire_upgraded":7,"win_rate":0,"timestamp":1534095692,"path_taken":["M","$","?","M","M","E","R","M","T","M","E","$","?","M","R","BOSS","M","?","?","?","M","R","M","R","T","E","$","?","R","E","R","BOSS","M","M","$","?","M","R","?","M","T","?","R","?","?","?","R","BOSS"],"build_version":"2018-08-09","purchased_purges":3,"victory":true,"max_hp_per_floor":[80,80,80,80,80,80,80,80,80,80,80,80,80,80,80,80,80,82,82,84,84,84,84,86,86,86,86,86,86,86,88,88,88,88,88,88,88,88,90,90,90,90,90,90,90,90,90,92,92,92],"card_choices":[{"not_picked":["Twin Strike","Thunderclap"],"picked":"Clash","floor":1.0},{"not_picked":["Warcry","Wild Strike"],"picked":"Iron Wave","floor":4.0},{"not_picked":["Sword Boomerang","Heavy Blade"],"picked":"Clash","floor":5.0},{"not_picked":["Juggernaut","Hemokinesis"],"picked":"Clash","floor":6.0},{"not_picked":["Hemokinesis","Clash"],"picked":"Shrug It Off","floor":8.0},{"not_picked":["Cleave","Anger"],"picked":"Metallicize","floor":10.0},{"not_picked":["Reckless Charge","Sentinel"],"picked":"Armaments","floor":11.0},{"not_picked":["Inflame","Fire Breathing"],"picked":"Warcry","floor":14.0},{"not_picked":["Offering","Fiend Fire"],"picked":"Demon Form","floor":16.0},{"not_picked":["Sentinel","Fire Breathing","Inflame"],"picked":"Singing Bowl","floor":18.0},{"not_picked":["Pummel","Body Slam","Disarm"],"picked":"Singing Bowl","floor":20.0},{"not_picked":["Pummel+1","Armaments+1"],"picked":"Flame Barrier+1","floor":22.0},{"not_picked":["Rupture+1","Twin Strike","Cleave+1"],"picked":"Singing Bowl","floor":24.0},{"not_picked":["Disarm+1","Shrug It Off"],"picked":"Iron Wave+1","floor":27.0},{"not_picked":["Perfected Strike","Entrench","Exhume"],"picked":"Singing Bowl","floor":31.0},{"not_picked":["Immolate","Impervious"],"picked":"Limit Break","floor":33.0},{"not_picked":["Sentinel+1","Sword Boomerang"],"picked":"Iron Wave+1","floor":35.0},{"not_picked":["Dual Wield+1","Blood for Blood+1"],"picked":"Pommel Strike+1","floor":36.0},{"not_picked":["Evolve","Rampage","Pummel"],"picked":"Singing Bowl","floor":39.0},{"not_picked":["Metallicize+1","Perfected Strike"],"picked":"Warcry+1","floor":42.0},{"not_picked":["Headbutt","Havoc","Clothesline+1"],"picked":"Singing Bowl","floor":48.0}],"player_experience":265470,"relics_obtained":[{"floor":6.0,"key":"Smiling Mask"},{"floor":9.0,"key":"The Courier"},{"floor":11.0,"key":"Singing Bowl"},{"floor":27.0,"key":"Vajra"},{"floor":31.0,"key":"Shuriken"}],"event_choices":[{"event_name":"Golden Wing","player_choice":"Card Removal","floor":3.0,"damage_taken":0.0},{"event_name":"Transmorgrifier","player_choice":"Transform","floor":13.0,"damage_taken":0.0},{"event_name":"FaceTrader","player_choice":"Trade","floor":19.0,"damage_taken":0.0},{"event_name":"Knowing Skull","player_choice":"GOLD ","floor":21.0,"damage_taken":0.0},{"event_name":"Transmorgrifier","player_choice":"Transform","floor":38.0,"damage_taken":0.0},{"event_name":"The Woman in Blue","player_choice":"Bought 0 Potions","floor":41.0,"damage_taken":0.0},{"event_name":"Winding Halls","player_choice":"Embrace Madness","floor":44.0,"damage_taken":0.0},{"event_name":"Wheel of Change","player_choice":"Damage","floor":46.0,"damage_taken":0.0}],"is_beta":false,"boss_relics":[{"not_picked":["Velvet Choker","Runic Cube"],"picked":"Cursed Key"},{"not_picked":["Tiny House","Calling Bell"],"picked":"White Beast Statue"}],"items_purged_floors":[2,28,29],"is_endless":false,"potions_floor_spawned":[1,8,10,16,20,22,31,35,36,39,42,48],"ascension_level":4}