{"gold_per_floor":[12,26,42,52,52,86,86,86,86,86,101,112,124,140,140,211,211,211],"floor_reached":18,"playtime":429,"items_purged":[],"score":324,"play_id":"1614efc3-c35c-4208-8d76-65258c009c5c","local_time":"20181101172358","is_ascension_mode":true,"campfire_choices":[{"floor":8,"key":"REST"},{"data":"Chaos","floor":10,"key":"SMITH"},{"floor":15,"key":"REST"}],"neow_cost":"NO_GOLD","seed_source_timestamp":372107653679352,"circlet_count":0,"master_deck":["AscendersBane","Strike_B","Strike_B","Strike_B+1","Strike_B","Defend_B+1","Defend_B","Defend_B","Defend_B","Zap","Dualcast","Secret Technique","Purity","Sunder","Melter","Ball Lightning","Gash","Chaos+1","Leap","Echo Form","Redo","Gash","Creative AI"],"relics":["Cracked Core","Oddly Smooth Stone","Vajra","Nuclear Battery"],"potions_floor_usage":[12,16],"damage_taken":[{"damage":2,"enemies":"Cultist","floor":1,"turns":4},{"damage":0,"enemies":"2 Louse","floor":2,"turns":1},{"damage":0,"enemies":"Small Slimes","floor":3,"turns":3},{"damage":6,"enemies":"2 Fungi Beasts","floor":4,"turns":3},{"damage":30,"enemies":"Lagavulin","floor":6,"turns":5},{"damage":8,"enemies":"Exordium Thugs","floor":11,"turns":4},{"damage":8,"enemies":"3 Louse","floor":12,"turns":3},{"damage":1,"enemies":"Blue Slaver","floor":13,"turns":4},{"damage":1,"enemies":"Exordium Thugs","floor":14,"turns":3},{"damage":26,"enemies":"Slime Boss","floor":16,"turns":8},{"damage":35,"enemies":"Shell Parasite","floor":18,"turns":3}],"seed_played":"-5549522076021349704","potions_obtained":[{"floor":6,"key":"Weak Potion"},{"floor":12,"key":"Fruit Juice"},{"floor":13,"key":"FocusPotion"},{"floor":16,"key":"PowerPotion"}],"is_trial":false,"path_per_floor":["M","M","M","M","?","E","?","R","T","R","M","M","M","M","R","B",null,"M"],"character_chosen":"DEFECT","items_purchased":[],"campfire_rested":2,"item_purchase_floors":[],"current_hp_per_floor":[62,62,62,56,61,31,8,30,30,30,22,19,18,17,41,15,65,30],"gold":211,"neow_bonus":"RANDOM_COLORLESS_2","is_prod":false,"is_daily":false,"chose_seed":false,"campfire_upgraded":1,"win_rate":0,"timestamp":1541089438,"path_taken":["M","M","M","?","?","E","?","R","T","R","M","M","M","M","R","BOSS","M"],"build_version":"2018-10-31v2","purchased_purges":0,"victory":false,"max_hp_per_floor":[71,71,71,71,76,76,76,76,76,76,76,81,81,81,81,81,81,81],"card_choices":[{"not_picked":["Beam Cell","Leap"],"picked":"Sunder","floor":1},{"not_picked":["Conserve Battery","Leap"],"picked":"Melter","floor":2},{"not_picked":["Go for the Eyes","Biased Cognition"],"picked":"Ball Lightning","floor":3},{"not_picked":["Coolheaded","Rebound"],"picked":"Gash","floor":4},{"not_picked":["Leap","Rebound"],"picked":"Chaos","floor":6},{"not_picked":["Compile Driver","Scrape"],"picked":"Leap","floor":11},{"not_picked":["Stack","Recycle"],"picked":"Echo Form","floor":12},{"not_picked":["Sweeping Beam","Stack"],"picked":"Redo","floor":13},{"not_picked":["Turbo","Scrape"],"picked":"Gash","floor":14},{"not_picked":["Reboot","Seek"],"picked":"Creative AI","floor":16}],"player_experience":734737,"relics_obtained":[{"floor":6,"key":"Oddly Smooth Stone"},{"floor":9,"key":"Vajra"}],"event_choices":[{"damage_healed":0,"gold_gain":0,"player_choice":"Donut","damage_taken":0,"max_hp_gain":5,"max_hp_loss":0,"event_name":"Big Fish","floor":5,"gold_loss":0},{"damage_healed":0,"gold_gain":0,"player_choice":"Entered Light","damage_taken":23,"max_hp_gain":0,"max_hp_loss":0,"event_name":"Shining Light","floor":7,"gold_loss":0,"cards_upgraded":["Strike_B","Defend_B"]}],"is_beta":true,"boss_relics":[{"not_picked":["Orrery","Fusion Hammer"],"picked":"Nuclear Battery"}],"items_purged_floors":[],"is_endless":false,"potions_floor_spawned":[6,12,13,14,16],"killed_by":"Shell Parasite","ascension_level":19}