{"gold_per_floor":[115,115,115,133,58,93,106,141,141,198,98,98,151,161,161,256,256,271,75,94,94,111,141,141,169,169,44,44,68,80,111,111,213,213,226,241,241,251,266,297,297,297],"floor_reached":42,"playtime":3050,"items_purged":["Strike_B","Strike_B","Defend_B"],"score":637,"play_id":"0cdcc8e6-42a2-49d0-8534-f55df00a4e08","local_time":"20180719013734","is_ascension_mode":true,"campfire_choices":[{"data":"Strike_B","floor":15.0,"key":"PURGE"},{"data":"Defend_B","floor":24.0,"key":"PURGE"},{"floor":28.0,"key":"REST"},{"data":"Strike_B","floor":32.0,"key":"PURGE"},{"floor":41.0,"key":"REST"}],"neow_cost":"NONE","seed_source_timestamp":9858252464755,"circlet_count":0,"master_deck":["Defend_B+1","Zap","Dualcast+1","Conserve Battery","Rebound","Go for the Eyes","Chill","Redo+1","Machine Learning","Chaos","Meteor Strike","Conserve Battery","Meteor Strike","Conserve Battery","Chaos","Beam Cell","Gash","Beam Cell","Gash","Core Surge","Gash+1"],"special_seed":0,"relics":["Cracked Core","CultistMask","Centennial Puzzle","Peace Pipe","Pear","Tiny Chest","War Paint","Nuclear Battery","DollysMirror","Kunai","Oddly Smooth Stone","Unceasing Top","Regal Pillow","Turnip","Black Star","Darkstone Periapt","Singing Bowl"],"potions_floor_usage":[],"damage_taken":[{"damage":0.0,"enemies":"2 Louse","floor":1.0,"turns":1.0},{"damage":1.0,"enemies":"Cultist","floor":4.0,"turns":3.0},{"damage":19.0,"enemies":"3 Sentries","floor":6.0,"turns":8.0},{"damage":5.0,"enemies":"Jaw Worm","floor":7.0,"turns":2.0},{"damage":25.0,"enemies":"Gremlin Nob","floor":8.0,"turns":5.0},{"damage":0.0,"enemies":"3 Sentries","floor":10.0,"turns":8.0},{"damage":0.0,"enemies":"2 Fungi Beasts","floor":14.0,"turns":3.0},{"damage":18.0,"enemies":"Slime Boss","floor":16.0,"turns":14.0},{"damage":7.0,"enemies":"Shell Parasite","floor":18.0,"turns":4.0},{"damage":27.0,"enemies":"3 Byrds","floor":20.0,"turns":8.0},{"damage":16.0,"enemies":"Snake Plant","floor":22.0,"turns":4.0},{"damage":15.0,"enemies":"Book of Stabbing","floor":23.0,"turns":5.0},{"damage":11.0,"enemies":"Gremlin Leader","floor":25.0,"turns":8.0},{"damage":10.0,"enemies":"Chosen and Byrds","floor":30.0,"turns":5.0},{"damage":0.0,"enemies":"Book of Stabbing","floor":31.0,"turns":3.0},{"damage":4.0,"enemies":"Automaton","floor":33.0,"turns":6.0},{"damage":2.0,"enemies":"Flame Bruiser 1 Orb","floor":35.0,"turns":5.0},{"damage":23.0,"enemies":"3 Shapes","floor":36.0,"turns":6.0},{"damage":0.0,"enemies":"Maw","floor":38.0,"turns":3.0},{"damage":12.0,"enemies":"Spire Growth","floor":39.0,"turns":2.0},{"damage":25.0,"enemies":"Giant Head","floor":40.0,"turns":6.0},{"damage":68,"enemies":"2 Orb Walkers","floor":42,"turns":4}],"seed_played":"1522511673862858038","potions_obtained":[{"floor":1.0,"key":"Strength Potion"},{"floor":6.0,"key":"SneckoOil"},{"floor":14.0,"key":"PowerPotion"},{"floor":16.0,"key":"Fire Potion"},{"floor":18.0,"key":"Weak Potion"},{"floor":23.0,"key":"FearPotion"},{"floor":25.0,"key":"SteroidPotion"},{"floor":35.0,"key":"SpeedPotion"},{"floor":36.0,"key":"Weak Potion"},{"floor":40.0,"key":"FearPotion"}],"is_trial":false,"path_per_floor":["M","?","?","M","$","E","M","E","T","E","$","?","T","M","R","B",null,"M","$","M","$","M","E","R","E","T","$","R","T","M","E","R","B",null,"M","M","?","M","M","E","R"],"character_chosen":"DEFECT","items_purchased":["DollysMirror"],"campfire_rested":2,"item_purchase_floors":[19],"current_hp_per_floor":[75,75,75,74,74,55,50,25,35,35,35,28,28,28,28,10,85,78,78,51,51,35,20,20,9,9,9,34,34,24,24,24,20,85,83,60,60,60,48,25,66,0],"gold":297,"neow_bonus":"UPGRADE_CARD","is_prod":false,"is_daily":false,"chose_seed":false,"campfire_upgraded":0,"win_rate":0,"timestamp":1531935454,"path_taken":["M","?","?","M","?","E","M","E","T","E","$","?","?","M","R","BOSS","M","?","?","$","M","E","R","E","T","?","R","?","M","E","R","BOSS","M","?","?","M","M","E","R","E"],"build_version":"2018-07-12","purchased_purges":3,"victory":false,"max_hp_per_floor":[75,75,75,75,75,75,75,75,85,85,85,85,85,85,85,85,85,85,85,85,85,85,85,85,85,85,85,85,85,85,85,85,85,85,85,85,85,85,85,87,87,87],"card_choices":[{"not_picked":["Melter","White Noise"],"picked":"Conserve Battery","floor":1.0},{"not_picked":["Glacier","Consume"],"picked":"Rebound","floor":4.0},{"not_picked":["Double Energy","Compile Driver"],"picked":"Go for the Eyes","floor":6.0},{"not_picked":["Self Repair","Stack"],"picked":"Chill","floor":7.0},{"not_picked":["Rip and Tear","Rainbow"],"picked":"Redo","floor":8.0},{"not_picked":["Capacitor","Rebound"],"picked":"Machine Learning","floor":10.0},{"not_picked":["Rebound","Go for the Eyes"],"picked":"Chaos","floor":14.0},{"not_picked":["Thunder Strike","Creative AI"],"picked":"Meteor Strike","floor":16.0},{"not_picked":["Ball Lightning","Static Discharge+1"],"picked":"Conserve Battery","floor":18.0},{"not_picked":["Cold Snap","Leap"],"picked":"Conserve Battery","floor":20.0},{"not_picked":["Echo Form","Ball Lightning"],"picked":"Chaos","floor":22.0},{"not_picked":["Conserve Battery+1","Streamline"],"picked":"Beam Cell","floor":23.0},{"not_picked":["Coolheaded","Buffer"],"picked":"Gash","floor":25.0},{"not_picked":["Conserve Battery+1","Darkness+1"],"picked":"Beam Cell","floor":30.0},{"not_picked":["Cold Snap","Darkness"],"picked":"Gash","floor":31.0},{"not_picked":["Biased Cognition","Buffer"],"picked":"Core Surge","floor":33.0},{"not_picked":["Storm","Compile Driver+1","Rebound"],"picked":"SKIP","floor":35.0},{"not_picked":["Reinforced Body+1","Conserve Battery","Rebound+1"],"picked":"SKIP","floor":36.0},{"not_picked":["BootSequence","Redo","Steam+1"],"picked":"SKIP","floor":38.0},{"not_picked":["Loop+1","Sweeping Beam+1"],"picked":"Gash+1","floor":39.0},{"not_picked":["Ball Lightning","Genetic Algorithm","Hello World+1"],"picked":"Singing Bowl","floor":40.0}],"player_experience":150888,"relics_obtained":[{"floor":6.0,"key":"Centennial Puzzle"},{"floor":8.0,"key":"Peace Pipe"},{"floor":9.0,"key":"Pear"},{"floor":10.0,"key":"Tiny Chest"},{"floor":13.0,"key":"War Paint"},{"floor":23.0,"key":"Kunai"},{"floor":25.0,"key":"Oddly Smooth Stone"},{"floor":26.0,"key":"Unceasing Top"},{"floor":29.0,"key":"Regal Pillow"},{"floor":31.0,"key":"Turnip"},{"floor":40.0,"key":"Darkstone Periapt"},{"floor":40.0,"key":"Singing Bowl"}],"event_choices":[{"event_name":"The Woman in Blue","player_choice":"Bought 0 Potions","floor":2.0,"damage_taken":0.0},{"event_name":"FaceTrader","player_choice":"Trade","floor":3.0,"damage_taken":0.0},{"event_name":"Golden Wing","player_choice":"Card Removal","floor":12.0,"damage_taken":0.0},{"event_name":"Mysterious Sphere","player_choice":"Ignore","floor":37.0,"damage_taken":0.0}],"boss_relics":[{"not_picked":["Busted Crown","Philosopher\u0027s Stone"],"picked":"Nuclear Battery"},{"not_picked":["White Beast Statue","Runic Pyramid"],"picked":"Black Star"}],"items_purged_floors":[5,11,27],"is_endless":false,"potions_floor_spawned":[1,6,14,16,18,23,25,30,35,36,40],"killed_by":"2 Orb Walkers","ascension_level":2}