{"gold_per_floor":[109,184,184,23,23,23,37,37,37,57,57,57],"floor_reached":12,"playtime":140,"items_purged":["Strike_G"],"score":132,"play_id":"e5a9ebf9-17b6-4f33-8905-cc65799d2dc9","local_time":"20190430184959","is_ascension_mode":true,"campfire_choices":[{"data":"Burst","floor":6,"key":"SMITH"},{"data":"Neutralize","floor":8,"key":"SMITH"},{"data":"Survivor","floor":11,"key":"SMITH"}],"neow_cost":"NONE","seed_source_timestamp":7869088238398,"circlet_count":0,"master_deck":["AscendersBane","Defend_G","Defend_G","Defend_G","Defend_G","Defend_G","Strike_G","Strike_G","Strike_G","Survivor+1","Neutralize+1","Burst+1","Poisoned Stab+1"],"relics":["Ring of the Snake","NeowsBlessing","Matryoshka","Omamori","Molten Egg 2"],"potions_floor_usage":[],"damage_taken":[{"damage":0,"enemies":"Jaw Worm","floor":1,"turns":1},{"damage":0,"enemies":"2 Louse","floor":7,"turns":1},{"damage":0,"enemies":"Small Slimes","floor":10,"turns":2},{"damage":34,"enemies":"Lagavulin","floor":12,"turns":7}],"seed_played":"-2924620377485849845","potions_obtained":[],"is_trial":false,"path_per_floor":["M","?","?","$","?","R","M","R","T","M","R","E"],"character_chosen":"THE_SILENT","items_purchased":["Burst"],"campfire_rested":0,"item_purchase_floors":[4],"current_hp_per_floor":[59,48,41,41,41,41,41,41,41,41,41,7],"gold":57,"neow_bonus":"THREE_ENEMY_KILL","is_prod":false,"is_daily":false,"chose_seed":false,"campfire_upgraded":3,"win_rate":0,"timestamp":1556642999,"path_taken":["M","?","?","$","?","R","?","R","T","M","R","E"],"build_version":"2019-01-23","purchased_purges":1,"victory":false,"max_hp_per_floor":[66,66,66,66,66,66,66,66,66,66,66,66],"card_choices":[{"not_picked":["Prepared","Infinite Blades"],"picked":"Dodge and Roll","floor":1},{"not_picked":["Riddle With Holes","Slice","PiercingWail"],"picked":"SKIP","floor":7},{"not_picked":["Predator+1","Crippling Poison"],"picked":"Poisoned Stab+1","floor":10}],"player_experience":855236,"relics_obtained":[{"floor":9,"key":"Omamori"},{"floor":9,"key":"Molten Egg 2"}],"event_choices":[{"damage_healed":0,"gold_gain":75,"player_choice":"Gather Gold","damage_taken":11,"max_hp_gain":0,"max_hp_loss":0,"event_name":"World of Goop","floor":2,"gold_loss":0},{"cards_removed":["Strike_G"],"damage_healed":0,"gold_gain":0,"player_choice":"Card Removal","damage_taken":7,"max_hp_gain":0,"max_hp_loss":0,"event_name":"Golden Wing","floor":3,"gold_loss":0},{"cards_removed":["Dodge and Roll"],"damage_healed":0,"gold_gain":0,"player_choice":"Gave Card","damage_taken":0,"relics_obtained":["Matryoshka"],"max_hp_gain":0,"max_hp_loss":0,"event_name":"WeMeetAgain","floor":5,"gold_loss":0}],"is_beta":false,"boss_relics":[],"items_purged_floors":[4],"is_endless":false,"potions_floor_spawned":[],"killed_by":"Lagavulin","ascension_level":20}