{"gold_per_floor":[99],"floor_reached":1,"playtime":128,"items_purged":[],"score":55,"play_id":"6037e854-13ff-4918-96eb-a7781d7458cc","local_time":"20180729022334","daily_mods":["Draft","Heirloom","Specialized","Elite Swarm","Uncertain Future"],"is_ascension_mode":false,"campfire_choices":[],"neow_cost":"","seed_source_timestamp":15804620789295,"circlet_count":0,"master_deck":["Cleave","Cleave","Sword Boomerang","True Grit","Havoc","Infernal Blade","Thunderclap","Twin Strike","Pommel Strike","Flex","Seeing Red","Thunderclap","Thunderclap","Uppercut","Sword Boomerang"],"relics":["Burning Blood","Du-Vu Doll"],"potions_floor_usage":[],"damage_taken":[{"damage":0,"enemies":"Jaw Worm","floor":1,"turns":1}],"seed_played":"7518673747063843657","potions_obtained":[],"is_trial":true,"path_per_floor":[],"character_chosen":"IRONCLAD","items_purchased":[],"campfire_rested":0,"item_purchase_floors":[],"current_hp_per_floor":[80],"gold":99,"neow_bonus":"","is_prod":false,"is_daily":false,"chose_seed":false,"campfire_upgraded":0,"win_rate":0,"timestamp":1532802214,"path_taken":["M"],"build_version":"2018-07-26","purchased_purges":0,"victory":false,"max_hp_per_floor":[80],"card_choices":[{"not_picked":["Warcry","Anger"],"picked":"Cleave","floor":0},{"not_picked":["Feel No Pain","Heavy Blade"],"picked":"Cleave","floor":0},{"not_picked":["Sentinel","Sever Soul"],"picked":"Sword Boomerang","floor":0},{"not_picked":["Heavy Blade","Clothesline"],"picked":"True Grit","floor":0},{"not_picked":["Anger","Perfected Strike"],"picked":"Havoc","floor":0},{"not_picked":["Sword Boomerang","Flame Barrier"],"picked":"Infernal Blade","floor":0},{"not_picked":["Perfected Strike","Headbutt"],"picked":"Thunderclap","floor":0},{"not_picked":["Anger","Wild Strike"],"picked":"Twin Strike","floor":0},{"not_picked":["True Grit","Uppercut"],"picked":"Pommel Strike","floor":0},{"not_picked":["Thunderclap","Body Slam"],"picked":"Flex","floor":0},{"not_picked":["Corruption","Dual Wield"],"picked":"Seeing Red","floor":0},{"not_picked":["Clothesline","Dropkick"],"picked":"Thunderclap","floor":0},{"not_picked":["Feel No Pain","Power Through"],"picked":"Thunderclap","floor":0},{"not_picked":["Reckless Charge","Dual Wield"],"picked":"Uppercut","floor":0},{"not_picked":["Headbutt","Warcry"],"picked":"Sword Boomerang","floor":0}],"player_experience":244839,"relics_obtained":[],"event_choices":[],"is_beta":false,"boss_relics":[],"items_purged_floors":[],"is_endless":true,"potions_floor_spawned":[],"killed_by":"Jaw Worm","ascension_level":0}