{"gold_per_floor":[111,124,49,65,65,65,65,77,77,77,77,90,90,100,100,198,198,217,117,117,117,137,137,151,151],"floor_reached":25,"playtime":1155,"items_purged":["Strike_R","Strike_R"],"score":193,"play_id":"0010c8f5-1e2d-40ef-898d-9e65dce39c52","local_time":"20180728221655","is_ascension_mode":false,"campfire_choices":[{"data":"Body Slam","floor":6.0,"key":"SMITH"},{"data":"Flame Barrier","floor":11,"key":"SMITH"},{"data":"Ghostly Armor","floor":13,"key":"SMITH"},{"data":"Ghostly Armor","floor":15,"key":"SMITH"},{"data":"Blood for Blood","floor":23,"key":"SMITH"}],"neow_cost":"NONE","seed_source_timestamp":2787058075088,"circlet_count":0,"master_deck":["Strike_R","Strike_R","Strike_R","Defend_R","Defend_R","Defend_R","Defend_R","Bash","Body Slam+1","Ghostly Armor+1","Flame Barrier+1","Ghostly Armor+1","Berserk","Blood for Blood+1","Entrench","Warcry+1"],"special_seed":0,"relics":["Burning Blood"],"potions_floor_usage":[16,18,25,25],"damage_taken":[{"damage":6.0,"enemies":"Cultist","floor":1.0,"turns":3.0},{"damage":7.0,"enemies":"Small Slimes","floor":2.0,"turns":5.0},{"damage":0.0,"enemies":"2 Louse","floor":4.0,"turns":3.0},{"damage":1.0,"enemies":"Lots of Slimes","floor":8.0,"turns":6.0},{"damage":5,"enemies":"Looter","floor":12,"turns":3},{"damage":0,"enemies":"Red Slaver","floor":14,"turns":5},{"damage":61,"enemies":"The Guardian","floor":16,"turns":21},{"damage":29,"enemies":"3 Byrds","floor":18,"turns":7},{"damage":14,"enemies":"Shell Parasite","floor":22,"turns":15},{"damage":32,"enemies":"Snake Plant","floor":24,"turns":7},{"damage":31,"enemies":"3 Cultists","floor":25,"turns":3}],"seed_played":"-2518721157537254408","potions_obtained":[{"floor":1.0,"key":"EssenceOfSteel"},{"floor":12,"key":"Block Potion"},{"floor":14,"key":"EssenceOfSteel"},{"floor":18,"key":"PowerPotion"},{"floor":22,"key":"LiquidBronze"}],"is_trial":false,"path_per_floor":["M","M","$","M","?","R","?","M","T","?","R","M","R","M","R","B",null,"M","$","?","$","M","R","M"],"character_chosen":"IRONCLAD","items_purchased":[],"campfire_rested":0,"item_purchase_floors":[],"current_hp_per_floor":[80,79,79,80,80,80,80,80,80,80,80,80,80,80,80,25,80,57,57,57,57,49,49,23,0],"gold":151,"neow_bonus":"THREE_CARDS","is_prod":false,"is_daily":false,"chose_seed":false,"campfire_upgraded":5,"win_rate":0,"timestamp":1532787415,"path_taken":["M","M","$","M","?","R","?","?","T","?","R","M","R","M","R","BOSS","M","$","?","$","M","R","M","?"],"build_version":"2018-07-26","purchased_purges":2,"victory":false,"max_hp_per_floor":[80,80,80,80,80,80,80,80,80,80,80,80,80,80,80,80,80,80,80,80,80,80,80,80,80],"card_choices":[{"not_picked":["Clash","Armaments"],"picked":"Body Slam","floor":0.0},{"not_picked":["Feel No Pain","Corruption","Evolve"],"picked":"SKIP","floor":1.0},{"not_picked":["Reckless Charge","Clash"],"picked":"Ghostly Armor","floor":2.0},{"not_picked":["Havoc","Clash","Body Slam"],"picked":"SKIP","floor":4.0},{"not_picked":["Wild Strike","Corruption"],"picked":"Flame Barrier","floor":8.0},{"not_picked":["Clash","Havoc"],"picked":"Ghostly Armor","floor":12},{"not_picked":["Shockwave","Flex","Infernal Blade"],"picked":"SKIP","floor":14},{"not_picked":["Reaper","Brutality"],"picked":"Berserk","floor":16},{"not_picked":["Bloodletting","Twin Strike"],"picked":"Blood for Blood","floor":18},{"not_picked":["Cleave","Headbutt"],"picked":"Warcry+1","floor":22},{"not_picked":["Flex+1","Cleave","Inflame+1"],"picked":"SKIP","floor":24}],"player_experience":231831,"relics_obtained":[],"event_choices":[{"event_name":"Scrap Ooze","player_choice":"unsuccessful","floor":5.0,"damage_taken":0.0},{"event_name":"The Woman in Blue","player_choice":"Bought 0 Potions","floor":7.0,"damage_taken":0.0},{"event_name":"WeMeetAgain","player_choice":"Attack","floor":10.0,"damage_taken":0.0},{"event_name":"The Library","player_choice":"Read","floor":20,"damage_taken":0}],"is_beta":false,"boss_relics":[{"not_picked":["Philosopher\u0027s Stone","Eternal Feather","Busted Crown"]}],"items_purged_floors":[3,19],"is_endless":false,"potions_floor_spawned":[1,12,14,18,22],"killed_by":"3 Cultists","ascension_level":0}