{"gold_per_floor":[113,132,207,222,222,222,247,247,326,351,351,369,402,402,402,507,507,522,522,534,534,534,534,563,563,590,605,622,622,655,688,688,688],"floor_reached":33,"playtime":2305,"items_purged":[],"score":301,"play_id":"88d5ad11-574a-4fae-92d8-1c7256b6ab26","local_time":"20180706224221","is_ascension_mode":false,"campfire_choices":[{"data":"Sucker Punch","floor":6.0,"key":"SMITH"},{"floor":15.0,"key":"REST"},{"floor":23.0,"key":"REST"},{"data":"1","floor":25.0,"key":"LIFT"},{"data":"2","floor":32,"key":"LIFT"}],"neow_cost":"","seed_source_timestamp":7656834687765,"circlet_count":0,"master_deck":["Defend_G","Defend_G","Defend_G","Defend_G","Defend_G","Strike_G","Strike_G","Strike_G","Survivor","Neutralize","Dodge and Roll","Quick Slash","Sucker Punch+1","Sucker Punch","Quick Slash","Flying Knee","Backflip","Infinite Blades","Envenom","Decay","Cloak And Dagger","Dash+1","Terror","Caltrops+1"],"special_seed":0,"relics":["Ring of the Snake","Bag of Preparation","Ninja Scroll","Juzu Bracelet","Bronze Scales","Calling Bell","Dream Catcher","Tough Bandages","Girya","Nloth\u0027s Gift","Enchiridion","Question Card","Regal Pillow","Lantern","Red Mask"],"potions_floor_usage":[30,31,33,33],"damage_taken":[{"damage":0.0,"enemies":"Jaw Worm","floor":1.0,"turns":4.0},{"damage":0.0,"enemies":"2 Louse","floor":2.0,"turns":3.0},{"damage":0.0,"enemies":"Small Slimes","floor":4.0,"turns":4.0},{"damage":17.0,"enemies":"Lagavulin","floor":7.0,"turns":7.0},{"damage":20.0,"enemies":"Gremlin Nob","floor":10.0,"turns":4.0},{"damage":5.0,"enemies":"3 Louse","floor":12.0,"turns":3.0},{"damage":17.0,"enemies":"Lagavulin","floor":13.0,"turns":6.0},{"damage":16.0,"enemies":"The Guardian","floor":16.0,"turns":12.0},{"damage":11.0,"enemies":"3 Byrds","floor":18.0,"turns":5.0},{"damage":21.0,"enemies":"Shell Parasite","floor":20.0,"turns":6.0},{"damage":24.0,"enemies":"Book of Stabbing","floor":24.0,"turns":5.0},{"damage":11.0,"enemies":"Centurion and Healer","floor":27.0,"turns":5.0},{"damage":5.0,"enemies":"Snecko","floor":28.0,"turns":5.0},{"damage":9,"enemies":"Slavers","floor":30,"turns":7},{"damage":12,"floor":31,"turns":4},{"damage":66,"enemies":"Champ","floor":33,"turns":13}],"seed_played":"6184814381664227537","potions_obtained":[{"floor":1.0,"key":"Weak Potion"},{"floor":4.0,"key":"Poison Potion"},{"floor":12.0,"key":"Regen Potion"},{"floor":16.0,"key":"Weak Potion"},{"floor":20.0,"key":"Fire Potion"},{"floor":22.0,"key":"Regen Potion"},{"floor":22.0,"key":"Block Potion"},{"floor":27.0,"key":"SteroidPotion"},{"floor":31,"key":"Fire Potion"}],"is_trial":false,"path_per_floor":["M","M","?","M","?","R","E","?","T","E","?","M","E","?","R","B",null,"M","?","M","?","?","R","E","R","T","M","M","?","E","?","R"],"character_chosen":"THE_SILENT","items_purchased":[],"campfire_rested":2,"item_purchase_floors":[],"current_hp_per_floor":[70,70,59,59,56,56,39,39,39,19,19,14,11,4,25,9,70,59,59,38,22,22,43,19,19,19,8,3,80,71,59,59,0],"gold":688,"neow_bonus":"","is_prod":false,"is_daily":false,"chose_seed":false,"campfire_upgraded":1,"win_rate":0,"timestamp":1530888141,"path_taken":["M","M","?","M","?","R","E","?","T","E","?","M","E","?","R","BOSS","M","?","M","?","?","R","E","R","T","M","M","?","E","?","R","BOSS"],"build_version":"2018-07-05","purchased_purges":0,"victory":false,"max_hp_per_floor":[70,70,70,70,70,70,70,70,70,70,70,70,70,70,70,70,70,70,70,70,70,70,70,70,70,70,70,70,80,80,80,80,80],"card_choices":[{"not_picked":["Riddle With Holes","Distraction"],"picked":"Dodge and Roll","floor":1.0},{"not_picked":["Acrobatics","Skewer"],"picked":"Quick Slash","floor":2.0},{"not_picked":["Backflip","Flying Knee"],"picked":"Sucker Punch","floor":4.0},{"not_picked":["Underhanded Strike","Bouncing Flask"],"picked":"Sucker Punch","floor":7.0},{"not_picked":["Deadly Poison","Prepared"],"picked":"Flying Knee","floor":10.0},{"not_picked":["Noxious Fumes","Doppelganger"],"picked":"Backflip","floor":12.0},{"not_picked":["PiercingWail","Crippling Poison"],"picked":"Infinite Blades","floor":13.0},{"not_picked":["Venomology","Bullet Time"],"picked":"Envenom","floor":16.0},{"not_picked":["Catalyst","Backflip"],"picked":"Cloak And Dagger","floor":18.0},{"not_picked":["Deadly Poison+1","PiercingWail"],"picked":"Dash+1","floor":20.0},{"not_picked":["Endless Agony","Backstab"],"picked":"Terror","floor":23.0},{"not_picked":["Quick Slash","Burst"],"picked":"Die Die Die","floor":24.0},{"not_picked":["Deadly Poison+1","Corpse Explosion","Prepared","Poisoned Stab+1"],"picked":"SKIP","floor":27.0},{"not_picked":["Finisher","Dagger Spray","Expertise+1","Bullet Time"],"picked":"SKIP","floor":28.0},{"not_picked":["Burst","Sucker Punch","Tactician","Quick Slash"],"picked":"SKIP","floor":30},{"not_picked":["Accuracy","Acrobatics","Escape Plan+1"],"picked":"Caltrops+1","floor":31}],"player_experience":84241,"relics_obtained":[{"floor":7.0,"key":"Bag of Preparation"},{"floor":9.0,"key":"Ninja Scroll"},{"floor":10.0,"key":"Juzu Bracelet"},{"floor":13.0,"key":"Bronze Scales"},{"floor":17.0,"key":"Dream Catcher"},{"floor":17.0,"key":"Tough Bandages"},{"floor":17.0,"key":"Girya"},{"floor":21.0,"key":"Enchiridion"},{"floor":24.0,"key":"Question Card"},{"floor":26.0,"key":"Regal Pillow"},{"floor":30,"key":"Lantern"},{"floor":31,"key":"Red Mask"}],"event_choices":[{"event_name":"World of Goop","player_choice":"Gather Gold","floor":3.0,"damage_taken":0.0},{"event_name":"Scrap Ooze","player_choice":"success","floor":5.0,"damage_taken":3.0},{"event_name":"Living Wall","player_choice":"Change","floor":8.0,"damage_taken":0.0},{"event_name":"Shining Light","player_choice":"Ignored","floor":11.0,"damage_taken":0.0},{"event_name":"Golden Wing","player_choice":"Card Removal","floor":14.0,"damage_taken":0.0},{"event_name":"N\u0027loth","player_choice":"Traded a Omamori","floor":19.0,"damage_taken":0.0},{"event_name":"Cursed Tome","player_choice":"Obtained Book","floor":21.0,"damage_taken":0.0},{"event_name":"The Lab","player_choice":"Got Potions","floor":22.0,"damage_taken":0.0},{"event_name":"Bonfire Elementals","player_choice":"RARE","floor":29.0,"damage_taken":0.0},{"event_name":"Masked Bandits","player_choice":"Fought over 655 gold","floor":31,"damage_taken":0}],"boss_relics":[{"not_picked":["Fusion Hammer","Philosopher\u0027s Stone"],"picked":"Calling Bell"}],"items_purged_floors":[],"is_endless":false,"potions_floor_spawned":[1,4,12,16,20,27,28,31],"killed_by":"Champ","ascension_level":0}