{"gold_per_floor":[119,132,152,1,20,20,52,52,52,52,66,66,66,80,80,176,176,186,201,220,170,180,180,29,46,71,82,96,107,141,153,153,250,250,267,282,299,313,325,325,353,278,278,278,313,313,325,338,338,338],"floor_reached":51,"playtime":2175,"items_purged":["Defend_G"],"score":1146,"play_id":"c70b57e6-a24f-4e7b-922f-c4091c1e11db","local_time":"20191022165156","is_ascension_mode":true,"campfire_choices":[{"floor":6.0,"key":"REST"},{"floor":10.0,"key":"REST"},{"data":"Corpse Explosion","floor":15.0,"key":"SMITH"},{"data":"Eviscerate","floor":23.0,"key":"SMITH"},{"data":"Catalyst","floor":32.0,"key":"SMITH"},{"data":"Bouncing Flask","floor":40.0,"key":"SMITH"},{"data":"Dash","floor":44.0,"key":"SMITH"},{"data":"Predator","floor":49.0,"key":"SMITH"}],"neow_cost":"NONE","seed_source_timestamp":8356475675096,"circlet_count":0,"master_deck":["AscendersBane","Strike_G","Strike_G","Defend_G","Defend_G","Defend_G","Defend_G","Survivor+1","Neutralize","Dagger Throw","Underhanded Strike","Corpse Explosion+1","Riddle With Holes+1","Underhanded Strike","Bullet Time","Bouncing Flask+1","Bouncing Flask+1","Infinite Blades+1","Eviscerate+1","Catalyst+1","Catalyst+1","Dash+1","Bouncing Flask+1","Envenom","Underhanded Strike+1","Leg Sweep+1","Parasite","Predator+1"],"special_seed":0,"relics":["Snecko Eye","TwistedFunnel","Meat on the Bone","Singing Bowl","Astrolabe","Snake Skull","Anchor","Akabeko","Philosopher\u0027s Stone","Tingsha","Dodecahedron","Blood Vial"],"potions_floor_usage":[50,50,50],"damage_taken":[{"damage":1.0,"enemies":"2 Louse","floor":1.0,"turns":4.0},{"damage":13.0,"enemies":"Small Slimes","floor":2.0,"turns":6.0},{"damage":0.0,"enemies":"Cultist","floor":3.0,"turns":3.0},{"damage":34.0,"enemies":"Large Slime","floor":5.0,"turns":8.0},{"damage":13.0,"enemies":"Gremlin Nob","floor":7.0,"turns":4.0},{"damage":13.0,"enemies":"Blue Slaver","floor":11.0,"turns":4.0},{"damage":0.0,"enemies":"Red Slaver","floor":14.0,"turns":2.0},{"damage":24.0,"enemies":"Hexaghost","floor":16.0,"turns":8.0},{"damage":1.0,"enemies":"3 Byrds","floor":18.0,"turns":2.0},{"damage":0.0,"enemies":"Chosen","floor":19.0,"turns":3.0},{"damage":5.0,"enemies":"Centurion and Healer","floor":20.0,"turns":3.0},{"damage":18.0,"enemies":"Snecko","floor":22.0,"turns":4.0},{"damage":9.0,"enemies":"Snake Plant","floor":25.0,"turns":3.0},{"damage":0.0,"enemies":"3 Cultists","floor":27.0,"turns":2.0},{"damage":0.0,"enemies":"Snecko","floor":28.0,"turns":2.0},{"damage":3.0,"enemies":"Snake Plant","floor":29.0,"turns":2.0},{"damage":13.0,"enemies":"Slavers","floor":30.0,"turns":3.0},{"damage":0.0,"enemies":"Chosen and Byrds","floor":31.0,"turns":2.0},{"damage":21.0,"enemies":"Champ","floor":33.0,"turns":4.0},{"damage":0.0,"enemies":"3 Darklings","floor":35.0,"turns":1.0},{"damage":0.0,"enemies":"Orb Walker","floor":36.0,"turns":1.0},{"damage":25.0,"enemies":"Sphere and 2 Shapes","floor":37.0,"turns":4.0},{"damage":0.0,"enemies":"4 Shapes","floor":38.0,"turns":3.0},{"damage":29.0,"enemies":"Writhing Mass","floor":39.0,"turns":3.0},{"damage":14.0,"enemies":"Giant Head","floor":41.0,"turns":4.0},{"damage":4.0,"enemies":"Nemesis","floor":45.0,"turns":5.0},{"damage":0.0,"enemies":"Sphere and 2 Shapes","floor":47.0,"turns":2.0},{"damage":0.0,"enemies":"4 Shapes","floor":48.0,"turns":2.0},{"damage":26,"enemies":"Time Eater","floor":50,"turns":5}],"seed_played":"1569137278033840066","potions_obtained":[{"floor":1.0,"key":"Poison Potion"},{"floor":5.0,"key":"Block Potion"},{"floor":7.0,"key":"LiquidMemories"},{"floor":16.0,"key":"FearPotion"},{"floor":19.0,"key":"Fire Potion"},{"floor":22.0,"key":"Dexterity Potion"},{"floor":35.0,"key":"SkillPotion"},{"floor":37.0,"key":"LiquidMemories"},{"floor":39.0,"key":"EssenceOfSteel"},{"floor":45.0,"key":"Dexterity Potion"}],"is_trial":false,"path_per_floor":["M","M","M","$","M","R","E","$","T","R","M","?","?","M","R","B",null,"M","M","M","?","M","R","$","M","T","M","M","M","E","M","R","B",null,"M","M","M","M","M","R","E","$","T","R","E","?","M","M","R","B",null],"character_chosen":"THE_SILENT","items_purchased":["TwistedFunnel","Snake Skull"],"campfire_rested":2,"item_purchase_floors":[4,24],"current_hp_per_floor":[62,49,49,49,15,36,23,23,23,44,43,29,34,46,46,34,65,66,68,65,65,47,47,47,50,50,52,52,49,48,50,50,41,74,76,76,51,53,36,36,36,36,36,36,46,81,83,85,85,59],"gold":338,"neow_bonus":"BOSS_RELIC","is_prod":false,"is_daily":false,"chose_seed":false,"campfire_upgraded":6,"win_rate":0,"timestamp":1571730716,"path_taken":["M","M","M","$","M","R","E","$","T","R","M","?","?","M","R","BOSS","M","M","M","?","M","R","$","M","T","M","M","M","E","M","R","BOSS","M","M","M","M","M","R","E","$","T","R","E","?","M","M","R","BOSS"],"build_version":"2019-10-21","purchased_purges":1,"victory":true,"max_hp_per_floor":[70,70,70,70,70,70,70,70,70,70,70,70,75,75,75,75,75,77,79,81,81,81,81,81,81,81,83,83,83,83,85,85,85,85,87,87,87,89,89,89,91,91,91,91,93,81,83,85,85,85],"card_choices":[{"not_picked":["Finisher","Blade Dance"],"picked":"Dagger Throw","floor":1.0},{"not_picked":["Terror","Dagger Spray","Reflex"],"picked":"SKIP","floor":2.0},{"not_picked":["Catalyst","Flying Knee"],"picked":"Underhanded Strike","floor":3.0},{"not_picked":["Reflex","Eviscerate"],"picked":"Corpse Explosion","floor":5.0},{"not_picked":["Sucker Punch","Flechettes","Prepared"],"picked":"SKIP","floor":7.0},{"not_picked":["Footwork","Reflex"],"picked":"Riddle With Holes","floor":11.0},{"not_picked":["Blade Dance","Deflect"],"picked":"Underhanded Strike","floor":14.0},{"not_picked":["Wraith Form v2","Night Terror"],"picked":"Bullet Time","floor":16.0},{"not_picked":["Endless Agony","Dagger Throw","Dodge and Roll+1"],"picked":"Singing Bowl","floor":18.0},{"not_picked":["Distraction","Slice+1","Cloak And Dagger"],"picked":"Singing Bowl","floor":19.0},{"not_picked":["Dagger Spray+1","Deadly Poison","Outmaneuver+1"],"picked":"Singing Bowl","floor":20.0},{"not_picked":["Bane+1","Backflip+1"],"picked":"Eviscerate","floor":22.0},{"not_picked":["Caltrops+1","Setup"],"picked":"Catalyst+1","floor":25.0},{"not_picked":["Tactician","Cloak And Dagger","After Image"],"picked":"Singing Bowl","floor":27.0},{"not_picked":["Deadly Poison","Quick Slash+1"],"picked":"Catalyst","floor":28.0},{"not_picked":["Dodge and Roll","Deadly Poison"],"picked":"Dash","floor":29.0},{"not_picked":["Calculated Gamble","Sucker Punch+1"],"picked":"Bouncing Flask","floor":30.0},{"not_picked":["Bane","Dodge and Roll","Sucker Punch"],"picked":"Singing Bowl","floor":31.0},{"not_picked":["Burst","Storm of Steel"],"picked":"Envenom","floor":33.0},{"not_picked":["Reflex+1","Deflect+1","Backflip"],"picked":"Singing Bowl","floor":35.0},{"not_picked":["Outmaneuver+1","Deflect+1"],"picked":"Underhanded Strike+1","floor":36.0},{"not_picked":["Cloak And Dagger+1","Slice"],"picked":"Leg Sweep+1","floor":37.0},{"not_picked":["Blade Dance+1","Bane","Finisher"],"picked":"Singing Bowl","floor":38.0},{"not_picked":["Flying Knee+1","Poisoned Stab"],"picked":"Predator","floor":39.0},{"not_picked":["Poisoned Stab","Well Laid Plans+1","Backstab+1"],"picked":"Singing Bowl","floor":41.0},{"not_picked":["PiercingWail+1","Burst","All Out Attack+1"],"picked":"Singing Bowl","floor":45.0},{"not_picked":["Cloak And Dagger","Backflip+1","Dodge and Roll+1"],"picked":"Singing Bowl","floor":47.0},{"not_picked":["All Out Attack","Skewer","Dagger Throw"],"picked":"Singing Bowl","floor":48.0}],"player_experience":629321,"relics_obtained":[{"floor":7.0,"key":"Meat on the Bone"},{"floor":9.0,"key":"Singing Bowl"},{"floor":26.0,"key":"Anchor"},{"floor":30.0,"key":"Akabeko"},{"floor":41.0,"key":"Tingsha"},{"floor":43.0,"key":"Dodecahedron"},{"floor":45.0,"key":"Blood Vial"}],"event_choices":[{"damage_healed":0.0,"max_hp_gain":0.0,"max_hp_loss":0.0,"gold_gain":0.0,"event_name":"Shining Light","player_choice":"Entered Light","floor":12.0,"gold_loss":0.0,"damage_taken":14.0,"cards_upgraded":["Survivor","Riddle With Holes"]},{"damage_healed":0.0,"max_hp_gain":5.0,"max_hp_loss":0.0,"gold_gain":0.0,"event_name":"Big Fish","player_choice":"Donut","floor":13.0,"gold_loss":0.0,"damage_taken":0.0},{"damage_healed":0.0,"max_hp_gain":0.0,"max_hp_loss":0.0,"gold_gain":0.0,"event_name":"The Joust","player_choice":"Bet on Owner","floor":21.0,"gold_loss":50.0,"damage_taken":0.0},{"damage_healed":81.0,"max_hp_gain":0.0,"max_hp_loss":12.0,"gold_gain":0.0,"event_name":"The Moai Head","player_choice":"Heal","floor":46.0,"gold_loss":0.0,"damage_taken":0.0}],"is_beta":true,"boss_relics":[{"not_picked":["Velvet Choker","Runic Pyramid"],"picked":"Astrolabe"},{"not_picked":["SacredBark","Fusion Hammer"],"picked":"Philosopher\u0027s Stone"}],"items_purged_floors":[42],"is_endless":false,"potions_floor_spawned":[1,5,7,16,19,22,27,29,31,35,37,39,45],"ascension_level":10}