{"gold_per_floor":[116,45,57,67,77,109,109,123,123,48,81,98,128,140,140,242,242,252,62,76,76,87,114,130,162,162,162,189,114,132,132,132,229,229,243,243,255,269,332,332,332],"floor_reached":41,"playtime":2333,"items_purged":["Defend_R"],"score":577,"play_id":"eda641c4-2491-4da9-b990-d25fe0575102","local_time":"20181116212615","is_ascension_mode":false,"campfire_choices":[{"data":"Pommel Strike","floor":7.0,"key":"SMITH"},{"data":"Inflame","floor":15.0,"key":"SMITH"},{"floor":27.0,"key":"REST"},{"floor":32.0,"key":"REST"},{"data":"Demon Form","floor":40.0,"key":"SMITH"}],"neow_cost":"NONE","seed_source_timestamp":40899309103665,"circlet_count":0,"master_deck":["Strike_R","Strike_R","Strike_R","Strike_R","Strike_R","Defend_R+1","Defend_R+1","Bash+1","Iron Wave","Warcry","Pommel Strike+1","True Grit","Perfected Strike","Twin Strike","Shrug It Off","Inflame+1","Thunderclap","Immolate","Perfected Strike","Dropkick","Pommel Strike","Perfected Strike","True Grit+1","Battle Trance","Armaments+1","Demon Form+1","Perfected Strike+1","Flex","Flex"],"special_seed":0,"relics":["Burning Blood","War Paint","Potion Belt","Pear","Incense Burner","Darkstone Periapt","Philosopher\u0027s Stone","MawBank","Mercury Hourglass","Self Forming Clay","Kunai","Dream Catcher","Runic Cube","SsserpentHead"],"potions_floor_usage":[41],"damage_taken":[{"damage":3.0,"enemies":"Small Slimes","floor":1.0,"turns":3.0},{"damage":1.0,"enemies":"Cultist","floor":3.0,"turns":3.0},{"damage":6.0,"enemies":"Jaw Worm","floor":4.0,"turns":3.0},{"damage":19.0,"enemies":"Large Slime","floor":5.0,"turns":6.0},{"damage":16.0,"enemies":"Lagavulin","floor":6.0,"turns":6.0},{"damage":10.0,"enemies":"Looter","floor":8.0,"turns":3.0},{"damage":14.0,"enemies":"Gremlin Nob","floor":11.0,"turns":3.0},{"damage":8.0,"enemies":"Red Slaver","floor":12.0,"turns":2.0},{"damage":15.0,"enemies":"Lagavulin","floor":13.0,"turns":5.0},{"damage":0.0,"enemies":"Exordium Wildlife","floor":14.0,"turns":4.0},{"damage":0.0,"enemies":"Slime Boss","floor":16.0,"turns":7.0},{"damage":11.0,"enemies":"Chosen","floor":18.0,"turns":4.0},{"damage":1.0,"enemies":"Spheric Guardian","floor":20.0,"turns":3.0},{"damage":16.0,"enemies":"Snecko","floor":22.0,"turns":4.0},{"damage":31.0,"enemies":"Book of Stabbing","floor":23.0,"turns":4.0},{"damage":24.0,"enemies":"Snake Plant","floor":24.0,"turns":3.0},{"damage":35.0,"enemies":"Gremlin Leader","floor":25.0,"turns":6.0},{"damage":16.0,"enemies":"Slavers","floor":28.0,"turns":4.0},{"damage":12.0,"enemies":"Centurion and Healer","floor":30.0,"turns":3.0},{"damage":33.0,"enemies":"Champ","floor":33.0,"turns":12.0},{"damage":0.0,"enemies":"3 Shapes","floor":35.0,"turns":2.0},{"damage":3.0,"enemies":"3 Darklings","floor":37.0,"turns":4.0},{"damage":22.0,"enemies":"Jaw Worm Horde","floor":38.0,"turns":3.0},{"damage":15.0,"enemies":"Spire Growth","floor":39.0,"turns":4.0},{"damage":107,"enemies":"Giant Head","floor":41,"turns":8}],"seed_played":"-2159015518942833379","potions_obtained":[{"floor":4.0,"key":"Fruit Juice"},{"floor":5.0,"key":"PowerPotion"},{"floor":11.0,"key":"Ancient Potion"},{"floor":12.0,"key":"SpeedPotion"},{"floor":14.0,"key":"BloodPotion"},{"floor":20.0,"key":"Weak Potion"},{"floor":24.0,"key":"FearPotion"},{"floor":33.0,"key":"Ancient Potion"},{"floor":35.0,"key":"SpeedPotion"},{"floor":38.0,"key":"BloodPotion"}],"is_trial":false,"path_per_floor":["M","?","M","M","M","E","R","M","T","$","E","M","E","M","R","B",null,"M","$","M","?","M","E","M","E","T","R","E","?","M","?","R","B",null,"M","?","M","M","M","R","E"],"character_chosen":"IRONCLAD","items_purchased":["MawBank","Dropkick"],"campfire_rested":2,"item_purchase_floors":[19,19],"current_hp_per_floor":[80,80,80,85,72,62,62,58,68,68,60,58,49,55,55,61,95,90,90,95,95,85,60,42,22,22,50,40,40,34,15,45,18,100,100,100,100,84,75,75,0],"gold":332,"neow_bonus":"UPGRADE_CARD","is_prod":false,"is_daily":false,"chose_seed":false,"campfire_upgraded":3,"win_rate":0,"timestamp":1542374775,"path_taken":["M","?","M","M","M","E","R","M","T","$","E","?","E","M","R","BOSS","M","$","M","?","M","E","M","E","T","R","E","?","M","?","R","BOSS","M","?","M","M","?","R","E"],"build_version":"2018-11-15","purchased_purges":1,"victory":false,"max_hp_per_floor":[80,80,80,85,85,85,85,85,95,95,95,95,95,95,95,95,95,95,95,95,95,95,95,95,95,95,95,95,95,95,100,100,100,100,100,100,100,100,100,100,100],"card_choices":[{"not_picked":["Rupture","Warcry"],"picked":"Iron Wave","floor":1.0},{"not_picked":["Sword Boomerang","Feel No Pain"],"picked":"Warcry","floor":3.0},{"not_picked":["Second Wind","Anger"],"picked":"Pommel Strike","floor":4.0},{"not_picked":["Power Through","Warcry"],"picked":"True Grit","floor":5.0},{"not_picked":["Reaper","Evolve"],"picked":"Perfected Strike","floor":6.0},{"not_picked":["Iron Wave","Thunderclap"],"picked":"Twin Strike","floor":8.0},{"not_picked":["Sever Soul","Warcry","Searing Blow"],"picked":"SKIP","floor":11.0},{"not_picked":["Rampage","Disarm"],"picked":"Shrug It Off","floor":12.0},{"not_picked":["Whirlwind","Warcry"],"picked":"Inflame","floor":13.0},{"not_picked":["Wild Strike","Ghostly Armor"],"picked":"Thunderclap","floor":14.0},{"not_picked":["Dark Embrace","Impervious"],"picked":"Immolate","floor":16.0},{"not_picked":["Thunderclap","Body Slam+1"],"picked":"Perfected Strike","floor":18.0},{"not_picked":["Havoc","Infernal Blade"],"picked":"Pommel Strike","floor":20.0},{"not_picked":["Uppercut","Anger+1","Heavy Blade"],"picked":"SKIP","floor":22.0},{"not_picked":["Brutality","Wild Strike"],"picked":"True Grit+1","floor":23.0},{"not_picked":["Carnage","Flex"],"picked":"Battle Trance","floor":24.0},{"not_picked":["Feel No Pain","Rupture+1","Heavy Blade+1"],"picked":"SKIP","floor":25.0},{"not_picked":["Headbutt","Corruption","Second Wind"],"picked":"SKIP","floor":28.0},{"not_picked":["Carnage+1","Power Through"],"picked":"Armaments+1","floor":30.0},{"not_picked":["Brutality","Impervious"],"picked":"Demon Form","floor":33.0},{"not_picked":["Corruption","Dropkick"],"picked":"Perfected Strike+1","floor":35.0},{"not_picked":["Armaments","Anger"],"picked":"Flex","floor":37.0},{"not_picked":["Disarm+1","Anger"],"picked":"Flex","floor":38.0},{"not_picked":["Brutality","Rampage+1","Body Slam"],"picked":"SKIP","floor":39.0}],"player_experience":447538,"relics_obtained":[{"floor":6.0,"key":"Potion Belt"},{"floor":9.0,"key":"Pear"},{"floor":11.0,"key":"Incense Burner"},{"floor":13.0,"key":"Darkstone Periapt"},{"floor":23.0,"key":"Mercury Hourglass"},{"floor":25.0,"key":"Self Forming Clay"},{"floor":26.0,"key":"Kunai"},{"floor":28.0,"key":"Dream Catcher"}],"event_choices":[{"damage_healed":0.0,"max_hp_gain":0.0,"max_hp_loss":0.0,"gold_gain":0.0,"event_name":"WeMeetAgain","player_choice":"Paid Gold","floor":2.0,"gold_loss":71.0,"damage_taken":0.0,"relics_obtained":["War Paint"]},{"damage_healed":0.0,"max_hp_gain":0.0,"max_hp_loss":0.0,"gold_gain":0.0,"event_name":"The Library","player_choice":"Read","floor":21.0,"gold_loss":0.0,"damage_taken":0.0,"cards_obtained":["Perfected Strike"]},{"cards_removed":["Defend_R"],"damage_healed":0.0,"max_hp_gain":0.0,"max_hp_loss":0.0,"gold_gain":0.0,"event_name":"Beggar","player_choice":"Gave Gold","floor":29.0,"gold_loss":75.0,"damage_taken":0.0},{"damage_healed":0.0,"max_hp_gain":5.0,"max_hp_loss":0.0,"gold_gain":0.0,"event_name":"Forgotten Altar","player_choice":"Shed Blood","floor":31.0,"gold_loss":0.0,"damage_taken":24.0},{"damage_healed":0.0,"max_hp_gain":0.0,"max_hp_loss":0.0,"gold_gain":0.0,"event_name":"FaceTrader","player_choice":"Trade","floor":36.0,"gold_loss":0.0,"damage_taken":0.0,"relics_obtained":["SsserpentHead"]}],"is_beta":false,"boss_relics":[{"not_picked":["Orrery","Runic Dome"],"picked":"Philosopher\u0027s Stone"},{"not_picked":["Runic Pyramid","Lizard Tail"],"picked":"Runic Cube"}],"items_purged_floors":[10],"is_endless":false,"potions_floor_spawned":[4,5,11,12,14,20,24,33,35,38],"killed_by":"Giant Head","ascension_level":0}