{"gold_per_floor":[114,134,147,297,297,324,337,365,365,148,148],"floor_reached":11,"playtime":287,"items_purged":["Strike_B"],"score":154,"play_id":"b7cf174d-b3fb-4524-a00b-af1acadbad06","local_time":"20180919024317","is_ascension_mode":true,"campfire_choices":[],"neow_cost":"","seed_source_timestamp":140241728286423,"circlet_count":0,"master_deck":["Strike_B","Strike_B","Strike_B","Defend_B","Defend_B","Defend_B","Defend_B","Zap","Dualcast","AscendersBane","Conserve Battery","Streamline","Chaos","Doubt","Chill","Hologram","Streamline","Cold Snap","Capacitor"],"special_seed":0,"relics":["Cracked Core","Ancient Tea Set","Meat on the Bone","Ornamental Fan"],"potions_floor_usage":[11,11],"damage_taken":[{"damage":2.0,"enemies":"Jaw Worm","floor":1.0,"turns":3.0},{"damage":0.0,"enemies":"Small Slimes","floor":2.0,"turns":2.0},{"damage":1.0,"enemies":"2 Louse","floor":3.0,"turns":3.0},{"damage":15.0,"enemies":"3 Sentries","floor":6.0,"turns":3.0},{"damage":6.0,"enemies":"Large Slime","floor":7.0,"turns":6.0},{"damage":37.0,"enemies":"Lagavulin","floor":8.0,"turns":8.0},{"damage":6,"enemies":"Exordium Thugs","floor":11,"turns":3}],"seed_played":"-8145492790463021980","potions_obtained":[{"floor":5.0,"key":"Weak Potion"},{"floor":5.0,"key":"PowerPotion"},{"floor":6.0,"key":"Regen Potion"},{"floor":8.0,"key":"SteroidPotion"}],"is_trial":false,"path_per_floor":["M","M","M","?","?","E","M","E","T","$"],"character_chosen":"DEFECT","items_purchased":["Cold Snap","Capacitor"],"campfire_rested":0,"item_purchase_floors":[10,10],"current_hp_per_floor":[62,62,61,61,61,46,40,3,3,3,6],"gold":148,"neow_bonus":"","is_prod":false,"is_daily":false,"chose_seed":false,"campfire_upgraded":0,"win_rate":0,"timestamp":1537317797,"path_taken":["M","M","M","?","?","E","M","E","T","$","?"],"build_version":"2018-09-18","purchased_purges":1,"victory":false,"max_hp_per_floor":[71,71,71,71,71,71,71,71,71,71,71],"card_choices":[{"not_picked":["Barrage","Coolheaded"],"picked":"Conserve Battery","floor":1.0},{"not_picked":["Compile Driver","Consume"],"picked":"Streamline","floor":2.0},{"not_picked":["Leap","Recycle"],"picked":"Chaos","floor":3.0},{"not_picked":["Sweeping Beam","Gash"],"picked":"Chill","floor":6.0},{"not_picked":["Meteor Strike","Beam Cell"],"picked":"Hologram","floor":7.0},{"not_picked":["Meteor Strike","Sunder"],"picked":"Streamline","floor":8.0}],"player_experience":654450,"relics_obtained":[{"floor":6.0,"key":"Ancient Tea Set"},{"floor":8.0,"key":"Meat on the Bone"},{"floor":9.0,"key":"Ornamental Fan"}],"event_choices":[{"event_name":"Liars Game","player_choice":"agreed","floor":4.0,"damage_taken":0.0},{"event_name":"The Lab","player_choice":"Got Potions","floor":5.0,"damage_taken":0.0}],"is_beta":true,"boss_relics":[],"items_purged_floors":[10],"is_endless":false,"potions_floor_spawned":[6,7,8],"killed_by":"Exordium Thugs","ascension_level":17}