{"gold_per_floor":[114,114,131,81,81,116,137,162,189,189],"floor_reached":10,"playtime":596,"items_purged":[],"score":68,"play_id":"ef63a78d-17a6-44bf-93b7-5d0278c217b0","local_time":"20180706125327","is_ascension_mode":false,"campfire_choices":[],"neow_cost":"NONE","seed_source_timestamp":14595974523567,"circlet_count":0,"master_deck":["Defend_G","Defend_G","Defend_G","Defend_G","Strike_G","Strike_G","Strike_G","Strike_G","Survivor","Neutralize","Masterful Stab"],"special_seed":0,"relics":["Velvet Choker","Golden Idol","Potion Belt","Happy Flower"],"potions_floor_usage":[10],"damage_taken":[{"damage":0.0,"enemies":"Small Slimes","floor":1.0,"turns":4.0},{"damage":0.0,"enemies":"2 Louse","floor":3.0,"turns":3.0},{"damage":19,"enemies":"3 Sentries","floor":6,"turns":12},{"damage":1,"enemies":"Jaw Worm","floor":7,"turns":3},{"damage":2,"enemies":"Exordium Wildlife","floor":8,"turns":5},{"damage":28,"enemies":"Lagavulin","floor":10,"turns":6}],"seed_played":"3401316420161725948","potions_obtained":[{"floor":3.0,"key":"Ancient Potion"},{"floor":7,"key":"SkillPotion"}],"is_trial":false,"path_per_floor":["M","?","M","?","?","E","M","M","T"],"character_chosen":"THE_SILENT","items_purchased":[],"campfire_rested":0,"item_purchase_floors":[],"current_hp_per_floor":[70,63,63,63,46,27,26,24,24,0],"gold":189,"neow_bonus":"BOSS_RELIC","is_prod":false,"is_daily":false,"chose_seed":false,"campfire_upgraded":0,"win_rate":0,"timestamp":1530852807,"path_taken":["M","?","M","?","?","E","M","M","T","E"],"build_version":"2018-07-05","purchased_purges":0,"victory":false,"max_hp_per_floor":[70,70,70,70,70,70,70,70,70,70],"card_choices":[{"not_picked":["Prepared","Slice","Distraction"],"picked":"SKIP","floor":1.0},{"not_picked":["Quick Slash","Distraction"],"picked":"Masterful Stab","floor":3.0},{"not_picked":["Deadly Poison","Endless Agony","PiercingWail"],"picked":"SKIP","floor":6},{"not_picked":["Deflect","Outmaneuver","Deadly Poison"],"picked":"SKIP","floor":7},{"not_picked":["Slice","Eviscerate","Underhanded Strike"],"picked":"SKIP","floor":8}],"player_experience":83645,"relics_obtained":[{"floor":6,"key":"Potion Belt"},{"floor":9,"key":"Happy Flower"}],"event_choices":[{"event_name":"Golden Wing","player_choice":"Card Removal","floor":2.0,"damage_taken":0.0},{"event_name":"The Cleric","player_choice":"Card Removal","floor":4.0,"damage_taken":0.0},{"event_name":"Golden Idol","player_choice":"Take Damage","floor":5.0,"damage_taken":0.0}],"boss_relics":[],"items_purged_floors":[],"is_endless":false,"potions_floor_spawned":[3,7],"killed_by":"Lagavulin","ascension_level":0}