{"gold_per_floor":[113,113,132,132,207,236,253,253,279,86,116,148,161,179,179,275,275,295,295,295,295,305,362,382,414,426,438,450,462,342,356,356,454,454,466,476,248,248],"floor_reached":38,"playtime":2060,"items_purged":["Strike_P","Strike_P","Strike_P"],"score":447,"play_id":"18bd9e55-eaba-4440-8d95-ea4f68b402be","local_time":"20190921001702","is_ascension_mode":false,"campfire_choices":[{"data":"Eruption","floor":8.0,"key":"SMITH"},{"floor":15.0,"key":"REST"},{"floor":28,"key":"REST"},{"data":"Alpha","floor":32,"key":"SMITH"}],"neow_cost":"NONE","seed_source_timestamp":9069703865800,"circlet_count":0,"master_deck":["Defend_P","Defend_P","Defend_P","Eruption+1","Vigilance","CarveReality","FollowUp","FlyingSleeves","Consecrate","Alpha+1","Consecrate","EmptyBody","DeusExMachina+1","SandsOfTime","Perseverance+1","Evaluate","InnerPeace","StepAndStrike+1","Necronomicurse","MentalFortress+1","MentalFortress+1","LessonLearned","BowlingBash+1","SashWhip","Devotion+1"],"special_seed":0,"relics":["PureWater","NeowsBlessing","Smiling Mask","Mummified Hand","Oddly Smooth Stone","Bronze Scales","Frozen Egg 2","CaptainsWheel","Velvet Choker","MutagenicStrength","Eternal Feather","Tiny Chest","MawBank","Pen Nib","Necronomicon","Omamori","Philosopher\u0027s Stone","Vajra"],"potions_floor_usage":[25],"damage_taken":[{"damage":0.0,"enemies":"2 Louse","floor":1.0,"turns":1.0},{"damage":0.0,"enemies":"Small Slimes","floor":3.0,"turns":1.0},{"damage":0.0,"enemies":"3 Sentries","floor":6.0,"turns":1.0},{"damage":0.0,"enemies":"Jaw Worm","floor":7.0,"turns":3.0},{"damage":31.0,"enemies":"Lagavulin","floor":12.0,"turns":4.0},{"damage":0.0,"enemies":"Large Slime","floor":13.0,"turns":6.0},{"damage":0.0,"enemies":"Looter","floor":14.0,"turns":1.0},{"damage":4.0,"enemies":"The Guardian","floor":16.0,"turns":7.0},{"damage":0.0,"enemies":"3 Byrds","floor":18.0,"turns":4.0},{"damage":4.0,"enemies":"Shell Parasite","floor":22.0,"turns":2.0},{"damage":6.0,"enemies":"Book of Stabbing","floor":23.0,"turns":5.0},{"damage":0.0,"enemies":"Cultist and Chosen","floor":24.0,"turns":5.0},{"damage":26,"enemies":"Slavers","floor":25,"turns":4},{"damage":0,"enemies":"Snecko","floor":31,"turns":5},{"damage":36,"enemies":"Champ","floor":33,"turns":8},{"damage":4,"enemies":"Orb Walker","floor":35,"turns":4},{"damage":28,"enemies":"3 Darklings","floor":36,"turns":7},{"damage":35,"enemies":"Transient","floor":38,"turns":4}],"seed_played":"7613443695638148064","potions_obtained":[{"floor":3.0,"key":"Ancient Potion"},{"floor":12.0,"key":"FearPotion"},{"floor":13.0,"key":"FearPotion"},{"floor":14.0,"key":"PowerPotion"},{"floor":16.0,"key":"Weak Potion"},{"floor":25,"key":"Strength Potion"},{"floor":31,"key":"EntropicBrew"},{"floor":35,"key":"Strength Potion"}],"is_trial":false,"path_per_floor":["M","?","M","?","?","E","M","R","T","$","?","E","M","M","R","B",null,"M","?","?","?","M","E","M","E","T","?","R","T","$","M","R","B",null,"M","M","$","M"],"character_chosen":"WATCHER","items_purchased":["Bronze Scales","MentalFortress+1","Vajra","Devotion+1"],"campfire_rested":2,"item_purchase_floors":[10,30,37,37],"current_hp_per_floor":[65,62,62,62,51,51,51,51,51,51,51,20,20,20,39,35,65,65,65,65,65,61,55,55,29,29,13,44,44,44,44,56,20,65,61,33,33,0],"gold":248,"neow_bonus":"THREE_ENEMY_KILL","is_prod":false,"is_daily":false,"chose_seed":false,"campfire_upgraded":2,"win_rate":0.0,"timestamp":1568992622,"path_taken":["M","?","M","?","?","E","M","R","T","?","?","E","M","M","R","BOSS","M","?","?","?","M","E","M","E","T","?","R","?","$","M","R","BOSS","M","M","$","M"],"build_version":"2019-09-19","purchased_purges":3,"victory":false,"max_hp_per_floor":[65,65,65,65,65,65,65,65,65,65,65,65,65,65,65,65,65,65,65,65,65,65,65,65,65,65,65,65,65,65,65,65,65,65,65,65,65,65],"card_choices":[{"not_picked":["Protect","Prostrate"],"picked":"CarveReality","floor":1.0},{"not_picked":["Perseverance","EmptyBody"],"picked":"FollowUp","floor":3.0},{"not_picked":["Tantrum","PathToVictory"],"picked":"FlyingSleeves","floor":6.0},{"not_picked":["Crescendo","Prostrate"],"picked":"Consecrate","floor":7.0},{"not_picked":["Crescendo","Worship"],"picked":"Alpha","floor":12.0},{"not_picked":["Crescendo","EmptyBody"],"picked":"Consecrate","floor":13.0},{"not_picked":["Sanctity","Crescendo"],"picked":"EmptyBody","floor":14.0},{"not_picked":["Ragnarok","Adaptation+1"],"picked":"DeusExMachina","floor":16.0},{"not_picked":["BowlingBash+1","FollowUp"],"picked":"SandsOfTime","floor":18.0},{"not_picked":["EmptyBody+1","CleanseEvil+1"],"picked":"Perseverance+1","floor":22.0},{"not_picked":["Blasphemy","CrushJoints"],"picked":"Evaluate","floor":23.0},{"not_picked":["Sanctity","ForeignInfluence"],"picked":"InnerPeace","floor":24.0},{"not_picked":["Collect","Protect"],"picked":"StepAndStrike+1","floor":25},{"not_picked":["ClearTheMind","EmptyBody"],"picked":"MentalFortress+1","floor":31},{"not_picked":["Pray","Vault"],"picked":"LessonLearned","floor":33},{"not_picked":["Consecrate","Weave+1"],"picked":"BowlingBash+1","floor":35},{"not_picked":["Fasting+1","BowlingBash"],"picked":"SashWhip","floor":36}],"player_experience":498530,"relics_obtained":[{"floor":6.0,"key":"Mummified Hand"},{"floor":9.0,"key":"Oddly Smooth Stone"},{"floor":12.0,"key":"CaptainsWheel"},{"floor":23.0,"key":"Tiny Chest"},{"floor":25,"key":"MawBank"},{"floor":26,"key":"Pen Nib"},{"floor":27,"key":"Necronomicon"},{"floor":29,"key":"Omamori"}],"event_choices":[{"damage_healed":0.0,"max_hp_gain":0.0,"max_hp_loss":0.0,"gold_gain":0.0,"event_name":"Scrap Ooze","player_choice":"Success","floor":2.0,"gold_loss":0.0,"damage_taken":3.0,"relics_obtained":["Smiling Mask"]},{"cards_removed":["Defend_P"],"damage_healed":0.0,"max_hp_gain":0.0,"max_hp_loss":0.0,"gold_gain":0.0,"event_name":"Living Wall","player_choice":"Forget","floor":4.0,"gold_loss":0.0,"damage_taken":0.0},{"damage_healed":0.0,"max_hp_gain":0.0,"max_hp_loss":0.0,"gold_gain":75.0,"event_name":"World of Goop","player_choice":"Gather Gold","floor":5.0,"gold_loss":0.0,"damage_taken":11.0},{"damage_healed":0.0,"max_hp_gain":0.0,"max_hp_loss":0.0,"gold_gain":30.0,"event_name":"Dead Adventurer","player_choice":"Searched \u00272\u0027 times","floor":11.0,"gold_loss":0.0,"damage_taken":0.0,"relics_obtained":["Frozen Egg 2"]},{"cards_removed":["Strike_P"],"damage_healed":0.0,"max_hp_gain":0.0,"max_hp_loss":0.0,"gold_gain":0.0,"event_name":"Back to Basics","player_choice":"Elegance","floor":19.0,"gold_loss":0.0,"damage_taken":0.0},{"damage_healed":0.0,"max_hp_gain":0.0,"max_hp_loss":0.0,"gold_gain":0.0,"event_name":"Drug Dealer","player_choice":"Inject Mutagens","floor":20.0,"gold_loss":0.0,"damage_taken":0.0,"relics_obtained":["MutagenicStrength"]},{"damage_healed":0.0,"max_hp_gain":0.0,"max_hp_loss":0.0,"gold_gain":0.0,"event_name":"The Mausoleum","player_choice":"Opened","floor":21.0,"gold_loss":0.0,"damage_taken":0.0,"relics_obtained":["Eternal Feather"]},{"damage_healed":0,"gold_gain":0,"player_choice":"Obtained Book","damage_taken":16,"max_hp_gain":0,"max_hp_loss":0,"event_name":"Cursed Tome","floor":27,"gold_loss":0}],"is_beta":true,"boss_relics":[{"not_picked":["HolyWater","Fusion Hammer"],"picked":"Velvet Choker"},{"not_picked":["Sozu","Runic Dome"],"picked":"Philosopher\u0027s Stone"}],"items_purged_floors":[10,30,37],"is_endless":false,"potions_floor_spawned":[3,12,13,14,16,18,25,31,35],"killed_by":"Transient","ascension_level":0}