{"gold_per_floor":[13,31,43,43,61,61,61,61,61,81,81,81,95,112,112,209,209,224,237,237,237,287,287,314,314,314,314,326,426,461,476,476,574,574,592,692,710,721,430,460,470,470,470,470,98,98,110,120,120,120,120,120,38,63,63],"floor_reached":55,"playtime":3312,"items_purged":["Defend_B","Injury"],"score":729,"play_id":"10f1b2f5-e62f-4037-98a5-7482b0a63cee","local_time":"20190924211852","is_ascension_mode":false,"campfire_choices":[{"data":"Zap","floor":6.0,"key":"SMITH"},{"data":"Dualcast","floor":8.0,"key":"SMITH"},{"data":"Sunder","floor":15.0,"key":"SMITH"},{"data":"Meteor Strike","floor":23.0,"key":"SMITH"},{"data":"Sweeping Beam","floor":25.0,"key":"SMITH"},{"floor":27.0,"key":"REST"},{"data":"Coolheaded","floor":32.0,"key":"SMITH"},{"data":"Hologram","floor":42.0,"key":"SMITH"},{"floor":44.0,"key":"RECALL"},{"data":"Compile Driver","floor":46.0,"key":"SMITH"},{"data":"Reboot","floor":49.0,"key":"SMITH"},{"data":"Ball Lightning","floor":52.0,"key":"SMITH"}],"neow_cost":"NO_GOLD","seed_source_timestamp":1210170736596,"circlet_count":0,"master_deck":["Strike_B","Strike_B","Defend_B","Zap+1","Dualcast+1","Sunder+1","Sweeping Beam+1","Conserve Battery","Cold Snap","Meteor Strike+1","Conserve Battery","Electrodynamics+1","Rebound","Conserve Battery+1","Capacitor+1","Compile Driver+1","Coolheaded+1","Reboot+1","Skim+1","Coolheaded+1","Cold Snap+1","Panache+1","Hologram+1","Sweeping Beam+1","Static Discharge+1","Meteor Strike+1","Capacitor+1","Ball Lightning+1","Double Energy+1","Coolheaded+1","Thunder Strike","Echo Form+1"],"special_seed":0,"relics":["Cracked Core","Frozen Egg 2","Pantograph","Sozu","Nunchaku","Ginger","Pear","Pen Nib","Cursed Key","StoneCalendar","Turnip","DollysMirror","DataDisk"],"potions_floor_usage":[54],"damage_taken":[{"damage":1.0,"enemies":"Cultist","floor":1.0,"turns":3.0},{"damage":0.0,"enemies":"2 Louse","floor":2.0,"turns":2.0},{"damage":1.0,"enemies":"Jaw Worm","floor":3.0,"turns":3.0},{"damage":1.0,"enemies":"3 Louse","floor":5.0,"turns":2.0},{"damage":0.0,"enemies":"2 Fungi Beasts","floor":10.0,"turns":2.0},{"damage":7.0,"enemies":"Exordium Thugs","floor":13.0,"turns":4.0},{"damage":0.0,"enemies":"3 Louse","floor":14.0,"turns":2.0},{"damage":9.0,"enemies":"Slime Boss","floor":16.0,"turns":9.0},{"damage":11.0,"enemies":"Shell Parasite","floor":18.0,"turns":4.0},{"damage":0.0,"enemies":"3 Byrds","floor":19.0,"turns":3.0},{"damage":42.0,"enemies":"Slavers","floor":24.0,"turns":4.0},{"damage":0.0,"enemies":"Sentry and Sphere","floor":28.0,"turns":2.0},{"damage":11.0,"enemies":"Gremlin Leader","floor":30.0,"turns":4.0},{"damage":23.0,"enemies":"Shelled Parasite and Fungi","floor":31.0,"turns":5.0},{"damage":23.0,"enemies":"Collector","floor":33.0,"turns":7.0},{"damage":0.0,"enemies":"Orb Walker","floor":35.0,"turns":3.0},{"damage":0.0,"enemies":"Mind Bloom Boss Battle","floor":36.0,"turns":4.0},{"damage":13.0,"enemies":"3 Shapes","floor":37.0,"turns":3.0},{"damage":0.0,"enemies":"Sphere and 2 Shapes","floor":38.0,"turns":4.0},{"damage":0.0,"enemies":"Giant Head","floor":40.0,"turns":6.0},{"damage":0.0,"enemies":"Transient","floor":41.0,"turns":5.0},{"damage":13.0,"enemies":"3 Darklings","floor":47.0,"turns":4.0},{"damage":31.0,"enemies":"4 Shapes","floor":48.0,"turns":2.0},{"damage":23.0,"enemies":"Donu and Deca","floor":50.0,"turns":6.0},{"damage":77,"enemies":"Shield and Spear","floor":54,"turns":5},{"damage":77,"enemies":"The Heart","floor":55,"turns":3}],"seed_played":"6846772880925892311","potions_obtained":[{"floor":3.0,"key":"SpeedPotion"},{"floor":13.0,"key":"FearPotion"},{"floor":14.0,"key":"FairyPotion"},{"floor":16.0,"key":"Energy Potion"}],"is_trial":false,"path_per_floor":["M","M","M","?","M","R","$","R","T","M","?","?","M","M","R","B",null,"M","M","?","T","?","R","E","R","T","R","M","?","E","M","R","B",null,"M","?","M","M","$","E","M","R","T","R","$","R","M","M","R","B",null,"R","$","E","B"],"character_chosen":"DEFECT","items_purchased":["Panache+1","Hologram","DollysMirror","Capacitor+1","Ball Lightning","Thunder Strike"],"campfire_rested":1,"item_purchase_floors":[39,39,45,45,45,53],"current_hp_per_floor":[74,74,73,78,77,77,77,77,77,77,77,77,70,70,70,71,80,69,69,69,69,69,69,27,27,37,64,64,64,53,30,30,32,90,90,90,77,77,77,77,77,77,77,77,77,77,64,33,33,35,90,90,90,13,0],"gold":63,"neow_bonus":"REMOVE_TWO","is_prod":false,"is_daily":false,"chose_seed":false,"campfire_upgraded":10,"win_rate":0,"timestamp":1569327532,"path_taken":["M","?","M","?","M","R","?","R","T","M","?","?","M","?","R","BOSS","M","M","?","?","?","R","E","R","T","R","?","?","E","M","R","BOSS","M","?","M","M","$","E","M","R","T","R","$","R","M","M","R","BOSS","R","$","E","BOSS"],"build_version":"2019-09-23","purchased_purges":2,"victory":false,"max_hp_per_floor":[75,75,75,80,80,80,80,80,80,80,80,80,80,80,80,80,80,80,80,80,80,80,80,80,80,90,90,90,90,90,90,90,90,90,90,90,90,90,90,90,90,90,90,90,90,90,90,90,90,90,90,90,90,90,90],"card_choices":[{"not_picked":["Hologram","Tempest"],"picked":"Sunder","floor":1.0},{"not_picked":["Storm","Go for the Eyes"],"picked":"Sweeping Beam","floor":2.0},{"not_picked":["Ball Lightning","Heatsinks"],"picked":"Conserve Battery","floor":3.0},{"not_picked":["Scrape","Hello World"],"picked":"Cold Snap","floor":5.0},{"not_picked":["Static Discharge+1","Coolheaded"],"picked":"Meteor Strike","floor":10.0},{"not_picked":["Sweeping Beam","Consume"],"picked":"Conserve Battery","floor":13.0},{"not_picked":["Go for the Eyes","Reboot","Scrape"],"picked":"SKIP","floor":14.0},{"not_picked":["Core Surge","Reboot"],"picked":"Electrodynamics+1","floor":16.0},{"not_picked":["Undo+1","Go for the Eyes"],"picked":"Rebound","floor":18.0},{"not_picked":["Sunder","Blizzard"],"picked":"Conserve Battery+1","floor":19.0},{"not_picked":["Thunder Strike","Beam Cell+1"],"picked":"Capacitor+1","floor":24.0},{"not_picked":["Double Energy","Genetic Algorithm","Scrape+1"],"picked":"SKIP","floor":28.0},{"not_picked":["Amplify","Loop+1"],"picked":"Compile Driver","floor":30.0},{"not_picked":["Consume","Turbo"],"picked":"Coolheaded","floor":31.0},{"not_picked":["All For One","Hyperbeam"],"picked":"Reboot","floor":33.0},{"not_picked":["White Noise+1","Hologram+1"],"picked":"Skim+1","floor":35.0},{"not_picked":["Stack+1","Melter+1"],"picked":"Coolheaded+1","floor":36.0},{"not_picked":["Reinforced Body","Coolheaded"],"picked":"Cold Snap+1","floor":37.0},{"not_picked":["Chill","Rainbow","Stack+1"],"picked":"SKIP","floor":38.0},{"not_picked":["Gash","Barrage"],"picked":"Sweeping Beam+1","floor":40.0},{"not_picked":["Steam+1","Cold Snap"],"picked":"Static Discharge+1","floor":41.0},{"not_picked":["Ball Lightning","Chaos"],"picked":"Double Energy+1","floor":47.0},{"not_picked":["Barrage","Sweeping Beam+1"],"picked":"Coolheaded+1","floor":48.0},{"not_picked":["Heatsinks+1","Gash+1"],"picked":"Echo Form+1","floor":54}],"player_experience":527767,"relics_obtained":[{"floor":9.0,"key":"Frozen Egg 2"},{"floor":21.0,"key":"Nunchaku"},{"floor":24.0,"key":"Ginger"},{"floor":26.0,"key":"Pear"},{"floor":30.0,"key":"Pen Nib"},{"floor":36.0,"key":"StoneCalendar"},{"floor":40.0,"key":"Turnip"},{"floor":54,"key":"DataDisk"}],"event_choices":[{"damage_healed":0.0,"max_hp_gain":5.0,"max_hp_loss":0.0,"gold_gain":0.0,"event_name":"Big Fish","player_choice":"Donut","floor":4.0,"gold_loss":0.0,"damage_taken":0.0},{"cards_removed":["Strike_B"],"damage_healed":0.0,"max_hp_gain":0.0,"max_hp_loss":0.0,"gold_gain":0.0,"event_name":"Living Wall","player_choice":"Forget","floor":11.0,"gold_loss":0.0,"damage_taken":0.0},{"damage_healed":0.0,"max_hp_gain":0.0,"max_hp_loss":0.0,"gold_gain":0.0,"event_name":"WeMeetAgain","player_choice":"Gave Potion","floor":12.0,"gold_loss":0.0,"damage_taken":0.0,"relics_obtained":["Pantograph"]},{"cards_removed":["Defend_B"],"damage_healed":0.0,"max_hp_gain":0.0,"max_hp_loss":0.0,"gold_gain":0.0,"event_name":"Back to Basics","player_choice":"Elegance","floor":20.0,"gold_loss":0.0,"damage_taken":0.0},{"damage_healed":0.0,"max_hp_gain":0.0,"max_hp_loss":0.0,"gold_gain":100.0,"event_name":"The Joust","player_choice":"Bet on Murderer","floor":22.0,"gold_loss":50.0,"damage_taken":0.0},{"damage_healed":0.0,"max_hp_gain":0.0,"max_hp_loss":0.0,"gold_gain":100.0,"event_name":"Golden Shrine","player_choice":"Pray","floor":29.0,"gold_loss":0.0,"damage_taken":0.0},{"damage_healed":0.0,"max_hp_gain":0.0,"max_hp_loss":0.0,"gold_gain":0.0,"event_name":"MindBloom","player_choice":"Fight","floor":36.0,"gold_loss":0.0,"damage_taken":0.0}],"is_beta":true,"boss_relics":[{"not_picked":["Velvet Choker","Ectoplasm"],"picked":"Sozu"},{"not_picked":["Calling Bell","Black Star"],"picked":"Cursed Key"}],"items_purged_floors":[39,45],"is_endless":false,"potions_floor_spawned":[3,13,14,16,24,30,35,36,41,48],"killed_by":"The Heart","ascension_level":0}