{"gold_per_floor":[109,109,109,34,47,74,74,99,99,119,119,119,136,136,136,237,237,253,269,199,211,222,222,251,251,251,298,298,9,29,49,49,149,149,160,160,207,307,182,182,214,227,227,227,237,87,0,15,15,15],"floor_reached":51,"playtime":3313,"items_purged":["Strike_G","Defend_G","Defend_G","Writhe"],"score":1075,"play_id":"e3eaa97c-9911-4999-88cc-2b48999d0465","local_time":"20181111230949","is_ascension_mode":true,"campfire_choices":[{"data":"Poisoned Stab","floor":7.0,"key":"SMITH"},{"data":"Deadly Poison","floor":12.0,"key":"SMITH"},{"data":"Defend_G","floor":15.0,"key":"SMITH"},{"floor":23.0,"key":"REST"},{"data":"Bane","floor":25.0,"key":"SMITH"},{"data":"Venomology","floor":28.0,"key":"SMITH"},{"data":"Backflip","floor":32.0,"key":"SMITH"},{"data":"Burst","floor":40,"key":"SMITH"},{"data":"Sadistic Nature","floor":49,"key":"SMITH"}],"neow_cost":"TEN_PERCENT_HP_LOSS","seed_source_timestamp":0,"circlet_count":0,"master_deck":["Defend_G+1","Survivor","Neutralize+1","Poisoned Stab+1","Flying Knee+1","Deadly Poison+1","Bullet Time","Blur+1","Corpse Explosion+1","Storm of Steel+1","Bane+1","Bouncing Flask+1","Venomology+1","Sadistic Nature+1","Backflip+1","Burst+1","Predator+1","Bouncing Flask+1","Backflip+1"],"special_seed":0,"relics":["Ring of the Snake","Bottled Flame","Orichalcum","Lantern","The Specimen","Astrolabe","Blue Candle","Potion Belt","PreservedInsect","Snecko Eye","FossilizedHelix","Gambling Chip","Bird Faced Urn","Toxic Egg 2","Red Mask"],"potions_floor_usage":[37,38,41,48,48,50,50,50,50,50,50],"damage_taken":[{"damage":0.0,"enemies":"Jaw Worm","floor":1.0,"turns":5.0},{"damage":3.0,"enemies":"2 Louse","floor":5.0,"turns":4.0},{"damage":30.0,"enemies":"Gremlin Nob","floor":6.0,"turns":5.0},{"damage":9.0,"enemies":"3 Sentries","floor":8.0,"turns":9.0},{"damage":0.0,"enemies":"Cultist","floor":10.0,"turns":3.0},{"damage":0.0,"enemies":"Gremlin Gang","floor":13.0,"turns":3.0},{"damage":0.0,"enemies":"Hexaghost","floor":16.0,"turns":8.0},{"damage":0.0,"enemies":"3 Byrds","floor":18.0,"turns":2.0},{"damage":15.0,"enemies":"2 Thieves","floor":19.0,"turns":3.0},{"damage":12.0,"enemies":"Snake Plant","floor":21.0,"turns":3.0},{"damage":0.0,"enemies":"Chosen and Byrds","floor":22.0,"turns":4.0},{"damage":0.0,"enemies":"Gremlin Leader","floor":24.0,"turns":4.0},{"damage":0.0,"enemies":"3 Cultists","floor":30.0,"turns":2.0},{"damage":0.0,"enemies":"Snake Plant","floor":31.0,"turns":2.0},{"damage":19.0,"enemies":"Collector","floor":33.0,"turns":6.0},{"damage":0.0,"enemies":"3 Shapes","floor":35.0,"turns":1.0},{"damage":3,"enemies":"2 Orb Walkers","floor":37,"turns":2},{"damage":0,"enemies":"Mind Bloom Boss Battle","floor":38,"turns":3},{"damage":0,"enemies":"Reptomancer","floor":41,"turns":2},{"damage":0,"enemies":"Orb Walker","floor":42,"turns":1},{"damage":0,"enemies":"4 Shapes","floor":45,"turns":2},{"damage":0,"enemies":"Writhing Mass","floor":48,"turns":2},{"damage":16,"enemies":"Time Eater","floor":50,"turns":6}],"seed_played":"-6119433202167407212","potions_obtained":[{"floor":6.0,"key":"EntropicBrew"},{"floor":10.0,"key":"AttackPotion"},{"floor":19.0,"key":"Weak Potion"},{"floor":22.0,"key":"AttackPotion"},{"floor":30.0,"key":"GhostInAJar"},{"floor":48,"key":"GhostInAJar"}],"is_trial":false,"path_per_floor":["M","?","?","$","M","E","R","E","T","M","T","R","M","?","R","B",null,"M","M","$","M","M","R","E","R","T","T","R","$","M","M","R","B",null,"M","$","?","?","$","R","E","M","T","?","M","$","?","M","R","B",null],"character_chosen":"THE_SILENT","items_purchased":["Venomology","Sadistic Nature"],"campfire_rested":1,"item_purchase_floors":[20,29],"current_hp_per_floor":[63,56,56,56,53,23,23,14,14,14,14,14,14,14,14,14,51,51,36,36,24,24,42,42,42,42,42,42,42,42,42,42,23,53,53,53,50,50,50,50,50,50,50,63,63,63,63,63,63,47],"gold":15,"neow_bonus":"REMOVE_TWO","is_prod":false,"is_daily":false,"chose_seed":false,"campfire_upgraded":8,"win_rate":0,"timestamp":1541948989,"path_taken":["M","?","?","$","?","E","R","E","T","?","?","R","M","?","R","BOSS","M","M","$","M","M","R","E","R","T","?","R","$","M","M","R","BOSS","M","$","?","?","$","R","E","M","T","?","M","$","?","M","R","BOSS"],"build_version":"2018-11-08","purchased_purges":4,"victory":true,"max_hp_per_floor":[63,63,63,63,63,63,63,63,63,63,63,63,63,63,63,63,63,63,63,63,63,63,63,63,63,63,63,63,63,63,63,63,63,63,63,63,63,63,63,63,63,63,63,63,63,63,63,63,63,63],"card_choices":[{"not_picked":["Slice","Endless Agony"],"picked":"Poisoned Stab","floor":1.0},{"not_picked":["Slice","Outmaneuver"],"picked":"Flying Knee","floor":5.0},{"not_picked":["Expertise","PiercingWail"],"picked":"Deadly Poison","floor":6.0},{"not_picked":["Blade Dance","Predator","Sucker Punch"],"picked":"SKIP","floor":8.0},{"not_picked":["Phantasmal Killer","Slice","Blade Dance"],"picked":"SKIP","floor":10.0},{"not_picked":["Outmaneuver","Quick Slash","PiercingWail"],"picked":"SKIP","floor":13.0},{"not_picked":["A Thousand Cuts","Unload"],"picked":"Bullet Time","floor":16.0},{"not_picked":["Underhanded Strike","Deflect"],"picked":"Bane","floor":18.0},{"not_picked":["Backflip","Outmaneuver"],"picked":"Bouncing Flask+1","floor":19.0},{"not_picked":["Quick Slash","Predator","Dagger Throw"],"picked":"SKIP","floor":21.0},{"not_picked":["Calculated Gamble","Deflect","Skewer"],"picked":"SKIP","floor":22.0},{"not_picked":["Well Laid Plans","Eviscerate","Bane+1"],"picked":"SKIP","floor":24.0},{"not_picked":["Endless Agony","Choke","Acrobatics"],"picked":"SKIP","floor":30.0},{"not_picked":["Outmaneuver","Poisoned Stab"],"picked":"Backflip","floor":31.0},{"not_picked":["Envenom","Unload"],"picked":"Burst","floor":33.0},{"not_picked":["Prepared+1","Endless Agony","Underhanded Strike+1"],"picked":"SKIP","floor":35.0},{"not_picked":["Dagger Throw+1","Deflect"],"picked":"Predator+1","floor":38},{"not_picked":["Wraith Form v2","Deadly Poison+1"],"picked":"Bouncing Flask+1","floor":41},{"not_picked":["Tactician+1","Dagger Spray","Calculated Gamble"],"picked":"SKIP","floor":42},{"not_picked":["Dagger Throw+1","Expertise+1","Cloak And Dagger+1"],"picked":"SKIP","floor":45},{"not_picked":["Blade Dance+1","Dagger Spray+1"],"picked":"Backflip+1","floor":48}],"player_experience":412735,"relics_obtained":[{"floor":6.0,"key":"Bottled Flame"},{"floor":8.0,"key":"Orichalcum"},{"floor":9.0,"key":"Lantern"},{"floor":11.0,"key":"The Specimen"},{"floor":24.0,"key":"Blue Candle"},{"floor":26.0,"key":"Potion Belt"},{"floor":27.0,"key":"PreservedInsect"},{"floor":37,"key":"FossilizedHelix"},{"floor":38,"key":"Gambling Chip"},{"floor":41,"key":"Bird Faced Urn"},{"floor":43,"key":"Toxic Egg 2"}],"event_choices":[{"cards_removed":["Strike_G"],"damage_healed":0.0,"max_hp_gain":0.0,"max_hp_loss":0.0,"gold_gain":0.0,"event_name":"Golden Wing","player_choice":"Card Removal","floor":2.0,"gold_loss":0.0,"damage_taken":7.0},{"damage_healed":0.0,"max_hp_gain":0.0,"max_hp_loss":0.0,"gold_gain":0.0,"event_name":"Accursed Blacksmith","player_choice":"Forge","floor":3.0,"gold_loss":0.0,"damage_taken":0.0,"cards_upgraded":["Neutralize"]},{"damage_healed":0.0,"max_hp_gain":0.0,"max_hp_loss":0.0,"gold_gain":0.0,"event_name":"Upgrade Shrine","player_choice":"Upgraded","floor":14.0,"gold_loss":0.0,"damage_taken":0.0,"cards_upgraded":["Flying Knee"]},{"damage_healed":0,"gold_gain":0,"player_choice":"Fight","damage_taken":0,"max_hp_gain":0,"max_hp_loss":0,"event_name":"Mysterious Sphere","floor":37,"gold_loss":0},{"damage_healed":0,"gold_gain":0,"player_choice":"Fight","damage_taken":0,"max_hp_gain":0,"max_hp_loss":0,"event_name":"MindBloom","floor":38,"gold_loss":0},{"damage_healed":16,"gold_gain":0,"player_choice":"Writhe","damage_taken":0,"max_hp_gain":0,"max_hp_loss":0,"event_name":"Winding Halls","floor":44,"gold_loss":0,"cards_obtained":["Writhe"]},{"damage_healed":0,"gold_gain":0,"player_choice":"Paid","damage_taken":0,"relics_obtained":["Red Mask"],"max_hp_gain":0,"max_hp_loss":0,"event_name":"Tomb of Lord Red Mask","floor":47,"gold_loss":87}],"is_beta":false,"boss_relics":[{"not_picked":["HoveringKite","Fusion Hammer"],"picked":"Astrolabe"},{"not_picked":["Tiny House","Sozu"],"picked":"Snecko Eye"}],"items_purged_floors":[4,29,39,46],"is_endless":false,"potions_floor_spawned":[6,10,19,22,30,35,42,48],"ascension_level":7}