{"gold_per_floor":[409,422,87,100,111,111,144,144,144,161,161,111,125,125,125,221,221,240,240,256,256,275,275,275,275,275,275,285,285],"floor_reached":29,"playtime":1102,"items_purged":["Defend_B"],"score":225,"play_id":"3487d83b-55c4-4720-9b76-c80ce7019496","local_time":"20190925011758","is_ascension_mode":false,"campfire_choices":[{"data":"Sunder","floor":6.0,"key":"SMITH"},{"data":"Zap","floor":8.0,"key":"SMITH"},{"data":"Dualcast","floor":11.0,"key":"SMITH"},{"data":"Redo","floor":15.0,"key":"SMITH"},{"data":"Electrodynamics","floor":23.0,"key":"SMITH"},{"data":"1","floor":25.0,"key":"LIFT"},{"data":"2","floor":27.0,"key":"LIFT"}],"neow_cost":"NONE","seed_source_timestamp":18313612722679,"circlet_count":0,"master_deck":["Strike_B","Strike_B","Strike_B","Defend_B","Defend_B","Defend_B","Zap+1","Dualcast+1","CurseOfTheBell","Sunder+1","Sweeping Beam","Redo+1","Electrodynamics+1","Barrage","Cold Snap+1","Rip and Tear+1","Writhe","Conserve Battery+1","Stack+1"],"special_seed":0,"relics":["Calling Bell","Pen Nib","Symbiotic Virus","Old Coin","Kunai","Girya","Pocketwatch","Frozen Egg 2","Coffee Dripper","Akabeko","Gremlin Horn","Shuriken"],"potions_floor_usage":[29],"damage_taken":[{"damage":0.0,"enemies":"Cultist","floor":1.0,"turns":4.0},{"damage":2.0,"enemies":"Small Slimes","floor":2.0,"turns":2.0},{"damage":1.0,"enemies":"Jaw Worm","floor":4.0,"turns":2.0},{"damage":1.0,"enemies":"Large Slime","floor":5.0,"turns":5.0},{"damage":21.0,"enemies":"Lagavulin","floor":7.0,"turns":5.0},{"damage":0.0,"enemies":"2 Fungi Beasts","floor":10.0,"turns":1.0},{"damage":4.0,"enemies":"Gremlin Gang","floor":13.0,"turns":2.0},{"damage":32.0,"enemies":"The Guardian","floor":16.0,"turns":7.0},{"damage":5.0,"enemies":"2 Thieves","floor":18.0,"turns":3.0},{"damage":10.0,"enemies":"Spheric Guardian","floor":20.0,"turns":3.0},{"damage":7.0,"enemies":"3 Cultists","floor":22.0,"turns":3.0},{"damage":19.0,"enemies":"Shelled Parasite and Fungi","floor":28.0,"turns":3.0},{"damage":29,"enemies":"Gremlin Leader","floor":29,"turns":4}],"seed_played":"-6131737429317795484","potions_obtained":[{"floor":1.0,"key":"SteroidPotion"},{"floor":7.0,"key":"Block Potion"},{"floor":10.0,"key":"DuplicationPotion"},{"floor":13.0,"key":"LiquidBronze"}],"is_trial":false,"path_per_floor":["M","M","$","M","M","R","E","R","T","M","R","?","M","?","R","B",null,"M","?","M","?","M","R","?","R","T","R","M","E"],"character_chosen":"DEFECT","items_purchased":["Kunai"],"campfire_rested":0,"item_purchase_floors":[3],"current_hp_per_floor":[75,73,73,72,71,71,50,50,50,50,50,50,46,43,43,11,75,70,56,46,46,39,39,39,39,39,39,20,0],"gold":285,"neow_bonus":"BOSS_RELIC","is_prod":false,"is_daily":false,"chose_seed":false,"campfire_upgraded":5,"win_rate":0,"timestamp":1569341878,"path_taken":["M","M","$","M","?","R","E","R","T","M","R","?","M","?","R","BOSS","M","?","M","?","M","R","?","R","T","R","M","E"],"build_version":"2019-09-23","purchased_purges":1,"victory":false,"max_hp_per_floor":[75,75,75,75,75,75,75,75,75,75,75,75,75,75,75,75,75,75,80,80,80,80,80,80,80,80,80,80,80],"card_choices":[{"not_picked":["Conserve Battery","Turbo","Stack"],"picked":"SKIP","floor":1.0},{"not_picked":["Rebound","Double Energy"],"picked":"Sunder","floor":2.0},{"not_picked":["Rebound","Loop"],"picked":"Sweeping Beam","floor":4.0},{"not_picked":["Go for the Eyes","Steam"],"picked":"Redo","floor":5.0},{"not_picked":["Static Discharge","Leap"],"picked":"Electrodynamics","floor":7.0},{"not_picked":["Undo","Streamline","Storm"],"picked":"SKIP","floor":10.0},{"not_picked":["Streamline","Cold Snap"],"picked":"Barrage","floor":13.0},{"not_picked":["Double Energy+1","Rebound"],"picked":"Cold Snap+1","floor":18.0},{"not_picked":["Ball Lightning","Steam"],"picked":"Rip and Tear+1","floor":20.0},{"not_picked":["Barrage+1","Fusion"],"picked":"Conserve Battery+1","floor":22.0},{"not_picked":["Blizzard","Streamline"],"picked":"Stack+1","floor":28.0}],"player_experience":533548,"relics_obtained":[{"floor":0.0,"key":"Pen Nib"},{"floor":0.0,"key":"Symbiotic Virus"},{"floor":0.0,"key":"Old Coin"},{"floor":7.0,"key":"Girya"},{"floor":9.0,"key":"Pocketwatch"},{"floor":26.0,"key":"Shuriken"}],"event_choices":[{"cards_removed":["Strike_B"],"damage_healed":0.0,"max_hp_gain":0.0,"max_hp_loss":0.0,"gold_gain":0.0,"event_name":"The Cleric","player_choice":"Card Removal","floor":12.0,"gold_loss":50.0,"damage_taken":0.0},{"damage_healed":0.0,"max_hp_gain":0.0,"max_hp_loss":0.0,"gold_gain":0.0,"event_name":"Scrap Ooze","player_choice":"Success","floor":14.0,"gold_loss":0.0,"damage_taken":3.0,"relics_obtained":["Frozen Egg 2"]},{"damage_healed":0.0,"max_hp_gain":5.0,"max_hp_loss":0.0,"gold_gain":0.0,"event_name":"Forgotten Altar","player_choice":"Shed Blood","floor":19.0,"gold_loss":0.0,"damage_taken":19.0},{"damage_healed":0.0,"max_hp_gain":0.0,"max_hp_loss":0.0,"gold_gain":0.0,"event_name":"The Mausoleum","player_choice":"Opened","floor":21.0,"gold_loss":0.0,"damage_taken":0.0,"relics_obtained":["Akabeko"],"cards_obtained":["Writhe"]},{"damage_healed":0.0,"max_hp_gain":0.0,"max_hp_loss":0.0,"gold_gain":0.0,"event_name":"WeMeetAgain","player_choice":"Gave Potion","floor":24.0,"gold_loss":0.0,"damage_taken":0.0,"relics_obtained":["Gremlin Horn"]}],"is_beta":true,"boss_relics":[{"not_picked":["Fusion Hammer","SlaversCollar"],"picked":"Coffee Dripper"}],"items_purged_floors":[3],"is_endless":false,"potions_floor_spawned":[1,7,10,13,20],"killed_by":"Gremlin Leader","ascension_level":0}