{"gold_per_floor":[118,68,68,68,79,79,109,109,109,128,156,156,331,343,343,448,448,462,462,128,141,161,494,494,494,494,519,532,545,495,512,512,616,616,629,579,626,642,658,658],"floor_reached":40,"playtime":1695,"items_purged":["Doubt","Strike_P","Strike_P"],"score":754,"play_id":"88463c95-b73a-426e-8780-bf69e0e8cc37","local_time":"20191007015402","is_ascension_mode":true,"campfire_choices":[{"data":"Vigilance","floor":6.0,"key":"SMITH"},{"data":"Consecrate","floor":12.0,"key":"SMITH"},{"data":"BowlingBash","floor":15.0,"key":"SMITH"},{"data":"Judgement","floor":24.0,"key":"SMITH"},{"floor":32.0,"key":"REST"}],"neow_cost":"NONE","seed_source_timestamp":2511482237722,"circlet_count":0,"master_deck":["Strike_P","Strike_P+1","Defend_P","Defend_P","Defend_P+1","Eruption+1","Vigilance+1","WheelKick+1","Vengeance+1","BowlingBash+1","Consecrate+1","Judgement+1","TalkToTheHand+1","Halt+1","TalkToTheHand+1","BattleHymn","ReachHeaven","FollowUp","Devotion","WindmillStrike","Pray"],"special_seed":0,"relics":["PureWater","NeowsBlessing","Akabeko","FossilizedHelix","Mercury Hourglass","Black Star","TeardropLocket","Old Coin","CloakClasp","Smiling Mask","War Paint","Vajra","SlaversCollar","Shovel"],"potions_floor_usage":[39],"damage_taken":[{"damage":0.0,"enemies":"Cultist","floor":1.0,"turns":1.0},{"damage":0.0,"enemies":"2 Louse","floor":5.0,"turns":1.0},{"damage":0.0,"enemies":"Gremlin Nob","floor":7.0,"turns":1.0},{"damage":0.0,"enemies":"Small Slimes","floor":10.0,"turns":1.0},{"damage":0.0,"enemies":"Lagavulin","floor":11.0,"turns":3.0},{"damage":0.0,"enemies":"Exordium Thugs","floor":14.0,"turns":2.0},{"damage":51.0,"enemies":"Hexaghost","floor":16.0,"turns":9.0},{"damage":0.0,"enemies":"3 Byrds","floor":18.0,"turns":3.0},{"damage":0.0,"enemies":"Chosen","floor":21.0,"turns":1.0},{"damage":0.0,"enemies":"Snecko","floor":22.0,"turns":3.0},{"damage":0.0,"enemies":"Gremlin Leader","floor":23.0,"turns":3.0},{"damage":14.0,"enemies":"Book of Stabbing","floor":27.0,"turns":2.0},{"damage":6.0,"enemies":"Shelled Parasite and Fungi","floor":28.0,"turns":3.0},{"damage":16.0,"enemies":"Snake Plant","floor":29.0,"turns":3.0},{"damage":0.0,"enemies":"Snecko","floor":31.0,"turns":2.0},{"damage":0.0,"enemies":"Champ","floor":33.0,"turns":6.0},{"damage":0.0,"enemies":"Orb Walker","floor":35.0,"turns":3.0},{"damage":29.0,"enemies":"2 Orb Walkers","floor":37.0,"turns":4.0},{"damage":0.0,"enemies":"3 Darklings","floor":38.0,"turns":5.0},{"damage":12,"enemies":"Jaw Worm Horde","floor":39,"turns":3},{"damage":32,"enemies":"Reptomancer","floor":40,"turns":2}],"seed_played":"6935987585634072383","potions_obtained":[{"floor":1.0,"key":"LiquidBronze"},{"floor":10.0,"key":"Block Potion"},{"floor":14.0,"key":"Swift Potion"},{"floor":16.0,"key":"FearPotion"},{"floor":18.0,"key":"SkillPotion"},{"floor":21.0,"key":"Weak Potion"},{"floor":28.0,"key":"SneckoOil"},{"floor":29.0,"key":"SteroidPotion"},{"floor":33.0,"key":"PowerPotion"},{"floor":37.0,"key":"Ancient Potion"}],"is_trial":false,"path_per_floor":["M","?","?","?","M","R","E","?","T","M","E","R","?","M","R","B",null,"M","?","$","M","M","E","R","?","T","E","M","M","$","M","R","B",null,"M","$","?","M","M","E"],"character_chosen":"WATCHER","items_purchased":["TeardropLocket"],"campfire_rested":1,"item_purchase_floors":[20],"current_hp_per_floor":[65,65,51,51,51,51,51,56,56,56,56,56,56,56,56,5,59,59,45,45,45,45,45,45,45,45,31,25,9,9,9,33,33,70,70,70,41,41,29,0],"gold":658,"neow_bonus":"THREE_ENEMY_KILL","is_prod":false,"is_daily":false,"chose_seed":false,"campfire_upgraded":4,"win_rate":0,"timestamp":1570380842,"path_taken":["M","?","?","?","?","R","E","?","T","M","E","R","?","M","R","BOSS","M","?","$","M","M","E","R","?","T","E","M","?","?","M","R","BOSS","M","$","?","M","M","E"],"build_version":"2019-10-04","purchased_purges":3,"victory":false,"max_hp_per_floor":[72,72,72,72,72,72,72,77,77,77,77,77,77,77,77,77,77,77,82,82,82,82,82,82,82,82,82,82,82,82,82,82,82,82,82,82,82,82,82,82],"card_choices":[{"not_picked":["EmptyFist","JustLucky"],"picked":"WheelKick","floor":1.0},{"not_picked":["Evaluate","EmptyBody"],"picked":"Vengeance","floor":5.0},{"not_picked":["Indignation","SashWhip","CutThroughFate"],"picked":"SKIP","floor":7.0},{"not_picked":["Halt","FlyingSleeves"],"picked":"BowlingBash","floor":10.0},{"not_picked":["Swivel","CrushJoints"],"picked":"Consecrate","floor":11.0},{"not_picked":["ThirdEye","SashWhip","Sanctity"],"picked":"SKIP","floor":14.0},{"not_picked":["Alpha","DevaForm"],"picked":"Judgement","floor":16.0},{"not_picked":["Prostrate","Nirvana"],"picked":"TalkToTheHand+1","floor":18.0},{"not_picked":["Weave","EmptyBody+1"],"picked":"Halt+1","floor":21.0},{"not_picked":["ThirdEye","Prostrate","JustLucky"],"picked":"SKIP","floor":22.0},{"not_picked":["MentalFortress","Vengeance","Crescendo"],"picked":"SKIP","floor":23.0},{"not_picked":["Weave","Protect","Wireheading"],"picked":"SKIP","floor":27.0},{"not_picked":["EmptyBody","SashWhip+1"],"picked":"BattleHymn","floor":28.0},{"not_picked":["ThirdEye","MasterReality","ReachHeaven"],"picked":"SKIP","floor":29.0},{"not_picked":["ThirdEye","MasterReality"],"picked":"ReachHeaven","floor":29.0},{"not_picked":["ForeignInfluence","Crescendo"],"picked":"FollowUp","floor":31.0},{"not_picked":["DeusExMachina","MasterReality"],"picked":"Devotion","floor":33.0},{"not_picked":["ClearTheMind","FollowUp"],"picked":"WindmillStrike","floor":35.0},{"not_picked":["SashWhip","Scrawl","FlurryOfBlows+1"],"picked":"SKIP","floor":38.0},{"not_picked":["ForeignInfluence","Protect+1"],"picked":"Pray","floor":39}],"player_experience":579540,"relics_obtained":[{"floor":7.0,"key":"Akabeko"},{"floor":9.0,"key":"FossilizedHelix"},{"floor":11.0,"key":"Mercury Hourglass"},{"floor":23.0,"key":"Old Coin"},{"floor":23.0,"key":"CloakClasp"},{"floor":26.0,"key":"Smiling Mask"},{"floor":27.0,"key":"War Paint"},{"floor":27.0,"key":"Vajra"},{"floor":37.0,"key":"Shovel"}],"event_choices":[{"cards_removed":["Defend_P"],"damage_healed":0.0,"max_hp_gain":0.0,"max_hp_loss":0.0,"gold_gain":0.0,"event_name":"The Cleric","player_choice":"Card Removal","floor":2.0,"gold_loss":50.0,"damage_taken":0.0},{"damage_healed":0.0,"max_hp_gain":0.0,"max_hp_loss":0.0,"gold_gain":0.0,"event_name":"Shining Light","player_choice":"Entered Light","floor":3.0,"gold_loss":0.0,"damage_taken":14.0,"cards_upgraded":["Strike_P","WheelKick"]},{"damage_healed":0.0,"max_hp_gain":0.0,"max_hp_loss":0.0,"gold_gain":0.0,"event_name":"Upgrade Shrine","player_choice":"Upgraded","floor":4.0,"gold_loss":0.0,"damage_taken":0.0,"cards_upgraded":["Eruption"]},{"damage_healed":0.0,"max_hp_gain":5.0,"max_hp_loss":0.0,"gold_gain":0.0,"event_name":"Big Fish","player_choice":"Donut","floor":8.0,"gold_loss":0.0,"damage_taken":0.0},{"damage_healed":0.0,"max_hp_gain":0.0,"max_hp_loss":0.0,"gold_gain":175.0,"event_name":"Liars Game","player_choice":"AGREE","floor":13.0,"gold_loss":0.0,"damage_taken":0.0,"cards_obtained":["Doubt"]},{"damage_healed":0.0,"max_hp_gain":5.0,"max_hp_loss":0.0,"gold_gain":0.0,"event_name":"Forgotten Altar","player_choice":"Shed Blood","floor":19.0,"gold_loss":0.0,"damage_taken":19.0},{"damage_healed":0.0,"max_hp_gain":0.0,"max_hp_loss":0.0,"gold_gain":0.0,"event_name":"Duplicator","player_choice":"Copied","floor":25.0,"gold_loss":0.0,"damage_taken":0.0,"cards_obtained":["TalkToTheHand"]},{"damage_healed":0.0,"max_hp_gain":0.0,"max_hp_loss":0.0,"gold_gain":0.0,"event_name":"Mysterious Sphere","player_choice":"Fight","floor":37.0,"gold_loss":0.0,"damage_taken":0.0}],"is_beta":true,"boss_relics":[{"not_picked":["Fusion Hammer","SacredBark"],"picked":"Black Star"},{"not_picked":["Runic Dome","Sozu"],"picked":"SlaversCollar"}],"items_purged_floors":[20,30,36],"is_endless":false,"potions_floor_spawned":[1,10,14,16,18,21,28,29,33,37],"killed_by":"Reptomancer","ascension_level":6}