{"gold_per_floor":[117,134,146,45,45,71,71,71,71,98,113,113,19,31,31,31],"floor_reached":16,"playtime":499,"items_purged":[],"score":198,"play_id":"dc5ce0f8-1e02-4ddf-a8db-dbb4ac529169","local_time":"20181003140645","is_ascension_mode":true,"campfire_choices":[{"floor":7,"key":"REST"},{"data":"Juggernaut","floor":12,"key":"SMITH"},{"data":"Disarm","floor":15,"key":"SMITH"}],"neow_cost":"","seed_source_timestamp":2816300492752,"circlet_count":0,"master_deck":["Strike_R","Strike_R","Strike_R","Strike_R","Strike_R","Defend_R","Defend_R","Defend_R","Defend_R","Bash","AscendersBane","Iron Wave","Rage","Inflame","Flex","Juggernaut+1","Armaments","Shrug It Off","Disarm+1","Flex","Feel No Pain"],"relics":["Burning Blood","Prayer Wheel","FossilizedHelix","Mercury Hourglass"],"potions_floor_usage":[10,10],"damage_taken":[{"damage":5,"enemies":"Small Slimes","floor":1,"turns":4},{"damage":6,"enemies":"Cultist","floor":2,"turns":3},{"damage":6,"enemies":"Jaw Worm","floor":3,"turns":4},{"damage":58,"enemies":"Gremlin Nob","floor":6,"turns":6},{"damage":25,"enemies":"3 Sentries","floor":10,"turns":8},{"damage":3,"enemies":"Blue Slaver","floor":11,"turns":3},{"damage":8,"enemies":"3 Louse","floor":14,"turns":3},{"damage":26,"enemies":"The Guardian","floor":16,"turns":9}],"seed_played":"4201633993149211945","potions_obtained":[{"floor":1,"key":"LiquidBronze"},{"floor":6,"key":"Regen Potion"},{"floor":10,"key":"SteroidPotion"}],"is_trial":false,"path_per_floor":["M","M","M","$","?","E","R","?","T","E","M","R","$","M","R"],"character_chosen":"IRONCLAD","items_purchased":["Inflame","Flex","Disarm"],"campfire_rested":1,"item_purchase_floors":[4,4,13],"current_hp_per_floor":[69,69,69,69,69,17,39,32,32,28,31,31,31,29,29,3],"gold":31,"neow_bonus":"","is_prod":false,"is_daily":false,"chose_seed":false,"campfire_upgraded":2,"win_rate":0,"timestamp":1538568405,"path_taken":["M","M","M","$","?","E","R","?","T","E","M","R","$","M","R","BOSS"],"build_version":"2018-10-02","purchased_purges":0,"victory":false,"max_hp_per_floor":[75,75,75,75,75,75,75,75,75,75,75,75,75,75,75,75],"card_choices":[{"not_picked":["Seeing Red","Anger"],"picked":"Body Slam","floor":1},{"not_picked":["Reckless Charge","Whirlwind"],"picked":"Iron Wave","floor":2},{"not_picked":["Power Through","Pommel Strike"],"picked":"Rage","floor":3},{"not_picked":["Second Wind","Warcry"],"picked":"Juggernaut","floor":6},{"not_picked":["Dual Wield","Twin Strike"],"picked":"Armaments","floor":10},{"not_picked":["Reckless Charge","Anger"],"picked":"Shrug It Off","floor":11},{"not_picked":["Warcry","Hemokinesis","Combust"],"picked":"SKIP","floor":11},{"not_picked":["Sword Boomerang","Anger"],"picked":"Flex","floor":14},{"not_picked":["Clash","Sword Boomerang"],"picked":"Feel No Pain","floor":14}],"player_experience":664708,"relics_obtained":[{"floor":6,"key":"Prayer Wheel"},{"floor":9,"key":"FossilizedHelix"},{"floor":10,"key":"Mercury Hourglass"}],"event_choices":[{"event_name":"Transmorgrifier","player_choice":"Transform","floor":5,"damage_taken":0},{"event_name":"Golden Wing","player_choice":"Card Removal","floor":8,"damage_taken":0}],"is_beta":true,"boss_relics":[],"items_purged_floors":[],"is_endless":false,"potions_floor_spawned":[1,6,10],"killed_by":"The Guardian","ascension_level":16}