{"gold_per_floor":[114,130,130,151,151,191,191,116,116,116,90,265,300,300,300,420,420,438,438,453,473,473,511,526,228,228,228,228,242,262,287,287,415,415,438,458,483,169,183,218,218,262,262,278,278,278,41,59,59,59],"floor_reached":51,"playtime":4637,"items_purged":["Decay","Doubt","Anger+1"],"score":760,"play_id":"c8eae24f-100a-4ce5-895e-41594fa33f10","local_time":"20180630173504","is_ascension_mode":false,"campfire_choices":[{"data":"Perfected Strike","floor":7,"key":"SMITH"},{"floor":10,"key":"REST"},{"floor":15,"key":"REST"},{"floor":27,"key":"REST"},{"data":"Double Tap","floor":32,"key":"SMITH"},{"floor":41,"key":"REST"},{"floor":46,"key":"REST"},{"data":"Perfected Strike","floor":49,"key":"SMITH"}],"neow_cost":"NONE","seed_source_timestamp":11388113424765,"circlet_count":0,"master_deck":["Strike_R","Strike_R","Strike_R","Strike_R","Strike_R","Defend_R","Defend_R","Bash","Blood for Blood","Perfected Strike","Perfected Strike+1","Impervious","Cleave","Headbutt","Double Tap+1","Whirlwind+1","Uppercut","Thunderclap","Dropkick+1","Blood for Blood+1","Pommel Strike","Twin Strike","Bludgeon","Blood for Blood","Perfected Strike+1","Bludgeon","Heavy Blade+1","Ghostly Armor+1","Flex+1","Carnage+1","Perfected Strike","Perfected Strike","Perfected Strike+1","Rage+1","Dark Embrace","Headbutt","Madness","Madness","Flex+1","Battle Trance","Uppercut","Shrug It Off+1"],"relics":["Eternal Feather","Golden Idol","Mango","Matryoshka","Regal Pillow","Snecko Eye","Nilry\u0027s Codex","Question Card","Centennial Puzzle","Potion Belt","Dream Catcher","Ancient Tea Set","Ornamental Fan","Astrolabe","Oddly Smooth Stone","Strawberry","Shuriken","Boot","Bottled Flame"],"potions_floor_usage":[16,21,23,33,36,40,40,50,50,50,50,50],"damage_taken":[{"damage":0,"enemies":"2 Louse","floor":1,"turns":4},{"damage":2,"enemies":"Small Slimes","floor":2,"turns":3},{"damage":6,"enemies":"Cultist","floor":4,"turns":3},{"damage":36,"enemies":"Gremlin Nob","floor":6,"turns":5},{"damage":64,"enemies":"Lagavulin","floor":13,"turns":7},{"damage":80,"enemies":"The Guardian","floor":16,"turns":13},{"damage":5,"enemies":"Shell Parasite","floor":18,"turns":3},{"damage":0,"enemies":"Spheric Guardian","floor":20,"turns":3},{"damage":24,"enemies":"Cultist and Chosen","floor":21,"turns":6},{"damage":6,"enemies":"Gremlin Leader","floor":23,"turns":3},{"damage":15,"enemies":"Snake Plant","floor":24,"turns":3},{"damage":8,"enemies":"Centurion and Healer","floor":29,"turns":4},{"damage":0,"enemies":"Chosen and Byrds","floor":30,"turns":3},{"damage":0,"enemies":"Sentry and Sphere","floor":31,"turns":3},{"damage":2,"enemies":"Collector","floor":33,"turns":5},{"damage":6,"enemies":"Orb Walker","floor":35,"turns":2},{"damage":21,"enemies":"3 Darklings","floor":36,"turns":5},{"damage":28,"enemies":"4 Shapes","floor":39,"turns":2},{"damage":56,"enemies":"Nemesis","floor":40,"turns":8},{"damage":11,"enemies":"2 Orb Walkers","floor":42,"turns":2},{"damage":5,"enemies":"Sphere and 2 Shapes","floor":44,"turns":2},{"damage":0,"enemies":"Maw","floor":48,"turns":4},{"damage":72,"enemies":"Awakened One","floor":50,"turns":10}],"seed_played":"-4332034894052433717","potions_obtained":[{"floor":1,"key":"BloodPotion"},{"floor":6,"key":"GamblersBrew"},{"floor":16,"key":"FearPotion"},{"floor":18,"key":"GamblersBrew"},{"floor":24,"key":"Block Potion"},{"floor":29,"key":"SkillPotion"},{"floor":36,"key":"Explosive Potion"},{"floor":39,"key":"BloodPotion"},{"floor":42,"key":"SkillPotion"},{"floor":44,"key":"Ancient Potion"}],"is_trial":false,"path_per_floor":["M","M","?","M","?","E","R","$","T","R","$","?","E","?","R","B",null,"M","?","M","M","T","E","M","$","T","R","?","M","M","M","R","B",null,"M","M","T","$","M","E","R","E","T","M","?","R","$","M","R","B"],"character_chosen":"IRONCLAD","items_purchased":["Cleave","Dream Catcher","Pommel Strike","Perfected Strike","Strawberry","Battle Trance","Strength Potion","Energy Potion","Uppercut"],"campfire_rested":5,"item_purchase_floors":[11,25,25,38,38,47,47,47,47],"current_hp_per_floor":[80,78,58,52,52,30,36,36,36,68,68,68,4,35,84,4,94,89,73,73,49,49,43,28,28,28,79,79,74,74,74,84,82,97,91,70,70,77,49,13,71,60,60,55,42,102,102,102,104,32],"gold":59,"neow_bonus":"BOSS_RELIC","is_prod":false,"is_daily":false,"chose_seed":false,"campfire_upgraded":3,"win_rate":0.0,"timestamp":1530351304,"path_taken":["M","M","?","?","?","E","R","$","T","R","$","?","E","?","R","BOSS","M","?","M","M","?","E","M","$","T","R","?","M","?","M","R","BOSS","M","M","?","$","M","E","R","E","T","?","?","R","?","M","R","BOSS"],"build_version":"2018-06-28","purchased_purges":3,"victory":true,"max_hp_per_floor":[80,80,80,80,80,94,94,94,94,94,94,94,94,94,94,94,94,94,94,94,94,94,94,94,94,94,94,94,97,97,97,97,97,97,97,97,97,104,104,104,104,104,104,104,104,104,104,104,104,104],"card_choices":[{"not_picked":["Metallicize","Thunderclap"],"picked":"Blood for Blood","floor":1},{"not_picked":["Hemokinesis","Anger"],"picked":"Perfected Strike","floor":2},{"not_picked":["Pommel Strike","Flame Barrier"],"picked":"Perfected Strike","floor":4},{"not_picked":["Heavy Blade","Bloodletting"],"picked":"Impervious","floor":6},{"not_picked":["Metallicize","Thunderclap"],"picked":"Headbutt","floor":13},{"not_picked":["Demon Form","Limit Break"],"picked":"Double Tap","floor":16},{"not_picked":["Searing Blow","Second Wind"],"picked":"Whirlwind+1","floor":18},{"not_picked":["Cleave","Sword Boomerang+1"],"picked":"Uppercut","floor":20},{"not_picked":["Flex","Clash+1"],"picked":"Thunderclap","floor":21},{"not_picked":["Dark Embrace","Whirlwind+1","Headbutt"],"picked":"Dropkick+1","floor":23},{"not_picked":["Uppercut","Entrench","Reckless Charge"],"picked":"Blood for Blood+1","floor":24},{"not_picked":["Thunderclap","Headbutt","Cleave"],"picked":"Twin Strike","floor":27},{"not_picked":["Thunderclap","Shockwave","Anger"],"picked":"Bludgeon","floor":29},{"not_picked":["Body Slam","Pummel+1","Cleave"],"picked":"Blood for Blood","floor":30},{"not_picked":["Pommel Strike","Thunderclap","Battle Trance"],"picked":"Perfected Strike+1","floor":31},{"not_picked":["Limit Break","Demon Form","Fiend Fire"],"picked":"Bludgeon","floor":33},{"not_picked":["Intimidate+1","Pummel+1","Hemokinesis+1"],"picked":"Flex+1","floor":35},{"not_picked":["Warcry+1","Iron Wave","Infernal Blade"],"picked":"Carnage+1","floor":36},{"not_picked":["Pommel Strike","Warcry+1","Rupture+1"],"picked":"Perfected Strike","floor":39},{"not_picked":["Whirlwind","Flex","Combust+1"],"picked":"Perfected Strike","floor":40},{"not_picked":["Pommel Strike+1","Thunderclap","Searing Blow+1"],"picked":"Rage+1","floor":41},{"not_picked":["Second Wind+1","Entrench+1","Body Slam+1"],"picked":"Dark Embrace","floor":42},{"not_picked":["Cleave","Power Through","Warcry+1"],"picked":"Headbutt","floor":44},{"not_picked":["Power Through+1","Warcry+1","Clash"],"picked":"Flex+1","floor":46},{"not_picked":["Heavy Blade","Metallicize","Dual Wield+1"],"picked":"Shrug It Off+1","floor":48}],"player_experience":13959,"relics_obtained":[{"floor":6,"key":"Mango"},{"floor":9,"key":"Matryoshka"},{"floor":13,"key":"Regal Pillow"},{"floor":19,"key":"Nilry\u0027s Codex"},{"floor":22,"key":"Question Card"},{"floor":22,"key":"Centennial Puzzle"},{"floor":23,"key":"Potion Belt"},{"floor":26,"key":"Ancient Tea Set"},{"floor":26,"key":"Ornamental Fan"},{"floor":37,"key":"Oddly Smooth Stone"},{"floor":40,"key":"Shuriken"},{"floor":42,"key":"Boot"},{"floor":43,"key":"Bottled Flame"}],"event_choices":[{"event_name":"Golden Idol","player_choice":"Take Damage","floor":3,"damage_taken":0},{"event_name":"Wheel of Change","player_choice":"Curse","floor":5,"damage_taken":0},{"event_name":"Liars Game","player_choice":"agreed","floor":12,"damage_taken":0},{"event_name":"Big Fish","player_choice":"Banana","floor":14,"damage_taken":0},{"event_name":"Cursed Tome","player_choice":"Obtained Book","floor":19,"damage_taken":0},{"event_name":"The Library","player_choice":"Read","floor":28,"damage_taken":0},{"event_name":"Winding Halls","player_choice":"Embrace Madness","floor":45,"damage_taken":0}],"boss_relics":[{"not_picked":["Sozu","Runic Cube"],"picked":"Snecko Eye"},{"not_picked":["Runic Dome","Empty Cage"],"picked":"Astrolabe"}],"items_purged_floors":[8,25,38],"is_endless":false,"potions_floor_spawned":[1,6,16,18,24,29,36,39,42,44],"ascension_level":0}