{"gold_per_floor":[117,117,11,86,86,120,120,149,172,172,190,190,207,221,221,298,298,310,329,60,74,24,56,6,6,30,30,46,46,61,81,81,152,152,166,166,33,43,143,178,178,128,128,140,152,178,202,228,240,252,264],"floor_reached":51,"playtime":1630,"items_purged":["Strike_G","Strike_G","Strike_G","Strike_G","Endless Agony"],"score":1489,"play_id":"9778a06a-1fa4-4b6f-81f3-537bf19bc43f","local_time":"20181127224625","is_ascension_mode":true,"campfire_choices":[{"data":"Noxious Fumes","floor":7.0,"key":"SMITH"},{"data":"Bane","floor":10.0,"key":"SMITH"},{"floor":12.0,"key":"REST"},{"data":"Deadly Poison","floor":15.0,"key":"SMITH"},{"data":"Wraith Form v2","floor":29.0,"key":"SMITH"},{"floor":32.0,"key":"REST"},{"data":"Adrenaline","floor":41.0,"key":"SMITH"},{"data":"Deadly Poison","floor":44.0,"key":"SMITH"},{"data":"Leg Sweep","floor":49.0,"key":"SMITH"}],"neow_cost":"NONE","seed_source_timestamp":2909057527387,"circlet_count":0,"master_deck":["AscendersBane","Defend_G","Defend_G","Defend_G","Defend_G","Defend_G","Survivor","Neutralize","Noxious Fumes+1","Bane+1","Backflip","Deadly Poison+1","Wraith Form v2+1","Bouncing Flask+1","Backflip","Dodge and Roll","Blur","Deadly Poison+1","Deadly Poison","Adrenaline+1","Dodge and Roll+1","Leg Sweep+1","Deadly Poison","Leg Sweep+1"],"special_seed":0,"relics":["Ring of the Snake","NeowsBlessing","Snake Skull","Smiling Mask","Bronze Scales","Lantern","Orrery","Lee\u0027s Waffle","Bag of Preparation","Regal Pillow","Eternal Feather","Prayer Wheel","Vajra","MawBank","Torii"],"potions_floor_usage":[50],"damage_taken":[{"damage":0.0,"enemies":"2 Louse","floor":1.0,"turns":1.0},{"damage":0.0,"enemies":"3 Sentries","floor":6.0,"turns":1.0},{"damage":0.0,"enemies":"Lagavulin","floor":8.0,"turns":1.0},{"damage":7.0,"enemies":"Small Slimes","floor":11.0,"turns":4.0},{"damage":0.0,"enemies":"Jaw Worm","floor":13.0,"turns":4.0},{"damage":0.0,"enemies":"Red Slaver","floor":14.0,"turns":3.0},{"damage":32.0,"enemies":"Slime Boss","floor":16.0,"turns":7.0},{"damage":6.0,"enemies":"Spheric Guardian","floor":18.0,"turns":3.0},{"damage":20.0,"enemies":"Shell Parasite","floor":19.0,"turns":5.0},{"damage":3.0,"enemies":"Chosen and Byrds","floor":21.0,"turns":5.0},{"damage":19.0,"enemies":"Gremlin Leader","floor":23.0,"turns":7.0},{"damage":0.0,"enemies":"Snecko","floor":27.0,"turns":4.0},{"damage":9.0,"enemies":"Snecko","floor":28.0,"turns":5.0},{"damage":17.0,"enemies":"Centurion and Healer","floor":30.0,"turns":6.0},{"damage":5.0,"enemies":"Cultist and Chosen","floor":31.0,"turns":5.0},{"damage":19.0,"enemies":"Automaton","floor":33.0,"turns":8.0},{"damage":2.0,"enemies":"3 Shapes","floor":35.0,"turns":4.0},{"damage":9.0,"enemies":"Orb Walker","floor":38.0,"turns":4.0},{"damage":0.0,"enemies":"Mind Bloom Boss Battle","floor":39.0,"turns":8.0},{"damage":3.0,"enemies":"Giant Head","floor":40.0,"turns":8.0},{"damage":5.0,"enemies":"Jaw Worm Horde","floor":46.0,"turns":4.0},{"damage":15.0,"enemies":"Transient","floor":47.0,"turns":6.0},{"damage":1.0,"enemies":"3 Darklings","floor":48.0,"turns":5.0},{"damage":19,"enemies":"Time Eater","floor":50,"turns":7},{"damage":69,"enemies":"Donu and Deca","floor":51,"turns":5}],"seed_played":"6885540837517786348","potions_obtained":[{"floor":1.0,"key":"Poison Potion"},{"floor":13.0,"key":"SpeedPotion"},{"floor":16.0,"key":"EssenceOfSteel"},{"floor":21.0,"key":"Regen Potion"},{"floor":30.0,"key":"Weak Potion"},{"floor":33.0,"key":"Block Potion"},{"floor":38.0,"key":"Fruit Juice"},{"floor":40.0,"key":"GhostInAJar"},{"floor":46.0,"key":"FairyPotion"},{"floor":48.0,"key":"SkillPotion"}],"is_trial":false,"path_per_floor":["M","?","$","?","?","E","R","E","T","R","M","R","M","M","R","B",null,"M","M","$","M","$","E","$","?","T","M","$","M","R","M","M","R","B",null,"M","?","$","M","?","E","R","$","T","R","T","M","M","M","R","B","B"],"character_chosen":"THE_SILENT","items_purchased":["Noxious Fumes","Bane","Lee\u0027s Waffle","GhostInAJar"],"campfire_rested":2,"item_purchase_floors":[3,3,20,37],"current_hp_per_floor":[59,48,48,37,30,30,30,30,30,30,23,42,42,42,42,10,52,46,26,73,70,70,66,66,66,66,66,57,57,40,35,71,52,68,66,66,66,62,62,59,71,71,71,78,78,73,58,57,69,50,0],"gold":264,"neow_bonus":"THREE_ENEMY_KILL","is_prod":false,"is_daily":false,"chose_seed":false,"campfire_upgraded":7,"win_rate":0,"timestamp":1543355185,"path_taken":["M","?","$","?","?","E","R","E","T","R","M","R","?","M","R","BOSS","M","M","$","M","$","E","$","?","T","?","M","R","M","M","R","BOSS","M","?","$","M","?","E","R","?","T","R","?","M","M","M","R","BOSS","BOSS"],"build_version":"2018-11-15","purchased_purges":5,"victory":false,"max_hp_per_floor":[66,66,66,66,66,66,66,66,66,66,66,66,66,66,66,66,66,66,66,73,73,73,73,73,73,73,73,73,73,73,73,73,73,73,73,73,73,78,78,78,78,78,78,78,78,78,78,78,78,78,78],"card_choices":[{"not_picked":["Escape Plan","All Out Attack"],"picked":"Endless Agony","floor":1.0},{"not_picked":["Underhanded Strike","Caltrops","Outmaneuver"],"picked":"SKIP","floor":6.0},{"not_picked":["Deflect","Escape Plan"],"picked":"Backflip","floor":8.0},{"not_picked":["Skewer","Cloak And Dagger","Bane"],"picked":"SKIP","floor":11.0},{"not_picked":["Masterful Stab","Bane","Cloak And Dagger"],"picked":"SKIP","floor":13.0},{"not_picked":["Terror","Flechettes"],"picked":"Deadly Poison","floor":14.0},{"not_picked":["Grand Finale","Unload"],"picked":"Wraith Form v2","floor":16.0},{"not_picked":["Endless Agony","Distraction"],"picked":"Bouncing Flask","floor":17.0},{"not_picked":["Acrobatics","Prepared"],"picked":"Backflip","floor":17.0},{"not_picked":["Poisoned Stab","Slice"],"picked":"Dodge and Roll","floor":17.0},{"not_picked":["Cloak And Dagger","Quick Slash"],"picked":"Blur","floor":18.0},{"not_picked":["Malaise","Masterful Stab"],"picked":"Deadly Poison","floor":19.0},{"not_picked":["PiercingWail","Flying Knee"],"picked":"Deadly Poison","floor":21.0},{"not_picked":["Tactician","Deflect","Flechettes"],"picked":"SKIP","floor":23.0},{"not_picked":["Leg Sweep","Infinite Blades","Dagger Spray"],"picked":"SKIP","floor":28.0},{"not_picked":["Slice","Crippling Poison","Acrobatics+1"],"picked":"SKIP","floor":30.0},{"not_picked":["Blade Dance","Finisher","Dash"],"picked":"SKIP","floor":31.0},{"not_picked":["Bullet Time","Malaise"],"picked":"Adrenaline","floor":33.0},{"not_picked":["PiercingWail+1","Bane"],"picked":"Dodge and Roll+1","floor":35.0},{"not_picked":["Flying Knee","Dagger Spray+1","Dagger Throw"],"picked":"SKIP","floor":38.0},{"not_picked":["Prepared","Escape Plan"],"picked":"Leg Sweep","floor":39.0},{"not_picked":["Finisher","Accuracy","Sucker Punch"],"picked":"SKIP","floor":40.0},{"not_picked":["Underhanded Strike","PiercingWail"],"picked":"Deadly Poison","floor":46.0},{"not_picked":["Sucker Punch","Slice","Setup"],"picked":"SKIP","floor":46.0},{"not_picked":["Malaise","Quick Slash"],"picked":"Leg Sweep+1","floor":47.0},{"not_picked":["Outmaneuver","Blade Dance","Cloak And Dagger"],"picked":"SKIP","floor":47.0},{"not_picked":["Flechettes+1","Poisoned Stab","Sucker Punch"],"picked":"SKIP","floor":48.0},{"not_picked":["Terror","PiercingWail","Infinite Blades"],"picked":"SKIP","floor":48.0}],"player_experience":779072,"relics_obtained":[{"floor":6.0,"key":"Smiling Mask"},{"floor":8.0,"key":"Bronze Scales"},{"floor":9.0,"key":"Lantern"},{"floor":23.0,"key":"Bag of Preparation"},{"floor":26.0,"key":"Regal Pillow"},{"floor":39.0,"key":"Prayer Wheel"},{"floor":40.0,"key":"Vajra"},{"floor":43.0,"key":"MawBank"},{"floor":45.0,"key":"Torii"}],"event_choices":[{"damage_healed":0.0,"max_hp_gain":0.0,"max_hp_loss":0.0,"gold_gain":0.0,"event_name":"Scrap Ooze","player_choice":"Success","floor":2.0,"gold_loss":0.0,"damage_taken":11.0,"relics_obtained":["Snake Skull"]},{"damage_healed":0.0,"max_hp_gain":0.0,"max_hp_loss":0.0,"gold_gain":75.0,"event_name":"World of Goop","player_choice":"Gather Gold","floor":4.0,"gold_loss":0.0,"damage_taken":11.0},{"cards_removed":["Strike_G"],"damage_healed":0.0,"max_hp_gain":0.0,"max_hp_loss":0.0,"gold_gain":0.0,"event_name":"Golden Wing","player_choice":"Card Removal","floor":5.0,"gold_loss":0.0,"damage_taken":7.0},{"damage_healed":0.0,"max_hp_gain":0.0,"max_hp_loss":0.0,"gold_gain":0.0,"event_name":"Accursed Blacksmith","player_choice":"Forge","floor":25.0,"gold_loss":0.0,"damage_taken":0.0,"cards_upgraded":["Bouncing Flask"]},{"damage_healed":0.0,"max_hp_gain":0.0,"max_hp_loss":0.0,"gold_gain":0.0,"event_name":"Tomb of Lord Red Mask","player_choice":"Ignored","floor":36.0,"gold_loss":0.0,"damage_taken":0.0},{"damage_healed":0.0,"max_hp_gain":0.0,"max_hp_loss":0.0,"gold_gain":0.0,"event_name":"MindBloom","player_choice":"Fight","floor":39.0,"gold_loss":0.0,"damage_taken":0.0}],"is_beta":true,"boss_relics":[{"not_picked":["Coffee Dripper","Fusion Hammer"],"picked":"Orrery"},{"not_picked":["Runic Pyramid","White Beast Statue"],"picked":"Eternal Feather"}],"items_purged_floors":[20,22,24,37,42],"is_endless":false,"potions_floor_spawned":[1,13,14,16,21,30,33,38,40,46,48],"killed_by":"Donu and Deca","ascension_level":20}