{"gold_per_floor":[118,138,138,163,179,179,210,210,233,273,285,297,325,351,363,480,492,522,534,20,37,37,68,68,100,100,118,118],"floor_reached":28,"playtime":1449,"items_purged":["Strike_B"],"score":426,"play_id":"adc90c48-af92-42a9-b28c-9d71ca439df7","local_time":"20180810012358","is_ascension_mode":true,"campfire_choices":[{"data":"Zap","floor":6,"key":"SMITH"},{"floor":8,"key":"REST"},{"data":"White Noise","floor":12,"key":"SMITH"},{"floor":15,"key":"REST"}],"neow_cost":"NONE","seed_source_timestamp":15632218284938,"circlet_count":0,"master_deck":["Strike_B+1","Strike_B","Defend_B","Defend_B","Defend_B","Defend_B","Zap+1","Dualcast","AscendersBane","Conserve Battery","Go for the Eyes+1","Coolheaded","Glacier","White Noise+1","Melter","Storm","Creative AI","Ball Lightning","Reinforced Body","Heatsinks","Self Repair","Conserve Battery","Conserve Battery","White Noise","Coolheaded"],"relics":["Cracked Core","Happy Flower","Bronze Scales","MawBank","Sundial","The Courier","Busted Crown","DataDisk","Art of War","Dream Catcher","Bottled Flame","Regal Pillow","Orichalcum"],"potions_floor_usage":[10,16,16,18,21,21,23],"damage_taken":[{"damage":1,"enemies":"Cultist","floor":1,"turns":3},{"damage":2,"enemies":"Jaw Worm","floor":2,"turns":4},{"damage":9,"enemies":"Small Slimes","floor":5,"turns":3},{"damage":27,"enemies":"Gremlin Nob","floor":7,"turns":4},{"damage":19,"enemies":"3 Sentries","floor":10,"turns":9},{"damage":4,"enemies":"Exordium Wildlife","floor":13,"turns":5},{"damage":8,"enemies":"Blue Slaver","floor":14,"turns":2},{"damage":41,"enemies":"Slime Boss","floor":16,"turns":16},{"damage":7,"enemies":"2 Thieves","floor":18,"turns":5},{"damage":0,"enemies":"Shell Parasite","floor":21,"turns":4},{"damage":35,"enemies":"Slavers","floor":23,"turns":5},{"damage":27,"enemies":"Book of Stabbing","floor":25,"turns":6},{"damage":14,"enemies":"Snake Plant","floor":27,"turns":4},{"damage":11,"enemies":"Centurion and Healer","floor":28,"turns":2}],"seed_played":"4595919543145816780","potions_obtained":[{"floor":2,"key":"Energy Potion"},{"floor":7,"key":"Fruit Juice"},{"floor":10,"key":"SteroidPotion"},{"floor":16,"key":"Explosive Potion"},{"floor":18,"key":"Energy Potion"},{"floor":21,"key":"Explosive Potion"}],"is_trial":false,"path_per_floor":["M","M","?","T","M","R","E","R","T","E","T","R","M","M","R","B",null,"M","?","$","M","?","E","T","E","T","M"],"character_chosen":"DEFECT","items_purchased":["DataDisk","Art of War","Heatsinks","Self Repair","Conserve Battery","Block Potion"],"campfire_rested":2,"item_purchase_floors":[20,20,20,20,20,20],"current_hp_per_floor":[74,72,56,56,47,47,20,44,44,30,30,30,26,18,44,3,66,59,59,59,66,66,38,38,18,18,11,0],"gold":118,"neow_bonus":"TEN_PERCENT_HP_BONUS","is_prod":false,"is_daily":false,"chose_seed":false,"campfire_upgraded":2,"win_rate":0,"timestamp":1533857038,"path_taken":["M","M","?","?","M","R","E","R","T","E","?","R","M","?","R","BOSS","M","?","$","?","?","E","?","E","T","?","M"],"build_version":"2018-08-08","purchased_purges":1,"victory":false,"max_hp_per_floor":[82,82,82,82,82,82,82,82,82,87,87,87,87,87,87,87,87,87,87,87,87,87,87,87,87,87,87,87],"card_choices":[{"not_picked":["Reprogram","Steam"],"picked":"Conserve Battery","floor":1},{"not_picked":["Stack","Beam Cell"],"picked":"Go for the Eyes","floor":2},{"not_picked":["Doom and Gloom","FTL"],"picked":"Coolheaded","floor":5},{"not_picked":["Amplify","Gash"],"picked":"Glacier","floor":7},{"not_picked":["Steam","Redo"],"picked":"White Noise","floor":10},{"not_picked":["Leap","FTL"],"picked":"Melter","floor":13},{"not_picked":["Turbo","Rebound"],"picked":"Storm","floor":14},{"not_picked":["Seek","Rainbow"],"picked":"Creative AI","floor":16},{"not_picked":[],"picked":"Ball Lightning","floor":18},{"not_picked":[],"picked":"Conserve Battery","floor":21},{"not_picked":[],"picked":"White Noise","floor":23},{"not_picked":[],"picked":"Coolheaded","floor":25},{"not_picked":["Hologram"],"picked":"SKIP","floor":27}],"player_experience":511417,"relics_obtained":[{"floor":4,"key":"Happy Flower"},{"floor":7,"key":"Bronze Scales"},{"floor":9,"key":"MawBank"},{"floor":10,"key":"Sundial"},{"floor":11,"key":"The Courier"},{"floor":23,"key":"Dream Catcher"},{"floor":24,"key":"Bottled Flame"},{"floor":25,"key":"Regal Pillow"},{"floor":26,"key":"Orichalcum"}],"event_choices":[{"event_name":"Shining Light","player_choice":"Entered Light","floor":3,"damage_taken":0},{"event_name":"Transmorgrifier","player_choice":"Transform","floor":19,"damage_taken":0},{"event_name":"Ghosts","player_choice":"Ignored","floor":22,"damage_taken":0}],"is_beta":true,"boss_relics":[{"not_picked":["Snecko Eye","Inserter"],"picked":"Busted Crown"}],"items_purged_floors":[20],"is_endless":false,"potions_floor_spawned":[2,7,10,16,18,21],"killed_by":"Centurion and Healer","ascension_level":12}