{"gold_per_floor":[118,118,129,14,27,55,55,66,92,108,108,58,58,58,58,157,157,174,174,184,184,109,109,128,141,141,157,175,175,175,200,212,324,336,362,387,399,115,115,115,146,146,146,146,162,182,192,208,208,208],"floor_reached":51,"playtime":3680,"items_purged":["Defend_G"],"score":706,"play_id":"806e34b0-6a57-41b6-bd85-f7d06c4ba03b","local_time":"20181113211428","is_ascension_mode":false,"campfire_choices":[{"data":"Infinite Blades","floor":7.0,"key":"SMITH"},{"data":"Footwork","floor":11.0,"key":"SMITH"},{"data":"Cloak And Dagger","floor":15.0,"key":"SMITH"},{"data":"Footwork","floor":23.0,"key":"SMITH"},{"data":"Storm of Steel","floor":29.0,"key":"SMITH"},{"data":"Footwork","floor":32.0,"key":"SMITH"},{"data":"Phantasmal Killer","floor":40.0,"key":"SMITH"},{"data":"Cloak And Dagger","floor":42.0,"key":"SMITH"},{"data":"Dagger Spray","floor":49,"key":"SMITH"}],"neow_cost":"NONE","seed_source_timestamp":26270971044386,"circlet_count":0,"master_deck":["Defend_G","Defend_G","Defend_G+1","Strike_G+1","Strike_G+1","Strike_G+1","Survivor","Neutralize+1","Backstab+1","Cloak And Dagger+1","Infinite Blades+1","Dagger Spray+1","Deflect+1","Escape Plan","Footwork+1","Storm of Steel+1","Footwork+1","Infinite Blades+1","Footwork+1","Infinite Blades+1","Cloak And Dagger+1","Footwork+1","Phantasmal Killer+1","Cloak And Dagger+1","Deflect","Blur+1"],"special_seed":0,"relics":["Ring of the Serpent","NeowsBlessing","Strawberry","Whetstone","Coffee Dripper","Matryoshka","MawBank","GremlinMask","Dead Branch","War Paint","Bag of Marbles","Bottled Flame"],"potions_floor_usage":[48,50],"damage_taken":[{"damage":0.0,"enemies":"Jaw Worm","floor":1.0,"turns":1.0},{"damage":0.0,"enemies":"Cultist","floor":3.0,"turns":1.0},{"damage":0.0,"enemies":"2 Louse","floor":5.0,"turns":1.0},{"damage":3.0,"enemies":"Gremlin Nob","floor":6.0,"turns":4.0},{"damage":1.0,"enemies":"Blue Slaver","floor":8.0,"turns":3.0},{"damage":0.0,"enemies":"3 Louse","floor":10.0,"turns":2.0},{"damage":20.0,"enemies":"Slime Boss","floor":16.0,"turns":13.0},{"damage":0.0,"enemies":"Shell Parasite","floor":18.0,"turns":5.0},{"damage":0.0,"enemies":"Chosen","floor":20.0,"turns":4.0},{"damage":0.0,"enemies":"Sentry and Sphere","floor":24.0,"turns":6.0},{"damage":0.0,"enemies":"Centurion and Healer","floor":25.0,"turns":7.0},{"damage":20.0,"enemies":"Chosen and Byrds","floor":27.0,"turns":5.0},{"damage":12.0,"enemies":"Snake Plant","floor":28.0,"turns":6.0},{"damage":0.0,"enemies":"Cultist and Chosen","floor":31.0,"turns":7.0},{"damage":16.0,"enemies":"Automaton","floor":33.0,"turns":10.0},{"damage":26.0,"enemies":"3 Darklings","floor":35.0,"turns":7.0},{"damage":25.0,"enemies":"3 Shapes","floor":36.0,"turns":5.0},{"damage":0.0,"enemies":"Nemesis","floor":41.0,"turns":7.0},{"damage":20.0,"enemies":"Sphere and 2 Shapes","floor":45.0,"turns":6.0},{"damage":0.0,"enemies":"3 Darklings","floor":46.0,"turns":5.0},{"damage":0.0,"enemies":"Maw","floor":47.0,"turns":7.0},{"damage":0,"enemies":"4 Shapes","floor":48,"turns":7},{"damage":2,"enemies":"Donu and Deca","floor":50,"turns":10}],"seed_played":"1233533983299137298","potions_obtained":[{"floor":1.0,"key":"FearPotion"},{"floor":6.0,"key":"FearPotion"},{"floor":16.0,"key":"Swift Potion"},{"floor":18.0,"key":"EntropicBrew"},{"floor":20.0,"key":"LiquidBronze"},{"floor":28.0,"key":"Strength Potion"},{"floor":33.0,"key":"LiquidBronze"},{"floor":35.0,"key":"SteroidPotion"},{"floor":46.0,"key":"GhostInAJar"},{"floor":47.0,"key":"Fire Potion"},{"floor":48,"key":"Block Potion"}],"is_trial":false,"path_per_floor":["M","?","M","$","M","E","R","M","T","M","R","?","?","?","R","B",null,"M","?","M","?","?","R","M","M","T","M","M","R","?","M","R","B",null,"M","M","?","$","$","R","E","R","T","$","M","M","M","M","R","B",null],"character_chosen":"THE_SILENT","items_purchased":["Infinite Blades","Dead Branch"],"campfire_rested":0,"item_purchase_floors":[4,38],"current_hp_per_floor":[70,70,70,70,70,74,74,73,73,73,73,73,73,58,58,38,77,77,77,77,77,77,77,77,77,77,57,45,45,45,45,45,29,77,51,26,26,26,26,26,26,26,26,26,6,6,6,6,6,4],"gold":208,"neow_bonus":"THREE_ENEMY_KILL","is_prod":false,"is_daily":false,"chose_seed":false,"campfire_upgraded":9,"win_rate":0,"timestamp":1542114868,"path_taken":["M","?","M","$","?","E","R","M","T","M","R","?","?","?","R","BOSS","M","?","?","?","?","R","M","M","T","M","M","R","?","M","R","BOSS","M","M","?","?","$","R","E","R","T","$","M","M","?","M","R","BOSS"],"build_version":"2018-11-08","purchased_purges":1,"victory":true,"max_hp_per_floor":[70,70,70,70,70,77,77,77,77,77,77,77,77,77,77,77,77,77,77,77,77,77,77,77,77,77,77,77,77,77,77,77,77,77,77,77,77,77,77,77,77,77,77,77,77,77,77,77,77,77],"card_choices":[{"not_picked":["Finisher","Backflip"],"picked":"Backstab","floor":1.0},{"not_picked":["Poisoned Stab","Dodge and Roll"],"picked":"Cloak And Dagger","floor":3.0},{"not_picked":["Concentrate","Finisher"],"picked":"Dagger Spray","floor":5.0},{"not_picked":["Deadly Poison","Underhanded Strike"],"picked":"Deflect","floor":6.0},{"not_picked":["Catalyst","Deadly Poison"],"picked":"Escape Plan","floor":8.0},{"not_picked":["Underhanded Strike","Flying Knee"],"picked":"Footwork","floor":10.0},{"not_picked":["Bullet Time","Burst"],"picked":"Storm of Steel","floor":16.0},{"not_picked":["Dodge and Roll","Accuracy"],"picked":"Footwork+1","floor":18.0},{"not_picked":["Cloak And Dagger","Well Laid Plans"],"picked":"Infinite Blades+1","floor":20.0},{"not_picked":["Predator","PiercingWail","Bane+1"],"picked":"SKIP","floor":24.0},{"not_picked":["Outmaneuver","Prepared"],"picked":"Infinite Blades+1","floor":25.0},{"not_picked":["Quick Slash","Expertise","Underhanded Strike"],"picked":"SKIP","floor":27.0},{"not_picked":["Sucker Punch+1","Acrobatics"],"picked":"Cloak And Dagger","floor":28.0},{"not_picked":["Doppelganger","Deflect"],"picked":"Footwork","floor":31.0},{"not_picked":["Storm of Steel","Venomology"],"picked":"Phantasmal Killer","floor":33.0},{"not_picked":["Blade Dance+1","Poisoned Stab+1","Dodge and Roll"],"picked":"SKIP","floor":35.0},{"not_picked":["Skewer","Dagger Spray+1"],"picked":"Cloak And Dagger+1","floor":36.0},{"not_picked":["Distraction","Dash","All Out Attack"],"picked":"SKIP","floor":41.0},{"not_picked":["Blade Dance","Flying Knee","Quick Slash"],"picked":"SKIP","floor":45.0},{"not_picked":["Leg Sweep+1","Blade Dance+1"],"picked":"Deflect","floor":46.0},{"not_picked":["Backflip","Flechettes+1"],"picked":"Blur+1","floor":47.0},{"not_picked":["Bullet Time","Quick Slash","Underhanded Strike"],"picked":"SKIP","floor":48}],"player_experience":425679,"relics_obtained":[{"floor":6.0,"key":"Strawberry"},{"floor":9.0,"key":"Whetstone"},{"floor":26.0,"key":"Matryoshka"},{"floor":41.0,"key":"War Paint"},{"floor":43.0,"key":"Bag of Marbles"},{"floor":43.0,"key":"Bottled Flame"}],"event_choices":[{"damage_healed":0.0,"max_hp_gain":0.0,"max_hp_loss":0.0,"gold_gain":0.0,"event_name":"Upgrade Shrine","player_choice":"Upgraded","floor":2.0,"gold_loss":0.0,"damage_taken":0.0,"cards_upgraded":["Neutralize"]},{"cards_removed":["Strike_G"],"damage_healed":0.0,"max_hp_gain":0.0,"max_hp_loss":0.0,"gold_gain":0.0,"event_name":"The Cleric","player_choice":"Card Removal","floor":12.0,"gold_loss":50.0,"damage_taken":0.0},{"cards_removed":["Defend_G"],"damage_healed":0.0,"max_hp_gain":0.0,"max_hp_loss":0.0,"gold_gain":0.0,"event_name":"Living Wall","player_choice":"Forget","floor":13.0,"gold_loss":0.0,"damage_taken":0.0},{"damage_healed":0.0,"max_hp_gain":0.0,"max_hp_loss":0.0,"gold_gain":0.0,"event_name":"Shining Light","player_choice":"Entered Light","floor":14.0,"gold_loss":0.0,"damage_taken":15.0,"cards_upgraded":["Strike_G","Strike_G"]},{"damage_healed":0.0,"max_hp_gain":0.0,"max_hp_loss":0.0,"gold_gain":0.0,"event_name":"Wheel of Change","player_choice":"Full Heal","floor":19.0,"gold_loss":0.0,"damage_taken":0.0},{"damage_healed":0.0,"max_hp_gain":0.0,"max_hp_loss":0.0,"gold_gain":0.0,"event_name":"The Library","player_choice":"Read","floor":21.0,"gold_loss":0.0,"damage_taken":0.0,"cards_obtained":["Footwork"]},{"cards_removed":["Strike_G"],"damage_healed":0.0,"max_hp_gain":0.0,"max_hp_loss":0.0,"gold_gain":0.0,"event_name":"Beggar","player_choice":"Gave Gold","floor":22.0,"gold_loss":75.0,"damage_taken":0.0},{"damage_healed":0.0,"max_hp_gain":0.0,"max_hp_loss":0.0,"gold_gain":0.0,"event_name":"The Mausoleum","player_choice":"Opened","floor":30.0,"gold_loss":0.0,"damage_taken":0.0,"relics_obtained":["MawBank"]},{"damage_healed":0.0,"max_hp_gain":0.0,"max_hp_loss":0.0,"gold_gain":0.0,"event_name":"FaceTrader","player_choice":"Trade","floor":37.0,"gold_loss":0.0,"damage_taken":0.0,"relics_obtained":["GremlinMask"]}],"is_beta":false,"boss_relics":[{"not_picked":["Cursed Key","Ectoplasm"],"picked":"Coffee Dripper"},{"not_picked":["Busted Crown","Velvet Choker"],"picked":"Ring of the Serpent"}],"items_purged_floors":[4],"is_endless":false,"potions_floor_spawned":[1,6,16,18,20,28,33,35,46,47,48],"ascension_level":0}