{"path_per_floor":["M","M","?","M","?","E","R","M","T","R","?","E","$","?","R","B",null,"M","$","M","?","?","R","E","R","T","$","$","?","R","?","R","B",null,"M","$","M","M","$","R","M","$","T","?","T","R","E","M","R"],"character_chosen":"DEFECT","items_purchased":["Streamline","Gash","Ball Lightning","Static Discharge","Go for the Eyes","Cold Snap","FTL","Reinforced Body","Capacitor"],"gold_per_floor":[117,131,131,143,108,137,137,149,174,174,174,203,38,38,38,137,137,154,38,56,56,156,156,187,187,187,33,9,9,9,9,9,108,108,125,87,102,114,37,37,57,3,3,3,3,3,32,43,43,43],"floor_reached":50,"campfire_rested":3,"playtime":2432,"current_hp_per_floor":[68,66,51,49,67,48,48,48,48,48,48,34,34,34,34,34,65,61,61,61,61,61,61,32,32,32,32,32,32,32,16,54,16,63,53,53,51,39,39,39,38,38,38,28,28,66,7,6,44,0],"items_purged":["Regret","Parasite"],"gold":43,"score":755,"play_id":"8a6918f3-ae72-45d3-b418-06fed28b4bac","local_time":"20180511212609","is_prod":false,"is_daily":false,"chose_seed":false,"is_ascension_mode":true,"campfire_upgraded":7,"timestamp":1526066769,"path_taken":["M","M","?","M","?","E","R","M","T","R","?","E","?","?","R","BOSS","M","$","M","?","?","R","E","R","T","?","$","?","R","?","R","BOSS","M","$","M","?","$","R","M","$","T","?","?","R","E","M","R","BOSS"],"build_version":"2018-05-10","seed_source_timestamp":119461295620937,"purchased_purges":2,"victory":false,"master_deck":["Zap+1","Dualcast+1","FTL","Sweeping Beam+1","Cold Snap","Tempest+1","Axe Kick","Defragment+1","Streamline+1","Gash","All For One+1","Beam Cell+1","Ball Lightning","Static Discharge+1","Cold Snap","Skim","Go for the Eyes","Cold Snap","Fusion","Ball Lightning","Storm","Melter","Coolheaded","Blizzard","Gash","Rebound","Sweeping Beam","Cold Snap+1","FTL","Blizzard+1","Steam Power","Reinforced Body+1","Aggregate+1","Capacitor","Pain","Enlightenment","Enlightenment","Swift Strike","Clumsy","Go for the Eyes","Rebound"],"max_hp_per_floor":[75,75,75,75,75,75,75,75,75,75,75,75,75,75,75,75,75,75,75,75,75,75,75,82,82,82,79,79,79,79,79,79,79,79,79,79,79,79,79,79,79,79,79,79,79,79,79,79,79,79],"relics":["Cracked Core","Regal Pillow","Art of War","Orichalcum","Lantern","Cursed Key","Ancient Tea Set","Strawberry","Calipers","Enchiridion","Pandora\u0027s Box","Unceasing Top","Cables","Bottled Flame"],"card_choices":[{"not_picked":["Coolheaded","Rip and Tear"],"picked":"FTL","floor":1},{"not_picked":["Sunder","Capacitor"],"picked":"Sweeping Beam","floor":2},{"not_picked":["Go for the Eyes","Reprogram"],"picked":"Cold Snap","floor":4},{"not_picked":["Skim","Rip and Tear"],"picked":"Tempest","floor":6},{"not_picked":["Chill","Stack"],"picked":"Axe Kick","floor":8},{"not_picked":["Consume","Steam"],"picked":"Defragment","floor":12},{"not_picked":["Hyperbeam","Meteor Strike"],"picked":"All For One","floor":16},{"not_picked":["Glacier","Defragment"],"picked":"Beam Cell","floor":18},{"not_picked":["Turbo","Capacitor"],"picked":"Cold Snap","floor":20},{"not_picked":["Fission","Stack"],"picked":"Skim","floor":24},{"not_picked":["Creative AI","Multi-Cast"],"picked":"Fusion","floor":33},{"not_picked":["Auto Shields","Recycle"],"picked":"Cold Snap","floor":35},{"not_picked":["Coolheaded","Sweeping Beam"],"picked":"Blizzard","floor":37},{"not_picked":["Hologram","Rebound"],"picked":"Steam Power","floor":38},{"not_picked":["Loop","Skim"],"picked":"Aggregate","floor":41},{"not_picked":["Transmutation","Flash of Steel"],"picked":"Enlightenment","floor":44},{"not_picked":["Good Instincts","Madness"],"picked":"Enlightenment","floor":44},{"not_picked":["Good Instincts","Finesse"],"picked":"Swift Strike","floor":44},{"not_picked":["Ball Lightning","Turbo"],"picked":"Go for the Eyes","floor":47},{"not_picked":["Turbo","Sunder"],"picked":"Rebound","floor":48}],"player_experience":125608,"potions_floor_usage":[12,18,24,24,33,37,47,47,47,47,50],"damage_taken":[{"damage":0,"enemies":"2 Louse","floor":1,"turns":1},{"damage":2,"enemies":"Small Slimes","floor":2,"turns":3},{"damage":2,"enemies":"Jaw Worm","floor":4,"turns":2},{"damage":19,"enemies":"Gremlin Nob","floor":6,"turns":4},{"damage":0,"enemies":"Exordium Thugs","floor":8,"turns":2},{"damage":14,"enemies":"Lagavulin","floor":12,"turns":4},{"damage":0,"enemies":"Slime Boss","floor":16,"turns":6},{"damage":4,"enemies":"Shell Parasite","floor":18,"turns":2},{"damage":0,"enemies":"Chosen","floor":20,"turns":2},{"damage":36,"enemies":"Slavers","floor":24,"turns":3},{"damage":38,"enemies":"Champ","floor":33,"turns":9},{"damage":10,"enemies":"Flame Bruiser 1 Orb","floor":35,"turns":3},{"damage":2,"enemies":"3 Shapes","floor":37,"turns":6},{"damage":12,"enemies":"Flame Bruiser 2 Orb","floor":38,"turns":4},{"damage":1,"enemies":"Maw","floor":41,"turns":5},{"damage":59,"enemies":"Giant Head","floor":47,"turns":7},{"damage":9,"enemies":"Sphere and 2 Shapes","floor":48,"turns":6},{"damage":51,"enemies":"Time Eater","floor":50,"turns":4}],"event_choices":[{"event_name":"Shining Light","player_choice":"Entered Light","floor":3,"damage_taken":0},{"event_name":"The Cleric","player_choice":"Healed","floor":5,"damage_taken":0},{"event_name":"Big Fish","player_choice":"Box","floor":11,"damage_taken":0},{"event_name":"Living Wall","player_choice":"Grow","floor":14,"damage_taken":0},{"event_name":"The Mausoleum","player_choice":"Yes","floor":21,"damage_taken":0},{"event_name":"Golden Shrine","player_choice":"Pray","floor":22,"damage_taken":0},{"event_name":"Drug Dealer","player_choice":"Ignored","floor":29,"damage_taken":0},{"event_name":"Cursed Tome","player_choice":"Obtained Book","floor":31,"damage_taken":0},{"event_name":"SensoryStone","player_choice":"Memory 3","floor":44,"damage_taken":0}],"boss_relics":[{"not_picked":["Orrery","Nuclear Battery"],"picked":"Cursed Key"},{"not_picked":["Lizard Tail","Velvet Choker"],"picked":"Pandora\u0027s Box"}],"potions_floor_spawned":[2,4,8,16,18,24,33,37,38,41],"seed_played":"-4818440050546713102","killed_by":"Time Eater","ascension_level":6,"is_trial":false}