{"gold_per_floor":[114,131,142,161,111,111,111,143,143,143,163,163,191,208,208,285,285,298,6,0,14,14,43,43,43],"floor_reached":25,"playtime":866,"items_purged":[],"score":393,"play_id":"4daefd64-460a-4864-bb74-07e5e32a8035","local_time":"20180903210501","is_ascension_mode":true,"campfire_choices":[{"data":"Whirlwind","floor":6.0,"key":"SMITH"},{"data":"Perfected Strike","floor":10.0,"key":"SMITH"},{"data":"Bludgeon","floor":15.0,"key":"SMITH"},{"floor":24,"key":"REST"}],"neow_cost":"","seed_source_timestamp":29503004945716,"circlet_count":0,"master_deck":["Strike_R+1","Strike_R+1","Strike_R+1","Strike_R+1","Strike_R+1","Defend_R+1","Defend_R+1","Defend_R+1","Bash","AscendersBane","Anger","Clash","Whirlwind+1","Perfected Strike+1","Clash","Bludgeon+1","Immolate","Rage+1"],"special_seed":0,"relics":["Burning Blood","Ornamental Fan","Pear","CultistMask","Frozen Egg 2","Eternal Feather","Regal Pillow","Omamori","Kunai"],"potions_floor_usage":[23],"damage_taken":[{"damage":4.0,"enemies":"Small Slimes","floor":1.0,"turns":4.0},{"damage":1.0,"enemies":"2 Louse","floor":2.0,"turns":4.0},{"damage":1.0,"enemies":"Cultist","floor":3.0,"turns":3.0},{"damage":9.0,"enemies":"2 Fungi Beasts","floor":4.0,"turns":4.0},{"damage":20.0,"enemies":"Gremlin Nob","floor":8.0,"turns":4.0},{"damage":15.0,"enemies":"3 Louse","floor":11.0,"turns":3.0},{"damage":6.0,"enemies":"3 Sentries","floor":13.0,"turns":4.0},{"damage":8.0,"enemies":"Exordium Thugs","floor":14.0,"turns":4.0},{"damage":51.0,"enemies":"Hexaghost","floor":16.0,"turns":9.0},{"damage":34.0,"enemies":"Shell Parasite","floor":18.0,"turns":5.0},{"damage":3.0,"enemies":"Chosen","floor":21.0,"turns":3.0},{"damage":44,"enemies":"Slavers","floor":23,"turns":5},{"damage":62,"enemies":"Book of Stabbing","floor":25,"turns":5}],"seed_played":"-9177504892901829389","potions_obtained":[{"floor":4.0,"key":"Dexterity Potion"},{"floor":11.0,"key":"Weak Potion"},{"floor":13.0,"key":"Block Potion"},{"floor":18.0,"key":"Dexterity Potion"}],"is_trial":false,"path_per_floor":["M","M","M","M","?","R","?","E","T","R","M","?","E","M","R","B",null,"M","$","?","M","?","E","R"],"character_chosen":"IRONCLAD","items_purchased":["Regal Pillow","Omamori"],"campfire_rested":1,"item_purchase_floors":[19,19],"current_hp_per_floor":[70,75,75,72,72,72,77,63,73,73,64,64,64,62,62,17,72,44,44,44,47,47,9,60,0],"gold":43,"neow_bonus":"","is_prod":false,"is_daily":false,"chose_seed":false,"campfire_upgraded":3,"win_rate":0,"timestamp":1536001501,"path_taken":["M","M","M","M","?","R","?","E","T","R","M","?","E","M","R","BOSS","M","?","?","?","?","E","R","E"],"build_version":"2018-08-30","purchased_purges":0,"victory":false,"max_hp_per_floor":[75,75,75,75,75,75,80,80,90,90,90,90,90,90,90,90,90,90,90,90,90,90,90,90,90],"card_choices":[{"not_picked":["Wild Strike","Headbutt"],"picked":"Anger","floor":1.0},{"not_picked":["Body Slam","Ghostly Armor"],"picked":"Clash","floor":2.0},{"not_picked":["Sentinel","Rupture","Headbutt"],"picked":"SKIP","floor":3.0},{"not_picked":["Combust","Sentinel"],"picked":"Whirlwind","floor":4.0},{"not_picked":["Carnage","Hemokinesis"],"picked":"Perfected Strike","floor":8.0},{"not_picked":["Bloodletting","Pummel","Shrug It Off"],"picked":"SKIP","floor":11.0},{"not_picked":["True Grit","Disarm"],"picked":"Clash","floor":13.0},{"not_picked":["Wild Strike","Shrug It Off"],"picked":"Bludgeon","floor":14.0},{"not_picked":["Offering","Berserk+1"],"picked":"Immolate","floor":16.0},{"not_picked":["Bloodletting","Sentinel","Disarm"],"picked":"SKIP","floor":18.0},{"not_picked":["Intimidate","Shrug It Off","Anger"],"picked":"SKIP","floor":21.0},{"not_picked":["Clothesline","Brutality+1"],"picked":"Rage+1","floor":23}],"player_experience":633174,"relics_obtained":[{"floor":8.0,"key":"Ornamental Fan"},{"floor":9.0,"key":"Pear"},{"floor":13.0,"key":"Frozen Egg 2"},{"floor":23,"key":"Kunai"}],"event_choices":[{"event_name":"The Cleric","player_choice":"Card Removal","floor":5.0,"damage_taken":0.0},{"event_name":"Big Fish","player_choice":"Donut","floor":7.0,"damage_taken":0.0},{"event_name":"FaceTrader","player_choice":"Trade","floor":12.0,"damage_taken":0.0},{"event_name":"Masked Bandits","player_choice":"Paid Fearfully","floor":20.0,"damage_taken":0.0},{"event_name":"Back to Basics","player_choice":"Simplicity","floor":22.0,"damage_taken":0.0}],"is_beta":true,"boss_relics":[{"not_picked":["Black Star","White Beast Statue"],"picked":"Eternal Feather"}],"items_purged_floors":[],"is_endless":false,"potions_floor_spawned":[4,11,13,18,21],"killed_by":"Book of Stabbing","ascension_level":14}