{"gold_per_floor":[11,28,28,43,43,68,80,120,155,167,205,217,243,288,300,414,426,451,474,385,400,417,417,451,451,474,474,507,520,520,537,537,639,639,657,671,671,671,683,683,712,712,737,737,737,750,0,19,19,19],"floor_reached":51,"playtime":3740,"items_purged":["Strike_B"],"score":1021,"play_id":"76571c17-a306-459e-8eee-32e2faf9753f","local_time":"20181027180151","is_ascension_mode":true,"campfire_choices":[{"data":"Zap","floor":7.0,"key":"SMITH"},{"data":"Coolheaded","floor":10.0,"key":"SMITH"},{"floor":12.0,"key":"REST"},{"data":"Coolheaded","floor":15.0,"key":"SMITH"},{"data":"Fission","floor":23.0,"key":"SMITH"},{"data":"Blizzard","floor":30.0,"key":"SMITH"},{"floor":32.0,"key":"REST"},{"data":"Machine Learning","floor":40.0,"key":"SMITH"},{"data":"Defragment","floor":42.0,"key":"SMITH"},{"data":"Coolheaded","floor":45.0,"key":"SMITH"},{"data":"Coolheaded","floor":49.0,"key":"SMITH"}],"neow_cost":"NO_GOLD","seed_source_timestamp":6792876196114,"circlet_count":0,"master_deck":["Strike_B","Strike_B","Defend_B","Defend_B+1","Zap+1","Dualcast+1","Barrage","Auto Shields","Doom and Gloom","Coolheaded+1","Coolheaded+1","Conserve Battery","Fission+1","Ball Lightning","Blizzard+1","Compile Driver","Coolheaded+1","Beam Cell+1","Machine Learning+1","Coolheaded+1","Fission+1","Fusion+1","Defragment+1","Cold Snap","Cold Snap+1","Cold Snap+1"],"special_seed":0,"relics":["Cracked Core","Thread and Needle","War Paint","MawBank","Regal Pillow","Bag of Marbles","Bronze Scales","Mercury Hourglass","Empty Cage","Shuriken","Nilry\u0027s Codex","Dream Catcher","Gremlin Horn","Nuclear Battery","Juzu Bracelet","Bag of Preparation","Red Mask"],"potions_floor_usage":[50,50,50],"damage_taken":[{"damage":3.0,"enemies":"Jaw Worm","floor":1.0,"turns":3.0},{"damage":4.0,"enemies":"2 Louse","floor":2.0,"turns":2.0},{"damage":0.0,"enemies":"Cultist","floor":4.0,"turns":3.0},{"damage":17.0,"enemies":"3 Sentries","floor":6.0,"turns":9.0},{"damage":14.0,"enemies":"Gremlin Nob","floor":8.0,"turns":3.0},{"damage":1.0,"enemies":"Lagavulin","floor":11.0,"turns":5.0},{"damage":0.0,"enemies":"Blue Slaver","floor":13.0,"turns":2.0},{"damage":0.0,"enemies":"3 Sentries","floor":14.0,"turns":5.0},{"damage":0.0,"enemies":"Slime Boss","floor":16.0,"turns":7.0},{"damage":0.0,"enemies":"Spheric Guardian","floor":18.0,"turns":3.0},{"damage":1.0,"enemies":"Chosen","floor":19.0,"turns":3.0},{"damage":2.0,"enemies":"Centurion and Healer","floor":21.0,"turns":4.0},{"damage":0.0,"enemies":"Chosen and Byrds","floor":22.0,"turns":3.0},{"damage":0.0,"enemies":"Slavers","floor":24.0,"turns":3.0},{"damage":8.0,"enemies":"Book of Stabbing","floor":28.0,"turns":5.0},{"damage":0.0,"enemies":"Snake Plant","floor":29.0,"turns":3.0},{"damage":11.0,"enemies":"Shelled Parasite and Fungi","floor":31.0,"turns":4.0},{"damage":41.0,"enemies":"Champ","floor":33.0,"turns":12.0},{"damage":0.0,"enemies":"3 Darklings","floor":35.0,"turns":2.0},{"damage":0.0,"enemies":"3 Shapes","floor":36.0,"turns":4.0},{"damage":0.0,"enemies":"Transient","floor":38.0,"turns":1.0},{"damage":0.0,"enemies":"Sphere and 2 Shapes","floor":39.0,"turns":2.0},{"damage":15.0,"enemies":"Giant Head","floor":41.0,"turns":6.0},{"damage":0.0,"enemies":"Spire Growth","floor":46.0,"turns":3.0},{"damage":0.0,"enemies":"Jaw Worm Horde","floor":48.0,"turns":3.0},{"damage":29,"enemies":"Awakened One","floor":50,"turns":12}],"seed_played":"349294888699054055","potions_obtained":[{"floor":4.0,"key":"Energy Potion"},{"floor":6.0,"key":"Weak Potion"},{"floor":13.0,"key":"FocusPotion"},{"floor":14.0,"key":"FearPotion"},{"floor":21.0,"key":"Swift Potion"},{"floor":22.0,"key":"AttackPotion"},{"floor":28.0,"key":"Regen Potion"},{"floor":36.0,"key":"SmokeBomb"},{"floor":41.0,"key":"Explosive Potion"},{"floor":48.0,"key":"Poison Potion"}],"is_trial":false,"path_per_floor":["M","M","?","M","?","E","R","E","T","R","E","R","M","E","R","B",null,"M","M","$","M","M","R","E","?","T","?","E","M","R","M","R","B",null,"M","M","?","M","M","R","E","R","T","?","R","M","?","M","R","B"],"character_chosen":"DEFECT","items_purchased":["Compile Driver"],"campfire_rested":2,"item_purchase_floors":[20],"current_hp_per_floor":[72,68,68,68,61,44,44,30,30,30,29,66,66,66,66,66,73,73,72,72,70,70,70,70,54,54,40,32,32,32,21,60,19,65,65,65,65,65,65,65,50,50,50,50,50,50,50,50,50,36],"gold":19,"neow_bonus":"ONE_RARE_RELIC","is_prod":false,"is_daily":false,"chose_seed":false,"campfire_upgraded":9,"win_rate":0,"timestamp":1540634511,"path_taken":["M","M","?","?","?","E","R","E","T","R","E","R","M","E","R","BOSS","M","?","$","M","M","R","E","?","T","?","E","M","R","M","R","BOSS","M","M","?","M","M","R","E","R","T","?","R","M","?","M","R","BOSS"],"build_version":"2018-10-25v2","purchased_purges":1,"victory":true,"max_hp_per_floor":[75,75,75,75,75,75,75,75,75,75,75,75,75,75,75,75,75,75,75,75,75,75,75,75,75,75,80,80,80,80,80,80,80,80,80,80,80,80,80,80,80,80,80,80,80,80,80,80,80,80],"card_choices":[{"not_picked":["Stack","Fusion"],"picked":"Barrage","floor":1.0},{"not_picked":["Rebound","Barrage","Go for the Eyes"],"picked":"SKIP","floor":2.0},{"not_picked":["Sweeping Beam","Rebound"],"picked":"Auto Shields","floor":4.0},{"not_picked":["Hello World","Hyperbeam"],"picked":"Doom and Gloom","floor":6.0},{"not_picked":["Reinforced Body","Blizzard"],"picked":"Coolheaded","floor":8.0},{"not_picked":["Heatsinks","Turbo"],"picked":"Coolheaded","floor":11.0},{"not_picked":["Beam Cell","Stack","Storm"],"picked":"SKIP","floor":13.0},{"not_picked":["Beam Cell","Stack","Storm"],"picked":"SKIP","floor":13.0},{"not_picked":["Barrage","Sweeping Beam"],"picked":"Conserve Battery","floor":14.0},{"not_picked":["Amplify","Core Surge"],"picked":"Fission","floor":16.0},{"not_picked":["Rip and Tear","Gash"],"picked":"Ball Lightning","floor":18.0},{"not_picked":["Melter+1","Gash"],"picked":"Blizzard","floor":19.0},{"not_picked":["Tempest","Steam Power+1","Steam+1"],"picked":"SKIP","floor":21.0},{"not_picked":["Go for the Eyes","Turbo"],"picked":"Coolheaded","floor":22.0},{"not_picked":["Hello World","Rebound","Amplify"],"picked":"SKIP","floor":24.0},{"not_picked":["Rebound","Hello World"],"picked":"Beam Cell+1","floor":28.0},{"not_picked":["Streamline","Stack","Rebound"],"picked":"SKIP","floor":29.0},{"not_picked":["Barrage","Turbo"],"picked":"Machine Learning","floor":31.0},{"not_picked":["Go for the Eyes","Leap"],"picked":"Coolheaded","floor":32.0},{"not_picked":["Reboot","Biased Cognition"],"picked":"Fission","floor":33.0},{"not_picked":["Turbo","Cold Snap+1"],"picked":"Fusion+1","floor":35.0},{"not_picked":["Auto Shields","Hello World"],"picked":"Defragment","floor":36.0},{"not_picked":["Ball Lightning","Undo"],"picked":"Cold Snap","floor":39.0},{"not_picked":["Ball Lightning","Gash+1"],"picked":"Cold Snap+1","floor":41.0},{"not_picked":["Steam","Sweeping Beam"],"picked":"Cold Snap+1","floor":46.0},{"not_picked":["Doom and Gloom","Leap","Recycle+1"],"picked":"SKIP","floor":48.0}],"player_experience":355788,"relics_obtained":[{"floor":6.0,"key":"MawBank"},{"floor":8.0,"key":"Regal Pillow"},{"floor":9.0,"key":"Bag of Marbles"},{"floor":11.0,"key":"Bronze Scales"},{"floor":14.0,"key":"Mercury Hourglass"},{"floor":24.0,"key":"Shuriken"},{"floor":25.0,"key":"Nilry\u0027s Codex"},{"floor":26.0,"key":"Dream Catcher"},{"floor":28.0,"key":"Gremlin Horn"},{"floor":41.0,"key":"Juzu Bracelet"},{"floor":43.0,"key":"Bag of Preparation"}],"event_choices":[{"cards_removed":["Strike_B"],"damage_healed":0.0,"max_hp_gain":0.0,"max_hp_loss":0.0,"gold_gain":0.0,"event_name":"Living Wall","player_choice":"Forget","floor":3.0,"gold_loss":0.0,"damage_taken":0.0},{"damage_healed":0.0,"max_hp_gain":0.0,"max_hp_loss":0.0,"gold_gain":0.0,"event_name":"Scrap Ooze","player_choice":"Success","floor":5.0,"gold_loss":0.0,"damage_taken":7.0,"relics_obtained":["War Paint"]},{"damage_healed":0.0,"max_hp_gain":0.0,"max_hp_loss":0.0,"gold_gain":0.0,"event_name":"Cursed Tome","player_choice":"Obtained Book","floor":25.0,"gold_loss":0.0,"damage_taken":16.0},{"damage_healed":0.0,"max_hp_gain":5.0,"max_hp_loss":0.0,"gold_gain":0.0,"event_name":"Forgotten Altar","player_choice":"Shed Blood","floor":27.0,"gold_loss":0.0,"damage_taken":19.0},{"damage_healed":0.0,"max_hp_gain":0.0,"max_hp_loss":0.0,"gold_gain":0.0,"event_name":"SensoryStone","player_choice":"Memory 1","floor":37.0,"gold_loss":0.0,"damage_taken":0.0},{"damage_healed":0.0,"max_hp_gain":0.0,"max_hp_loss":0.0,"gold_gain":0.0,"event_name":"Upgrade Shrine","player_choice":"Upgraded","floor":44.0,"gold_loss":0.0,"damage_taken":0.0,"cards_upgraded":["Fission"]},{"damage_healed":0.0,"max_hp_gain":0.0,"max_hp_loss":0.0,"gold_gain":0.0,"event_name":"Tomb of Lord Red Mask","player_choice":"Paid","floor":47.0,"gold_loss":750.0,"damage_taken":0.0,"relics_obtained":["Red Mask"]}],"is_beta":false,"boss_relics":[{"not_picked":["Calling Bell","Eternal Feather"],"picked":"Empty Cage"},{"not_picked":["Philosopher\u0027s Stone","Astrolabe"],"picked":"Nuclear Battery"}],"items_purged_floors":[20],"is_endless":false,"potions_floor_spawned":[4,6,13,14,21,22,28,31,36,41,48],"ascension_level":5}