{"gold_per_floor":[112,130,55,75,51,83,96,96,96,131,131,167,167,206,206,335,335,353,367,381,159,184,200,200,224,271,98,116,116,147,162,162,285,285,309,327,327],"floor_reached":37,"playtime":3790,"items_purged":["Defend_B","Strike_B"],"score":423,"play_id":"d88c7c1c-88cc-40f7-b120-51039e2bb422","local_time":"20180704222349","is_ascension_mode":false,"campfire_choices":[{"floor":8.0,"key":"REST"},{"floor":13.0,"key":"REST"},{"data":"Sunder","floor":15.0,"key":"SMITH"},{"floor":24.0,"key":"REST"},{"floor":32.0,"key":"REST"}],"neow_cost":"","seed_source_timestamp":3958269499152,"circlet_count":0,"master_deck":["Defend_B","Defend_B","Defend_B","Zap","Dualcast","Sunder+1","Sweeping Beam","Turbo","Gash","Darkness","Rebound","Conserve Battery","Consume","Beam Cell","Echo Form","Go for the Eyes+1","Steam+1","Sweeping Beam+1","Sunder+1","Sunder+1","Coolheaded+1","FTL","Self Repair","Biased Cognition","Auto Shields","Multi-Cast","Thunder Strike+1","Fission+1","Stack+1","Defragment+1","Beam Cell+1"],"special_seed":0,"relics":["Cracked Core","Pantograph","Matryoshka","Thread and Needle","Golden Idol","Bag of Preparation","Pear","White Beast Statue","Blood Vial","Gremlin Horn","Lantern","Ancient Tea Set","Astrolabe"],"potions_floor_usage":[33,36,37],"damage_taken":[{"damage":1.0,"enemies":"Cultist","floor":1.0,"turns":3.0},{"damage":6.0,"enemies":"Jaw Worm","floor":2.0,"turns":4.0},{"damage":0.0,"enemies":"Small Slimes","floor":4.0,"turns":2.0},{"damage":12.0,"enemies":"3 Sentries","floor":6.0,"turns":6.0},{"damage":16.0,"enemies":"Exordium Thugs","floor":7.0,"turns":4.0},{"damage":14.0,"enemies":"Gremlin Nob","floor":10.0,"turns":3.0},{"damage":5.0,"enemies":"3 Sentries","floor":12.0,"turns":5.0},{"damage":17.0,"enemies":"Gremlin Nob","floor":14.0,"turns":4.0},{"damage":43.0,"enemies":"The Guardian","floor":16.0,"turns":10.0},{"damage":18.0,"enemies":"Chosen","floor":18.0,"turns":5.0},{"damage":15.0,"enemies":"2 Thieves","floor":19.0,"turns":4.0},{"damage":36.0,"enemies":"Snake Plant","floor":20.0,"turns":5.0},{"damage":6.0,"enemies":"3 Cultists","floor":22.0,"turns":4.0},{"damage":5.0,"enemies":"Chosen and Byrds","floor":23.0,"turns":4.0},{"damage":23.0,"enemies":"Cultist and Chosen","floor":25.0,"turns":5.0},{"damage":0.0,"enemies":"Centurion and Healer","floor":28.0,"turns":5.0},{"damage":15.0,"enemies":"Book of Stabbing","floor":30.0,"turns":5.0},{"damage":0.0,"enemies":"Snake Plant","floor":31.0,"turns":5.0},{"damage":13,"enemies":"Collector","floor":33,"turns":6},{"damage":0,"enemies":"3 Shapes","floor":35,"turns":2},{"damage":0,"enemies":"Orb Walker","floor":36,"turns":4},{"damage":86,"enemies":"Maw","floor":37,"turns":10}],"seed_played":"-9060307533896792806","potions_obtained":[{"floor":2.0,"key":"AttackPotion"},{"floor":4.0,"key":"EssenceOfSteel"},{"floor":10.0,"key":"Block Potion"},{"floor":16.0,"key":"Explosive Potion"},{"floor":18.0,"key":"SmokeBomb"},{"floor":19.0,"key":"GamblersBrew"},{"floor":20.0,"key":"Fire Potion"},{"floor":22.0,"key":"FearPotion"},{"floor":23.0,"key":"FocusPotion"},{"floor":25.0,"key":"Block Potion"},{"floor":28.0,"key":"Explosive Potion"},{"floor":30.0,"key":"SmokeBomb"},{"floor":31.0,"key":"GamblersBrew"},{"floor":33,"key":"Poison Potion"},{"floor":35,"key":"Block Potion"},{"floor":36,"key":"AttackPotion"}],"is_trial":false,"path_per_floor":["M","M","$","M","$","E","M","R","T","E","?","E","R","E","R","B",null,"M","M","M","$","M","M","R","M","T","$","M","?","E","M","R","B",null,"M","M"],"character_chosen":"DEFECT","items_purchased":["Gash","Blood Vial","Sunder","Self Repair"],"campfire_rested":4,"item_purchase_floors":[],"current_hp_per_floor":[74,68,68,68,68,56,40,62,62,48,48,43,63,56,56,36,79,61,46,10,10,6,3,26,5,5,5,21,21,15,24,47,68,79,79,79,0],"gold":327,"neow_bonus":"","is_prod":false,"is_daily":false,"chose_seed":false,"campfire_upgraded":1,"win_rate":0,"timestamp":1530714229,"path_taken":["M","M","?","?","$","E","M","R","T","E","?","E","R","E","R","BOSS","M","M","M","$","M","M","R","M","T","$","M","?","E","M","R","BOSS","M","M","M"],"build_version":"2018-06-28","purchased_purges":2,"victory":false,"max_hp_per_floor":[75,75,75,75,75,75,75,75,75,75,69,69,69,79,79,79,79,79,79,79,79,79,79,79,79,79,79,79,79,79,79,79,79,79,79,79,79],"card_choices":[{"not_picked":["Go for the Eyes","Ball Lightning"],"picked":"Sunder","floor":1.0},{"not_picked":["Rebound","Ball Lightning"],"picked":"Sweeping Beam","floor":2.0},{"not_picked":["Force Field","Rebound"],"picked":"Turbo","floor":4.0},{"not_picked":["Redo","Leap"],"picked":"Darkness","floor":6.0},{"not_picked":["Turbo","Heatsinks"],"picked":"Rebound","floor":7.0},{"not_picked":["Buffer","Self Repair"],"picked":"Conserve Battery","floor":10.0},{"not_picked":["Compile Driver","Static Discharge"],"picked":"Consume","floor":12.0},{"not_picked":["Go for the Eyes","BootSequence"],"picked":"Beam Cell","floor":14.0},{"not_picked":["Machine Learning","All For One"],"picked":"Echo Form","floor":16.0},{"not_picked":["Coolheaded","Cold Snap"],"picked":"Go for the Eyes+1","floor":18.0},{"not_picked":["Barrage","Blizzard"],"picked":"Steam+1","floor":19.0},{"not_picked":["Redo","Steam"],"picked":"Sweeping Beam+1","floor":20.0},{"not_picked":["Gash","Streamline"],"picked":"Sunder+1","floor":22.0},{"not_picked":["White Noise","Doom and Gloom"],"picked":"Coolheaded+1","floor":23.0},{"not_picked":["Sunder","Fusion"],"picked":"FTL","floor":25.0},{"not_picked":["Cold Snap+1","Stack"],"picked":"Biased Cognition","floor":28.0},{"not_picked":["Force Field+1","Doom and Gloom+1"],"picked":"Auto Shields","floor":30.0},{"not_picked":["Heatsinks","Scrape","Hello World"],"picked":"SKIP","floor":31.0},{"not_picked":["Meteor Strike","All For One"],"picked":"Multi-Cast","floor":33},{"not_picked":["Gash","Chill+1"],"picked":"Defragment+1","floor":35},{"not_picked":["Ball Lightning","Streamline"],"picked":"Beam Cell+1","floor":36}],"player_experience":62216,"relics_obtained":[{"floor":6.0,"key":"Pantograph"},{"floor":9.0,"key":"Matryoshka"},{"floor":10.0,"key":"Thread and Needle"},{"floor":12.0,"key":"Bag of Preparation"},{"floor":14.0,"key":"Pear"},{"floor":26.0,"key":"Gremlin Horn"},{"floor":26.0,"key":"Lantern"},{"floor":30.0,"key":"Ancient Tea Set"}],"event_choices":[{"event_name":"Golden Idol","player_choice":"Lose Max HP","floor":11.0,"damage_taken":0.0},{"event_name":"Upgrade Shrine","player_choice":"Upgraded","floor":29.0,"damage_taken":0.0}],"boss_relics":[{"not_picked":["Lizard Tail","Sozu"],"picked":"White Beast Statue"},{"not_picked":["Orrery","Tiny House"],"picked":"Astrolabe"}],"items_purged_floors":[],"is_endless":false,"potions_floor_spawned":[2,4,10,16,18,19,20,22,23,25,28,30,31,33,35,36],"killed_by":"Maw","ascension_level":0}