{"gold_per_floor":[109,120,137,147,165,165,165,176,176,194,205,24,44,60,60,60],"floor_reached":16,"playtime":397,"items_purged":["Defend_R"],"score":190,"play_id":"cd4a92f9-430d-4c6b-9868-3bbcfcb4c98f","local_time":"20181016191317","is_ascension_mode":true,"campfire_choices":[{"data":"Demon Form","floor":6.0,"key":"SMITH"},{"floor":15,"key":"REST"}],"neow_cost":"NONE","seed_source_timestamp":27552302448008,"circlet_count":0,"master_deck":["Strike_R","Strike_R","Strike_R","Strike_R","Strike_R","Defend_R","Defend_R","Bash","AscendersBane","Cleave","Demon Form+1","Pommel Strike","Perfected Strike","Heavy Blade","Inflame","Twin Strike"],"special_seed":0,"relics":["Burning Blood","Juzu Bracelet"],"potions_floor_usage":[13,13],"damage_taken":[{"damage":6.0,"enemies":"Jaw Worm","floor":1.0,"turns":5.0},{"damage":2.0,"enemies":"2 Louse","floor":2.0,"turns":3.0},{"damage":11.0,"enemies":"Small Slimes","floor":3.0,"turns":3.0},{"damage":39.0,"enemies":"Gremlin Gang","floor":4.0,"turns":5.0},{"damage":9.0,"enemies":"Large Slime","floor":5.0,"turns":6.0},{"damage":15.0,"enemies":"Exordium Wildlife","floor":8.0,"turns":3.0},{"damage":17.0,"enemies":"Looter","floor":10.0,"turns":3.0},{"damage":1.0,"enemies":"2 Fungi Beasts","floor":11.0,"turns":3.0},{"damage":7,"enemies":"Gremlin Gang","floor":13,"turns":3},{"damage":21,"enemies":"Lots of Slimes","floor":14,"turns":4},{"damage":31,"enemies":"The Guardian","floor":16,"turns":2}],"seed_played":"5223211210837995301","potions_obtained":[{"floor":1.0,"key":"Swift Potion"},{"floor":3.0,"key":"Poison Potion"},{"floor":4.0,"key":"Fire Potion"},{"floor":10.0,"key":"SteroidPotion"},{"floor":14,"key":"SteroidPotion"}],"is_trial":false,"path_per_floor":["M","M","M","M","M","R","?","M","T","M","M","$","M","M","R"],"character_chosen":"IRONCLAD","items_purchased":["Heavy Blade","Inflame"],"campfire_rested":1,"item_purchase_floors":[12,12],"current_hp_per_floor":[75,79,74,41,38,38,38,29,29,18,23,23,22,7,31,0],"gold":60,"neow_bonus":"TEN_PERCENT_HP_BONUS","is_prod":false,"is_daily":false,"chose_seed":false,"campfire_upgraded":1,"win_rate":0,"timestamp":1539709997,"path_taken":["M","M","M","M","M","R","?","M","T","M","M","$","M","M","R","BOSS"],"build_version":"2018-10-15v2","purchased_purges":1,"victory":false,"max_hp_per_floor":[82,82,82,82,82,82,82,82,82,82,82,82,82,82,82,82],"card_choices":[{"not_picked":["Whirlwind","Havoc"],"picked":"Cleave","floor":1.0},{"not_picked":["Reckless Charge","Body Slam","Cleave"],"picked":"SKIP","floor":2.0},{"not_picked":["Thunderclap","Pommel Strike"],"picked":"Demon Form","floor":3.0},{"not_picked":["Body Slam","Iron Wave","Cleave"],"picked":"SKIP","floor":4.0},{"not_picked":["True Grit","Whirlwind"],"picked":"Pommel Strike","floor":5.0},{"not_picked":["Bloodletting","Warcry"],"picked":"Perfected Strike","floor":8.0},{"not_picked":["Impervious","Cleave","Clothesline"],"picked":"SKIP","floor":10.0},{"not_picked":["Armaments","Anger","Metallicize"],"picked":"SKIP","floor":11.0},{"not_picked":["Flex","Spot Weakness"],"picked":"Twin Strike","floor":13},{"not_picked":["Armaments","True Grit","Anger"],"picked":"SKIP","floor":14}],"player_experience":691992,"relics_obtained":[{"floor":9.0,"key":"Juzu Bracelet"}],"event_choices":[{"event_name":"Living Wall","player_choice":"Forget","floor":7.0,"damage_taken":0.0}],"is_beta":true,"boss_relics":[],"items_purged_floors":[12],"is_endless":false,"potions_floor_spawned":[1,3,4,10,11,14],"killed_by":"The Guardian","ascension_level":18}