{"gold_per_floor":[114,114,114,127,147,181,181,214,214,234,268,268,268,285,285,390,390,403,403,403,214,225,251,251,265,265,265,265,265,365,375,375,375],"floor_reached":33,"playtime":2022,"items_purged":["Decay"],"score":297,"play_id":"2d375880-b31b-4ad1-b52b-ebabe71cd79a","local_time":"20180722232422","is_ascension_mode":true,"campfire_choices":[{"data":"Streamline","floor":7.0,"key":"SMITH"},{"data":"Coolheaded","floor":13.0,"key":"SMITH"},{"floor":15.0,"key":"REST"},{"floor":24,"key":"REST"},{"data":"Zap","floor":27,"key":"SMITH"},{"data":"Consume","floor":29,"key":"SMITH"},{"data":"Cold Snap","floor":32,"key":"SMITH"}],"neow_cost":"TEN_PERCENT_HP_LOSS","seed_source_timestamp":7695922853942,"circlet_count":0,"master_deck":["Strike_B","Strike_B","Strike_B","Defend_B","Defend_B","Defend_B","Zap+1","Dualcast+1","Consume+1","Streamline+1","Coolheaded+1","Leap","Conserve Battery","Cold Snap+1","Writhe"],"special_seed":0,"relics":["Cracked Core","Sundial","Gambling Chip","Thread and Needle","Dream Catcher","Busted Crown","Tiny Chest","Incense Burner","Meat on the Bone","Oddly Smooth Stone"],"potions_floor_usage":[18,33,33,33],"damage_taken":[{"damage":0.0,"enemies":"2 Louse","floor":1.0,"turns":3.0},{"damage":1.0,"enemies":"Cultist","floor":4.0,"turns":3.0},{"damage":8.0,"enemies":"Small Slimes","floor":5.0,"turns":24.0},{"damage":14.0,"enemies":"Gremlin Nob","floor":6.0,"turns":3.0},{"damage":16.0,"enemies":"3 Sentries","floor":8.0,"turns":7.0},{"damage":0.0,"enemies":"Exordium Thugs","floor":10.0,"turns":4.0},{"damage":6.0,"enemies":"Gremlin Nob","floor":11.0,"turns":4.0},{"damage":8.0,"enemies":"Lots of Slimes","floor":14.0,"turns":4.0},{"damage":4.0,"enemies":"The Guardian","floor":16.0,"turns":12.0},{"damage":12,"enemies":"3 Byrds","floor":18,"turns":4},{"damage":0,"enemies":"Spheric Guardian","floor":22,"turns":4},{"damage":48,"enemies":"Slavers","floor":23,"turns":9},{"damage":6,"enemies":"Snake Plant","floor":25,"turns":6},{"damage":0,"enemies":"Centurion and Healer","floor":31,"turns":11},{"damage":62,"enemies":"Collector","floor":33,"turns":10}],"seed_played":"-1912273046036494778","potions_obtained":[{"floor":1.0,"key":"Poison Potion"},{"floor":10.0,"key":"FairyPotion"},{"floor":11.0,"key":"PowerPotion"},{"floor":23,"key":"PowerPotion"},{"floor":31,"key":"EntropicBrew"}],"is_trial":false,"path_per_floor":["M","?","?","M","M","E","R","E","T","M","E","?","R","M","R","B",null,"M","?","?","$","M","E","R","M","T","R","?","R","?","M","R"],"character_chosen":"DEFECT","items_purchased":["Tiny Chest"],"campfire_rested":2,"item_purchase_floors":[21],"current_hp_per_floor":[68,68,73,72,64,50,50,34,34,34,28,28,28,20,41,37,73,61,61,61,61,61,13,34,28,28,28,28,28,28,40,40,0],"gold":375,"neow_bonus":"REMOVE_TWO","is_prod":false,"is_daily":false,"chose_seed":false,"campfire_upgraded":5,"win_rate":0,"timestamp":1532273062,"path_taken":["M","?","?","M","M","E","R","E","T","M","E","?","R","M","R","BOSS","M","?","?","$","?","E","R","M","T","R","?","R","?","M","R","BOSS"],"build_version":"2018-07-19v2","purchased_purges":1,"victory":false,"max_hp_per_floor":[68,68,73,73,73,73,73,73,73,73,73,73,73,73,73,73,73,73,73,73,73,73,73,73,73,73,73,73,73,73,73,73,73],"card_choices":[{"not_picked":["Glacier","Coolheaded"],"picked":"Consume","floor":1.0},{"not_picked":["Gash","Steam","Consume"],"picked":"SKIP","floor":4.0},{"not_picked":["Sunder","Capacitor"],"picked":"Streamline","floor":5.0},{"not_picked":["Reprogram","Steam"],"picked":"Coolheaded","floor":6.0},{"not_picked":["Hologram","Turbo","Stack"],"picked":"SKIP","floor":8.0},{"not_picked":["Fission","Steam"],"picked":"Leap","floor":10.0},{"not_picked":["Loop","Steam Power"],"picked":"Conserve Battery","floor":11.0},{"not_picked":["Genetic Algorithm","Conserve Battery","Hologram"],"picked":"SKIP","floor":14.0},{"not_picked":["Chaos","Doom and Gloom"],"picked":"Cold Snap","floor":15.0},{"not_picked":["Sweeping Beam"],"picked":"SKIP","floor":18},{"not_picked":["Genetic Algorithm"],"picked":"SKIP","floor":22},{"not_picked":["Stack"],"picked":"SKIP","floor":23},{"not_picked":["Recycle"],"picked":"SKIP","floor":25},{"not_picked":["Static Discharge"],"picked":"SKIP","floor":31}],"player_experience":188713,"relics_obtained":[{"floor":6.0,"key":"Sundial"},{"floor":8.0,"key":"Gambling Chip"},{"floor":9.0,"key":"Thread and Needle"},{"floor":11.0,"key":"Dream Catcher"},{"floor":23,"key":"Incense Burner"},{"floor":26,"key":"Meat on the Bone"}],"event_choices":[{"event_name":"The Woman in Blue","player_choice":"Bought 0 Potions","floor":2.0,"damage_taken":0.0},{"event_name":"Big Fish","player_choice":"Donut","floor":3.0,"damage_taken":0.0},{"event_name":"Liars Game","player_choice":"disagreed","floor":12.0,"damage_taken":0.0},{"event_name":"Wheel of Change","player_choice":"Curse","floor":19,"damage_taken":0},{"event_name":"Upgrade Shrine","player_choice":"Upgraded","floor":20,"damage_taken":0},{"event_name":"The Mausoleum","player_choice":"Yes","floor":28,"damage_taken":0},{"event_name":"Golden Shrine","player_choice":"Pray","floor":30,"damage_taken":0}],"is_beta":false,"boss_relics":[{"not_picked":["Empty Cage","Orrery"],"picked":"Busted Crown"}],"items_purged_floors":[21],"is_endless":false,"potions_floor_spawned":[1,10,11,23,31],"killed_by":"Collector","ascension_level":1}