{"gold_per_floor":[110,35,51,51,65,100,100,114,169,169,169,169,344,37,37,138,138,149,64,75,75,174,174,206,206,231,231,245,245,110,126,126,221,221,239,189,189,136,136,171,171,206,206,221,231,231,250,44,44,44],"floor_reached":51,"playtime":4574,"items_purged":["Strike_G","Doubt","Defend_G","Strike_G"],"score":803,"play_id":"9c92bc1c-8d00-4838-8848-8a9a484bace3","local_time":"20180813231726","is_ascension_mode":true,"campfire_choices":[{"floor":10.0,"key":"REST"},{"data":"Dodge and Roll","floor":12.0,"key":"SMITH"},{"data":"Quick Slash","floor":15.0,"key":"SMITH"},{"data":"Phantasmal Killer","floor":23,"key":"SMITH"},{"data":"Underhanded Strike","floor":25,"key":"SMITH"},{"data":"Leg Sweep","floor":27,"key":"SMITH"},{"data":"Survivor","floor":29,"key":"SMITH"},{"floor":32,"key":"REST"},{"data":"Blade Dance","floor":41,"key":"SMITH"},{"data":"Terror","floor":46,"key":"SMITH"},{"data":"Well Laid Plans","floor":49,"key":"SMITH"}],"neow_cost":"NONE","seed_source_timestamp":2262278838251,"circlet_count":0,"master_deck":["Defend_G","Defend_G","Defend_G+1","Strike_G+1","Survivor+1","Neutralize+1","Quick Slash+1","Dodge and Roll+1","Dagger Throw","Dagger Throw","Leg Sweep+1","Underhanded Strike+1","Phantasmal Killer+1","Riddle With Holes+1","Cloak And Dagger+1","Well Laid Plans+1","Blade Dance+1","Terror+1","Adrenaline","Blur+1","Quick Slash","Trip","Escape Plan+1","Expertise+1","Cloak And Dagger+1","Blade Dance+1","Finisher+1"],"special_seed":0,"relics":["Ring of the Snake","Smiling Mask","Oddly Smooth Stone","Kunai","Empty Cage","Omamori","Ginger","Bag of Preparation","HoveringKite","Blood Vial","Dream Catcher","Ornamental Fan","Lee\u0027s Waffle"],"potions_floor_usage":[18,24,40,50,50,50],"damage_taken":[{"damage":0.0,"enemies":"Jaw Worm","floor":1.0,"turns":4.0},{"damage":0.0,"enemies":"Small Slimes","floor":3.0,"turns":3.0},{"damage":0.0,"enemies":"2 Louse","floor":5.0,"turns":3.0},{"damage":42.0,"enemies":"Gremlin Nob","floor":6.0,"turns":5.0},{"damage":9.0,"enemies":"Large Slime","floor":8.0,"turns":11.0},{"damage":14,"enemies":"The Guardian","floor":16,"turns":15},{"damage":0,"enemies":"3 Byrds","floor":18,"turns":7},{"damage":2,"enemies":"Chosen","floor":20,"turns":5},{"damage":39,"enemies":"Slavers","floor":24,"turns":14},{"damage":12,"enemies":"Snake Plant","floor":28,"turns":4},{"damage":14,"enemies":"3 Cultists","floor":31,"turns":5},{"damage":26,"enemies":"Champ","floor":33,"turns":17},{"damage":10,"enemies":"Flame Bruiser 1 Orb","floor":35,"turns":9},{"damage":10,"enemies":"Nemesis","floor":40,"turns":6},{"damage":22,"enemies":"Giant Head","floor":42,"turns":7},{"damage":0,"enemies":"Orb Walker","floor":44,"turns":3},{"damage":0,"enemies":"Flame Bruiser 2 Orb","floor":45,"turns":5},{"damage":17,"enemies":"3 Darklings","floor":47,"turns":5},{"damage":33,"enemies":"Awakened One","floor":50,"turns":14}],"seed_played":"-505892068297046896","potions_obtained":[{"floor":5.0,"key":"Energy Potion"},{"floor":6.0,"key":"SmokeBomb"},{"floor":8.0,"key":"GamblersBrew"},{"floor":16,"key":"SmokeBomb"},{"floor":18,"key":"GamblersBrew"},{"floor":31,"key":"Weak Potion"},{"floor":33,"key":"GhostInAJar"},{"floor":42,"key":"Block Potion"},{"floor":45,"key":"Weak Potion"}],"is_trial":false,"path_per_floor":["M","$","M","?","M","E","?","M","T","R","?","R","?","$","R","B",null,"M","?","M","?","?","R","E","R","T","R","M","R","$","M","R","B",null,"M","$","?","$","?","E","R","E","T","M","M","R","M","$","R","B"],"character_chosen":"THE_SILENT","items_purchased":["Kunai","Well Laid Plans","Blade Dance","Quick Slash","Lee\u0027s Waffle"],"campfire_rested":2,"item_purchase_floors":[14,30,30,38,48],"current_hp_per_floor":[70,70,70,56,56,14,14,5,5,26,31,31,31,31,31,17,75,75,75,73,73,73,73,34,34,34,34,22,22,22,8,30,4,75,65,65,65,65,65,55,55,35,35,37,39,39,24,82,82,49],"gold":44,"neow_bonus":"UPGRADE_CARD","is_prod":false,"is_daily":false,"chose_seed":false,"campfire_upgraded":9,"win_rate":0,"timestamp":1534173446,"path_taken":["M","$","M","?","M","E","?","M","T","R","?","R","?","$","R","BOSS","M","?","M","?","?","R","E","R","T","R","M","R","$","?","R","BOSS","M","$","?","$","?","E","R","E","T","M","M","R","M","$","R","BOSS"],"build_version":"2018-08-09","purchased_purges":4,"victory":true,"max_hp_per_floor":[70,70,70,70,70,70,70,70,70,70,75,75,75,75,75,75,75,75,75,75,75,75,75,75,75,75,75,75,75,75,75,75,75,75,75,75,75,75,75,75,75,75,75,75,75,75,75,82,82,82],"card_choices":[{"not_picked":["Acrobatics","Setup"],"picked":"Quick Slash","floor":1.0},{"not_picked":["Deflect","Choke"],"picked":"Dodge and Roll","floor":3.0},{"not_picked":["Poisoned Stab","Slice"],"picked":"Dagger Throw","floor":5.0},{"not_picked":["Storm of Steel","PiercingWail"],"picked":"Dagger Throw","floor":6.0},{"not_picked":["Blade Dance","Finisher"],"picked":"Underhanded Strike","floor":8.0},{"not_picked":["Doppelganger","Storm of Steel"],"picked":"Phantasmal Killer","floor":16},{"not_picked":["Sucker Punch+1","Accuracy","Catalyst"],"picked":"SKIP","floor":18},{"not_picked":["Slice","Bane","Calculated Gamble"],"picked":"SKIP","floor":20},{"not_picked":["Deadly Poison","Poisoned Stab"],"picked":"Riddle With Holes+1","floor":24},{"not_picked":["Caltrops","Backflip+1"],"picked":"Cloak And Dagger+1","floor":28},{"not_picked":["Dodge and Roll","Deadly Poison"],"picked":"Terror","floor":31},{"not_picked":["Phantasmal Killer","Storm of Steel"],"picked":"Adrenaline","floor":33},{"not_picked":["Dagger Throw+1","Dagger Spray"],"picked":"Blur+1","floor":35},{"not_picked":["Jack Of All Trades","Secret Weapon"],"picked":"Trip","floor":39},{"not_picked":["Sucker Punch+1","Distraction"],"picked":"Escape Plan+1","floor":40},{"not_picked":["Prepared","Sucker Punch+1"],"picked":"Expertise+1","floor":42},{"not_picked":["Dagger Throw","Terror+1"],"picked":"Cloak And Dagger+1","floor":44},{"not_picked":["Skewer+1","Bane+1"],"picked":"Blade Dance+1","floor":45},{"not_picked":["Blade Dance+1","Escape Plan"],"picked":"Finisher+1","floor":47}],"player_experience":270877,"relics_obtained":[{"floor":6.0,"key":"Smiling Mask"},{"floor":9.0,"key":"Oddly Smooth Stone"},{"floor":24,"key":"Ginger"},{"floor":26,"key":"Bag of Preparation"},{"floor":40,"key":"Blood Vial"},{"floor":42,"key":"Dream Catcher"},{"floor":43,"key":"Ornamental Fan"}],"event_choices":[{"event_name":"Shining Light","player_choice":"Entered Light","floor":4.0,"damage_taken":0.0},{"event_name":"Transmorgrifier","player_choice":"Transform","floor":7.0,"damage_taken":0.0},{"event_name":"Big Fish","player_choice":"Donut","floor":11.0,"damage_taken":0.0},{"event_name":"Liars Game","player_choice":"agreed","floor":13.0,"damage_taken":0.0},{"event_name":"Addict","player_choice":"Obtained Relic","floor":19,"damage_taken":0},{"event_name":"Vampires","player_choice":"Ignored","floor":21,"damage_taken":0},{"event_name":"Nest","player_choice":"Stole From Cult","floor":22,"damage_taken":0},{"event_name":"Accursed Blacksmith","player_choice":"Ignore","floor":37,"damage_taken":0},{"event_name":"SensoryStone","player_choice":"Memory 1","floor":39,"damage_taken":0}],"is_beta":false,"boss_relics":[{"not_picked":["Coffee Dripper","Velvet Choker"],"picked":"Empty Cage"},{"not_picked":["Sozu","Calling Bell"],"picked":"HoveringKite"}],"items_purged_floors":[2,14,30,36],"is_endless":false,"potions_floor_spawned":[5,6,8,16,18,31,33,42,45,47],"ascension_level":4}