{"path_per_floor":["M","?","?","M","M","E","R","E","T","R","E","$","?","?","R","B",null,"M","?","?","$","M","E","R","M","T","R","$","M","M","T","R"],"character_chosen":"DEFECT","items_purchased":["Defragment","Happy Flower","Beam Cell","Capacitor","Oddly Smooth Stone"],"gold_per_floor":[112,112,112,130,142,172,172,200,224,224,251,9,9,9,9,130,130,151,151,151,28,52,90,90,106,158,158,12,31,44,97,97,97],"floor_reached":33,"campfire_rested":2,"playtime":1584,"current_hp_per_floor":[75,75,75,75,75,53,53,44,44,44,20,20,82,62,62,45,82,57,63,63,63,56,12,38,20,20,46,46,26,24,24,24,0],"items_purged":["Regret"],"gold":97,"score":323,"play_id":"cfd1fc10-d8fc-4a4b-9cb3-a45c28d5b3af","local_time":"20180507201030","is_prod":false,"is_daily":false,"chose_seed":false,"is_ascension_mode":true,"campfire_upgraded":3,"timestamp":1525716630,"path_taken":["M","?","?","M","M","E","R","E","T","R","E","$","?","?","R","BOSS","M","?","?","?","M","E","R","M","T","R","$","M","M","?","R","BOSS"],"build_version":"2018-05-03","seed_source_timestamp":878674253299573,"purchased_purges":1,"victory":false,"master_deck":["Strike_B+1","Strike_B+1","Strike_B+1","Strike_B+1","Defend_B+1","Defend_B+1","Defend_B+1","Defend_B+1","Zap","Dualcast","Leap","Cold Snap","Sweeping Beam","Prime+1","Cold Snap","Static Discharge","Defragment+1","Beam Cell","Nova","Decay","Decay","Writhe","Capacitor","Capacitor","Conserve Battery+1"],"max_hp_per_floor":[75,82,82,82,82,82,82,82,82,82,82,82,82,82,82,82,82,82,88,88,88,88,88,88,88,88,88,88,88,88,88,88,88],"relics":["Cracked Core","Strawberry","Vajra","Whetstone","Juzu Bracelet","Bottled Flame","Happy Flower","Golden Idol","Calling Bell","Bag of Preparation","Darkstone Periapt","Shovel","Anchor","Bag of Marbles","Pen Nib","Oddly Smooth Stone","Lantern","Bronze Scales"],"card_choices":[{"not_picked":["Capacitor","Impulse"],"picked":"Leap","floor":1},{"not_picked":["Barrage","Double Energy"],"picked":"Cold Snap","floor":4},{"not_picked":["Barrage","Impulse"],"picked":"Sweeping Beam","floor":5},{"not_picked":["Rebound","Darkness"],"picked":"Prime","floor":6},{"not_picked":["Steam Power","Scrape"],"picked":"Cold Snap","floor":8},{"not_picked":["Go for the Eyes","Ball Lightning"],"picked":"Static Discharge","floor":11},{"not_picked":["Meteor Strike","Multi-Cast"],"picked":"Nova","floor":16},{"not_picked":["Seek","Chill"],"picked":"Capacitor","floor":23},{"not_picked":["Beam Cell","Ball Lightning"],"picked":"Conserve Battery","floor":25}],"player_experience":89109,"potions_floor_usage":[6,8,11,23,25,30],"damage_taken":[{"damage":0,"enemies":"Small Slimes","floor":1,"turns":2},{"damage":0,"enemies":"Jaw Worm","floor":4,"turns":4},{"damage":0,"enemies":"2 Louse","floor":5,"turns":2},{"damage":22,"enemies":"Lagavulin","floor":6,"turns":9},{"damage":9,"enemies":"3 Sentries","floor":8,"turns":6},{"damage":24,"enemies":"Lagavulin","floor":11,"turns":7},{"damage":17,"enemies":"Slime Boss","floor":16,"turns":6},{"damage":25,"enemies":"2 Thieves","floor":18,"turns":4},{"damage":7,"enemies":"Shell Parasite","floor":22,"turns":6},{"damage":44,"enemies":"Gremlin Leader","floor":23,"turns":6},{"damage":30,"enemies":"Snake Plant","floor":25,"turns":5},{"damage":20,"enemies":"Chosen and Byrds","floor":29,"turns":8},{"damage":2,"enemies":"Cultist and Chosen","floor":30,"turns":5},{"damage":34,"enemies":"Collector","floor":33,"turns":5}],"event_choices":[{"event_name":"Scrap Ooze","player_choice":"success","floor":2,"damage_taken":7},{"event_name":"Golden Wing","player_choice":"Ignored","floor":3,"damage_taken":0},{"event_name":"Wheel of Change","player_choice":"Full Heal","floor":13,"damage_taken":0},{"event_name":"Golden Idol","player_choice":"Take Damage","floor":14,"damage_taken":0},{"event_name":"The Mausoleum","player_choice":"Yes","floor":19,"damage_taken":0},{"event_name":"Back to Basics","player_choice":"Simplicity","floor":20,"damage_taken":0}],"boss_relics":[{"not_picked":["Runic Dome","Snecko Eye"],"picked":"Calling Bell"}],"potions_floor_spawned":[4,6,8,22,23,25,29],"seed_played":"4404571896352989190","killed_by":"Collector","ascension_level":3,"is_trial":false}