{"gold_per_floor":[119,133,145,145,163,163,238,238,238,238,255,255],"floor_reached":12,"playtime":215,"items_purged":[],"score":130,"play_id":"8a085413-b5d2-4d5d-88ba-ef792fda0256","local_time":"20180918014000","is_ascension_mode":true,"campfire_choices":[{"floor":6,"key":"REST"},{"data":"Streamline","floor":8,"key":"SMITH"},{"data":"White Noise","floor":10,"key":"SMITH"}],"neow_cost":"NONE","seed_source_timestamp":50228199731505,"circlet_count":0,"master_deck":["Strike_B","Strike_B","Strike_B","Strike_B","Defend_B","Defend_B","Defend_B","Defend_B","Zap","Dualcast","AscendersBane","Thunder Strike","Streamline+1","Lockon","White Noise+1","Ball Lightning","Cold Snap"],"relics":["Cracked Core","Letter Opener"],"potions_floor_usage":[],"damage_taken":[{"damage":12,"enemies":"Jaw Worm","floor":1,"turns":3},{"damage":5,"enemies":"2 Louse","floor":2,"turns":3},{"damage":3,"enemies":"Small Slimes","floor":3,"turns":3},{"damage":22,"enemies":"Exordium Wildlife","floor":5,"turns":3},{"damage":15,"enemies":"3 Louse","floor":11,"turns":3},{"damage":19,"enemies":"Large Slime","floor":12,"turns":3}],"seed_played":"190803181175232360","potions_obtained":[{"floor":3,"key":"EssenceOfSteel"},{"floor":5,"key":"FearPotion"},{"floor":11,"key":"LiquidBronze"}],"is_trial":false,"path_per_floor":["M","M","M","?","M","R","?","R","T","R","M"],"character_chosen":"DEFECT","items_purchased":[],"campfire_rested":1,"item_purchase_floors":[],"current_hp_per_floor":[52,47,44,44,22,43,32,32,32,32,17,0],"gold":255,"neow_bonus":"ONE_RANDOM_RARE_CARD","is_prod":false,"is_daily":false,"chose_seed":false,"campfire_upgraded":2,"win_rate":0,"timestamp":1537227600,"path_taken":["M","M","M","?","M","R","?","R","T","R","M","M"],"build_version":"2018-09-12","purchased_purges":0,"victory":false,"max_hp_per_floor":[71,71,71,71,71,71,71,71,71,71,71,71],"card_choices":[{"not_picked":["Hologram","Rebound"],"picked":"Streamline","floor":1},{"not_picked":["Aggregate","Fusion"],"picked":"Lockon","floor":2},{"not_picked":["Storm","Conserve Battery"],"picked":"White Noise","floor":3},{"not_picked":["Rebound","Hologram"],"picked":"Ball Lightning","floor":5},{"not_picked":["Static Discharge","Lockon"],"picked":"Cold Snap","floor":11}],"player_experience":649160,"relics_obtained":[{"floor":9,"key":"Letter Opener"}],"event_choices":[{"event_name":"Scrap Ooze","player_choice":"unsuccessful","floor":4,"damage_taken":0},{"event_name":"World of Goop","player_choice":"Gather Gold","floor":7,"damage_taken":0}],"is_beta":true,"boss_relics":[],"items_purged_floors":[],"is_endless":false,"potions_floor_spawned":[3,5,11],"killed_by":"Large Slime","ascension_level":17}