{"gold_per_floor":[109,121,131,148,167,201,201,201,201,217,246,1,1,14,14,93,93,93,93,93,78,78,78,78,78,78,78,78,78,78,78,78,78,78,78,78,78,78,78,78,78,78,78,78,78,78,78,78,78,78],"floor_reached":51,"playtime":1210,"items_purged":["Defend_R"],"score":1243,"play_id":"7502d219-d693-4c82-ac3c-c6632883c1ea","local_time":"20181004011827","is_ascension_mode":true,"campfire_choices":[{"data":"Perfected Strike","floor":7.0,"key":"SMITH"},{"data":"Uppercut","floor":13.0,"key":"SMITH"},{"data":"Perfected Strike","floor":15.0,"key":"SMITH"},{"data":"Feed","floor":24.0,"key":"SMITH"},{"floor":27.0,"key":"REST"},{"data":"Spot Weakness","floor":29.0,"key":"SMITH"},{"floor":32.0,"key":"REST"},{"data":"Bludgeon","floor":40,"key":"SMITH"},{"data":"Perfected Strike","floor":42,"key":"SMITH"},{"data":"Bash","floor":44,"key":"SMITH"},{"data":"Twin Strike","floor":49,"key":"SMITH"}],"neow_cost":"NONE","seed_source_timestamp":42383316164407,"circlet_count":0,"master_deck":["Strike_R+1","Strike_R+1","Strike_R+1","Strike_R+1","Strike_R+1","Defend_R+1","Defend_R+1","Defend_R+1","Bash+1","AscendersBane","Twin Strike+1","Cleave","Perfected Strike+1","Uppercut+1","Pommel Strike","Pommel Strike","Perfected Strike+1","Feed+1","Inflame+1","Spot Weakness+1","Bludgeon+1","Flex+1","Flex+1","Perfected Strike+1","Pommel Strike","Master of Strategy"],"special_seed":0,"relics":["Burning Blood","Happy Flower","Self Forming Clay","Frozen Egg 2","Red Skull","Ectoplasm","Incense Burner","Ancient Tea Set","MawBank","Eternal Feather","Orichalcum","Sundial"],"potions_floor_usage":[50,50],"damage_taken":[{"damage":0.0,"enemies":"Small Slimes","floor":1.0,"turns":3.0},{"damage":16.0,"enemies":"Jaw Worm","floor":2.0,"turns":4.0},{"damage":6.0,"enemies":"Cultist","floor":3.0,"turns":3.0},{"damage":0.0,"enemies":"Large Slime","floor":4.0,"turns":4.0},{"damage":11.0,"enemies":"Blue Slaver","floor":5.0,"turns":3.0},{"damage":25.0,"enemies":"3 Sentries","floor":6.0,"turns":7.0},{"damage":15.0,"enemies":"Exordium Thugs","floor":10.0,"turns":3.0},{"damage":22.0,"enemies":"Lagavulin","floor":11.0,"turns":6.0},{"damage":0.0,"enemies":"Large Slime","floor":14.0,"turns":4.0},{"damage":41.0,"enemies":"The Guardian","floor":16.0,"turns":8.0},{"damage":16.0,"enemies":"Shell Parasite","floor":18.0,"turns":3.0},{"damage":11.0,"enemies":"2 Thieves","floor":21.0,"turns":2.0},{"damage":28.0,"enemies":"Gremlin Leader","floor":23.0,"turns":2.0},{"damage":21.0,"enemies":"Slavers","floor":28.0,"turns":3.0},{"damage":6.0,"enemies":"3 Cultists","floor":30.0,"turns":4.0},{"damage":34.0,"enemies":"Snake Plant","floor":31.0,"turns":3.0},{"damage":29.0,"enemies":"Collector","floor":33.0,"turns":4.0},{"damage":3.0,"enemies":"Orb Walker","floor":35.0,"turns":2.0},{"damage":8.0,"enemies":"3 Shapes","floor":36.0,"turns":2.0},{"damage":42,"enemies":"3 Darklings","floor":39,"turns":4},{"damage":1,"enemies":"Jaw Worm Horde","floor":41,"turns":4},{"damage":0,"enemies":"Transient","floor":45,"turns":5},{"damage":6,"enemies":"Maw","floor":46,"turns":5},{"damage":75,"enemies":"Awakened One","floor":50,"turns":8}],"seed_played":"2983548121258701157","potions_obtained":[{"floor":5.0,"key":"SpeedPotion"},{"floor":6.0,"key":"GamblersBrew"},{"floor":10.0,"key":"Regen Potion"},{"floor":11.0,"key":"SteroidPotion"},{"floor":28.0,"key":"Swift Potion"},{"floor":30.0,"key":"AttackPotion"},{"floor":31.0,"key":"Weak Potion"},{"floor":36.0,"key":"EssenceOfSteel"},{"floor":41,"key":"AttackPotion"}],"is_trial":false,"path_per_floor":["M","M","M","M","M","E","R","?","T","M","E","$","R","M","R","B",null,"M","?","$","M","?","E","R","$","T","R","E","R","M","M","R","B",null,"M","M","?","?","M","R","M","R","T","R","M","M","T","?","R","B"],"character_chosen":"IRONCLAD","items_purchased":["Red Skull"],"campfire_rested":2,"item_purchase_floors":[12],"current_hp_per_floor":[81,71,71,77,72,53,53,58,58,49,47,47,47,53,53,18,70,63,63,63,58,58,36,36,36,36,63,52,52,52,24,52,29,78,81,83,83,83,47,59,68,80,80,92,98,102,102,97,106,37],"gold":78,"neow_bonus":"TEN_PERCENT_HP_BONUS","is_prod":false,"is_daily":false,"chose_seed":false,"campfire_upgraded":9,"win_rate":0,"timestamp":1538608707,"path_taken":["M","M","M","M","M","E","R","?","T","M","E","$","R","M","R","BOSS","M","?","?","M","?","E","R","?","T","R","E","R","?","M","R","BOSS","M","M","?","?","?","R","M","R","T","R","M","M","?","?","R","BOSS"],"build_version":"2018-10-02","purchased_purges":1,"victory":true,"max_hp_per_floor":[82,82,82,82,82,82,82,87,87,87,87,87,87,87,87,87,87,90,90,90,90,90,90,90,90,90,90,94,94,94,94,94,94,94,94,98,98,98,98,98,102,102,102,102,102,106,106,106,106,106],"card_choices":[{"not_picked":["Warcry","Heavy Blade"],"picked":"Twin Strike","floor":1.0},{"not_picked":["Headbutt","Twin Strike"],"picked":"Cleave","floor":2.0},{"not_picked":["Seeing Red","Berserk"],"picked":"Perfected Strike","floor":3.0},{"not_picked":["Wild Strike","Reckless Charge","Second Wind"],"picked":"SKIP","floor":4.0},{"not_picked":["Body Slam","Corruption"],"picked":"Uppercut","floor":5.0},{"not_picked":["Clash","Body Slam"],"picked":"Pommel Strike","floor":6.0},{"not_picked":["Whirlwind","Intimidate","Cleave"],"picked":"SKIP","floor":10.0},{"not_picked":["Disarm","Pommel Strike","Evolve"],"picked":"SKIP","floor":11.0},{"not_picked":["Disarm","Evolve"],"picked":"Pommel Strike","floor":11.0},{"not_picked":["Dual Wield","Body Slam"],"picked":"Perfected Strike","floor":14.0},{"not_picked":["Barricade+1","Berserk+1"],"picked":"Feed","floor":16.0},{"not_picked":["Wild Strike","Dropkick","Clothesline"],"picked":"SKIP","floor":18.0},{"not_picked":["Sword Boomerang","Headbutt"],"picked":"Inflame+1","floor":21.0},{"not_picked":["Body Slam","Anger"],"picked":"Spot Weakness","floor":23.0},{"not_picked":["Sword Boomerang","Armaments","Fire Breathing+1"],"picked":"SKIP","floor":28.0},{"not_picked":["Wild Strike","Whirlwind","Sword Boomerang"],"picked":"SKIP","floor":30.0},{"not_picked":["Rampage","Intimidate","Berserk+1"],"picked":"SKIP","floor":31.0},{"not_picked":["Juggernaut+1","Feed"],"picked":"Bludgeon","floor":33.0},{"not_picked":["Battle Trance","Shockwave"],"picked":"Flex","floor":35.0},{"not_picked":["Cleave","Second Wind+1"],"picked":"Flex+1","floor":36.0},{"not_picked":["Rampage+1","Headbutt","Intimidate"],"picked":"SKIP","floor":39},{"not_picked":["Sever Soul+1","Thunderclap"],"picked":"Perfected Strike","floor":41},{"not_picked":["Thunderclap+1","Battle Trance","Berserk+1"],"picked":"SKIP","floor":45},{"not_picked":["Sword Boomerang+1","Combust+1"],"picked":"Pommel Strike","floor":46},{"not_picked":["Sadistic Nature+1","Secret Technique"],"picked":"Master of Strategy","floor":48}],"player_experience":666024,"relics_obtained":[{"floor":6.0,"key":"Happy Flower"},{"floor":9.0,"key":"Self Forming Clay"},{"floor":11.0,"key":"Frozen Egg 2"},{"floor":23.0,"key":"Incense Burner"},{"floor":26.0,"key":"Ancient Tea Set"},{"floor":28.0,"key":"MawBank"},{"floor":43,"key":"Orichalcum"},{"floor":47,"key":"Sundial"}],"event_choices":[{"event_name":"Big Fish","player_choice":"Donut","floor":8.0,"damage_taken":0.0},{"event_name":"Back to Basics","player_choice":"Simplicity","floor":19.0,"damage_taken":0.0},{"event_name":"Golden Shrine","player_choice":"Pray","floor":22.0,"damage_taken":0.0},{"event_name":"Accursed Blacksmith","player_choice":"Forge","floor":37.0,"damage_taken":0.0},{"event_name":"Mysterious Sphere","player_choice":"Ignore","floor":38,"damage_taken":0},{"event_name":"SensoryStone","player_choice":"Memory 2","floor":48,"damage_taken":0}],"is_beta":true,"boss_relics":[{"not_picked":["Fusion Hammer","Runic Pyramid"],"picked":"Ectoplasm"},{"not_picked":["Astrolabe","Mark of Pain"],"picked":"Eternal Feather"}],"items_purged_floors":[12],"is_endless":false,"potions_floor_spawned":[5,6,10,11,28,30,31,36,39,41],"ascension_level":16}