{"path_per_floor":["M","M","M","M","M","E","R","E","T","R","M","$","R","M","R","B",null,"M","M","?","$","M","E"],"character_chosen":"DEFECT","items_purchased":["Kunai","Echo Form"],"gold_per_floor":[115,129,141,157,177,210,210,235,235,235,253,1,1,11,11,116,116,130,149,149,12,24,55,55],"floor_reached":24,"campfire_rested":1,"playtime":1208,"current_hp_per_floor":[74,67,67,67,49,39,39,20,20,20,18,18,40,39,39,4,75,63,58,58,58,49,31,0],"items_purged":[],"gold":55,"score":276,"play_id":"55d651d9-f464-49ae-9d70-e9487c9f8989","local_time":"20180508204525","is_prod":false,"is_daily":false,"chose_seed":false,"is_ascension_mode":true,"campfire_upgraded":3,"timestamp":1525805125,"path_taken":["M","M","?","M","M","E","R","E","T","R","M","$","R","M","R","BOSS","M","M","?","$","M","E","?"],"build_version":"2018-05-07","seed_source_timestamp":13746459559952,"purchased_purges":0,"victory":false,"master_deck":["Strike_B","Strike_B","Strike_B","Strike_B","Defend_B","Defend_B","Defend_B","Defend_B","Zap+1","Dualcast","Capacitor","Ball Lightning","Capacitor","Streamline+1","Conserve Battery","Streamline+1","Go for the Eyes","Leap","Lockon","Echo Form","Go for the Eyes+1","Rebound+1","Echo Form","Consume","Reinforced Body"],"max_hp_per_floor":[75,75,75,75,75,75,75,75,75,75,75,75,75,75,75,75,75,75,75,75,75,75,75,75],"relics":["Cracked Core","Anchor","Unceasing Top","Bronze Scales","Smiling Mask","Kunai","Cursed Key","Peace Pipe"],"card_choices":[{"not_picked":["Storm","Coolheaded"],"picked":"Capacitor","floor":1},{"not_picked":["Darkness","Undo"],"picked":"Ball Lightning","floor":2},{"not_picked":["Heatsinks","Coolheaded"],"picked":"Capacitor","floor":3},{"not_picked":["Darkness","Blizzard"],"picked":"Streamline","floor":4},{"not_picked":["Impulse","Rebound"],"picked":"Conserve Battery","floor":5},{"not_picked":["Reinforced Body","Rebound"],"picked":"Streamline","floor":6},{"not_picked":["Coolheaded","Recycle"],"picked":"Go for the Eyes","floor":8},{"not_picked":["Hologram","Axe Kick"],"picked":"Leap","floor":11},{"not_picked":["Nova","Skim"],"picked":"Lockon","floor":14},{"not_picked":["Fusion","Machine Learning"],"picked":"Echo Form","floor":16},{"not_picked":["Steam Power","Turbo"],"picked":"Go for the Eyes","floor":18},{"not_picked":["Barrage","Lockon"],"picked":"Rebound","floor":19},{"not_picked":["Skim","Blizzard"],"picked":"Consume","floor":22},{"not_picked":["Meteor Strike","Skim"],"picked":"Reinforced Body","floor":23}],"player_experience":95532,"potions_floor_usage":[6,6,8,16,23,23,23],"damage_taken":[{"damage":1,"enemies":"Cultist","floor":1,"turns":3},{"damage":7,"enemies":"Small Slimes","floor":2,"turns":3},{"damage":0,"enemies":"Jaw Worm","floor":3,"turns":2},{"damage":0,"enemies":"Blue Slaver","floor":4,"turns":2},{"damage":18,"enemies":"Lots of Slimes","floor":5,"turns":4},{"damage":10,"enemies":"Gremlin Nob","floor":6,"turns":3},{"damage":19,"enemies":"3 Sentries","floor":8,"turns":6},{"damage":2,"enemies":"3 Louse","floor":11,"turns":2},{"damage":1,"enemies":"2 Fungi Beasts","floor":14,"turns":3},{"damage":35,"enemies":"The Guardian","floor":16,"turns":9},{"damage":12,"enemies":"Chosen","floor":18,"turns":4},{"damage":5,"enemies":"Shell Parasite","floor":19,"turns":5},{"damage":9,"enemies":"Snake Plant","floor":22,"turns":4},{"damage":25,"enemies":"Book of Stabbing","floor":23,"turns":4},{"damage":32,"enemies":"Centurion and Healer","floor":24,"turns":4}],"event_choices":[{"event_name":"Vampires","player_choice":"Ignored","floor":20,"damage_taken":0}],"boss_relics":[{"not_picked":["Eternal Feather","Philosopher\u0027s Stone"],"picked":"Cursed Key"}],"potions_floor_spawned":[3,4,5,6,8,19,22],"seed_played":"3187261857203878587","killed_by":"Centurion and Healer","ascension_level":4,"is_trial":false}