{"gold_per_floor":[412,428,447,41,61,91,91,110,136,151,101,101],"floor_reached":12,"playtime":431,"items_purged":["Shame"],"score":160,"play_id":"53c5ddcf-7c87-43a0-a881-7635f2e2313e","local_time":"20181103164129","is_ascension_mode":true,"campfire_choices":[],"neow_cost":"CURSE","seed_source_timestamp":22547958884831,"circlet_count":0,"master_deck":["AscendersBane","Strike_B","Strike_B","Strike_B","Defend_B","Defend_B","Defend_B","Defend_B","Zap","Dualcast","Gash","Gash","Self Repair","Auto Shields"],"special_seed":0,"relics":["Cracked Core","Old Coin","Unceasing Top","Torii","Lantern"],"potions_floor_usage":[6,10],"damage_taken":[{"damage":14.0,"enemies":"Small Slimes","floor":1.0,"turns":3.0},{"damage":0.0,"enemies":"Cultist","floor":2.0,"turns":3.0},{"damage":0.0,"enemies":"2 Louse","floor":3.0,"turns":2.0},{"damage":10.0,"enemies":"2 Fungi Beasts","floor":5.0,"turns":4.0},{"damage":35,"enemies":"3 Sentries","floor":6,"turns":9},{"damage":14,"enemies":"Lots of Slimes","floor":8,"turns":5},{"damage":9,"enemies":"Blue Slaver","floor":10,"turns":4},{"damage":6,"enemies":"3 Louse","floor":12,"turns":2}],"seed_played":"-3152477660088696205","potions_obtained":[{"floor":1.0,"key":"Dexterity Potion"},{"floor":8,"key":"EssenceOfSteel"}],"is_trial":false,"path_per_floor":["M","M","M","$","M","E","?","M","T","M","?","M"],"character_chosen":"DEFECT","items_purchased":["Unceasing Top"],"campfire_rested":0,"item_purchase_floors":[4],"current_hp_per_floor":[50,50,50,50,47,19,19,12,12,10,10,4],"gold":101,"neow_bonus":"ONE_RARE_RELIC","is_prod":false,"is_daily":false,"chose_seed":false,"campfire_upgraded":0,"win_rate":0,"timestamp":1541259689,"path_taken":["M","M","M","$","M","E","?","M","T","?","?","M"],"build_version":"2018-11-02","purchased_purges":1,"victory":false,"max_hp_per_floor":[71,71,71,71,71,71,71,71,71,71,71,71],"card_choices":[{"not_picked":["Beam Cell","Barrage"],"picked":"Gash","floor":1.0},{"not_picked":["Go for the Eyes","Barrage"],"picked":"Gash","floor":2.0},{"not_picked":["Steam","Darkness"],"picked":"Self Repair","floor":3.0},{"not_picked":["Leap","Ball Lightning","Meteor Strike"],"picked":"SKIP","floor":5.0},{"not_picked":["Loop","Conserve Battery","Stack"],"picked":"SKIP","floor":6},{"not_picked":["Streamline","Compile Driver","Turbo"],"picked":"SKIP","floor":8},{"not_picked":["Coolheaded","Double Energy","Multi-Cast"],"picked":"SKIP","floor":10}],"player_experience":737230,"relics_obtained":[{"floor":6,"key":"Torii"},{"floor":9,"key":"Lantern"}],"event_choices":[{"damage_healed":0,"gold_gain":0,"cards_transformed":["Strike_B"],"player_choice":"Transformed","damage_taken":0,"max_hp_gain":0,"max_hp_loss":0,"event_name":"Transmorgrifier","floor":7,"gold_loss":0,"cards_obtained":["Auto Shields"]},{"damage_healed":0,"gold_gain":0,"player_choice":"Left Gold","damage_taken":0,"max_hp_gain":0,"max_hp_loss":0,"event_name":"World of Goop","floor":11,"gold_loss":50}],"is_beta":true,"boss_relics":[],"items_purged_floors":[4],"is_endless":false,"potions_floor_spawned":[1,8],"killed_by":"3 Louse","ascension_level":19}