{"gold_per_floor":[114,129,404,404,415,415,435,435,435,451,470,470,505,523,523,624,624,635,635,646,561,486,550,550,650,650,236,236,267,279,18,18,121,121,140,140,60,60,80,80,93,93,116,116,127,127,141,160,160,160],"floor_reached":51,"playtime":2295,"items_purged":["Strike_R","Strike_R","Strike_R"],"score":710,"play_id":"9a406f78-6115-4db3-8cee-327aa8fbbf37","local_time":"20181015005711","is_ascension_mode":false,"campfire_choices":[{"data":"Spot Weakness","floor":6,"key":"SMITH"},{"data":"Bash","floor":8,"key":"SMITH"},{"data":"Sword Boomerang","floor":15,"key":"SMITH"},{"data":"Shockwave","floor":24,"key":"SMITH"},{"data":"1","floor":28,"key":"LIFT"},{"data":"2","floor":30,"key":"LIFT"},{"floor":32,"key":"REST"},{"data":"3","floor":40,"key":"LIFT"},{"data":"Limit Break","floor":42,"key":"SMITH"},{"data":"Pummel","floor":44,"key":"SMITH"},{"data":"Flex","floor":49,"key":"SMITH"}],"neow_cost":"NONE","seed_source_timestamp":6796442666665,"circlet_count":0,"master_deck":["Strike_R","Defend_R","Defend_R+1","Defend_R","Bash+1","Spot Weakness+1","Armaments+1","Cleave","Thunderclap","Sword Boomerang+1","Pummel+1","Dropkick","Headbutt","Rampage","Shockwave+1","Clash","Clash","Twin Strike","Sword Boomerang+1","Limit Break+1","Flex+1","Dropkick","Dropkick+1","Thunderclap+1"],"relics":["Burning Blood","Gambling Chip","WingedGreaves","Nloth\u0027s Gift","Meat on the Bone","Tiny Chest","Incense Burner","Bottled Flame","Omamori","Girya","MawBank","Bag of Marbles","White Beast Statue","CultistMask","Centennial Puzzle","Gremlin Horn"],"potions_floor_usage":[16,23,23,29,33,50,50,50],"damage_taken":[{"damage":0,"enemies":"Small Slimes","floor":1,"turns":3},{"damage":6,"enemies":"Cultist","floor":2,"turns":3},{"damage":2,"enemies":"2 Louse","floor":5,"turns":3},{"damage":4,"enemies":"Blue Slaver","floor":7,"turns":4},{"damage":9,"enemies":"Looter","floor":10,"turns":3},{"damage":20,"enemies":"Exordium Thugs","floor":11,"turns":5},{"damage":13,"enemies":"3 Sentries","floor":13,"turns":5},{"damage":0,"enemies":"Blue Slaver","floor":14,"turns":2},{"damage":6,"enemies":"Hexaghost","floor":16,"turns":8},{"damage":5,"enemies":"Chosen","floor":18,"turns":6},{"damage":4,"enemies":"Shell Parasite","floor":20,"turns":3},{"damage":11,"enemies":"Book of Stabbing","floor":23,"turns":5},{"damage":17,"enemies":"Colosseum Slavers","floor":25,"turns":2},{"damage":58,"enemies":"Colosseum Nobs","floor":25,"turns":5},{"damage":13,"enemies":"Slavers","floor":29,"turns":3},{"damage":29,"enemies":"Collector","floor":33,"turns":7},{"damage":15,"enemies":"3 Darklings","floor":35,"turns":3},{"damage":7,"enemies":"Orb Walker","floor":39,"turns":2},{"damage":26,"enemies":"4 Shapes","floor":41,"turns":5},{"damage":0,"enemies":"Spire Growth","floor":45,"turns":2},{"damage":0,"enemies":"Reptomancer","floor":47,"turns":1},{"damage":0,"enemies":"4 Shapes","floor":48,"turns":1},{"damage":47,"enemies":"Time Eater","floor":50,"turns":4}],"seed_played":"-2414189676048009413","potions_obtained":[{"floor":1,"key":"Block Potion"},{"floor":2,"key":"Block Potion"},{"floor":13,"key":"EssenceOfSteel"},{"floor":16,"key":"PowerPotion"},{"floor":29,"key":"Strength Potion"},{"floor":33,"key":"Strength Potion"},{"floor":35,"key":"FairyPotion"},{"floor":39,"key":"FearPotion"},{"floor":45,"key":"Strength Potion"},{"floor":47,"key":"PowerPotion"}],"is_trial":false,"path_per_floor":["M","M","?","?","M","R","M","R","T","M","M","?","E","M","R","B",null,"M","?","M","?","$","E","R","?","T","$","R","E","R","$","R","B",null,"M","?","$","?","M","R","M","R","T","R","M","T","M","M","R","B"],"character_chosen":"IRONCLAD","items_purchased":["Girya","Bag of Marbles","Dropkick"],"campfire_rested":1,"item_purchase_floors":[27,31,37],"current_hp_per_floor":[80,80,80,64,68,68,70,70,70,67,53,46,39,45,45,45,80,80,80,80,80,80,75,75,24,24,24,24,29,29,29,53,42,80,71,71,71,71,70,70,50,50,50,50,56,56,62,68,68,39],"gold":160,"neow_bonus":"REMOVE_CARD","is_prod":false,"is_daily":false,"chose_seed":false,"campfire_upgraded":7,"win_rate":0,"timestamp":1539536231,"path_taken":["M","M","?","?","?","R","M","R","T","M","M","?","E","?","R","BOSS","M","?","?","?","$","E","R","?","T","?","R","E","R","$","R","BOSS","M","?","$","?","M","R","M","R","T","R","M","?","?","M","R","BOSS"],"build_version":"2018-10-11","purchased_purges":3,"victory":true,"max_hp_per_floor":[80,80,80,80,80,80,80,80,80,80,80,80,80,80,80,80,80,80,80,80,80,80,80,80,80,80,80,80,80,80,80,80,80,80,80,80,80,80,80,80,80,80,80,80,80,80,80,80,80,80],"card_choices":[{"not_picked":["Havoc","Headbutt"],"picked":"Spot Weakness","floor":1},{"not_picked":["Wild Strike","Entrench"],"picked":"Armaments","floor":2},{"not_picked":["Rage","Demon Form","True Grit"],"picked":"SKIP","floor":5},{"not_picked":["Wild Strike","Warcry","Carnage"],"picked":"SKIP","floor":7},{"not_picked":["Warcry","Body Slam"],"picked":"Cleave","floor":10},{"not_picked":["Perfected Strike","Corruption"],"picked":"Thunderclap","floor":11},{"not_picked":["Reckless Charge","Wild Strike"],"picked":"Sword Boomerang","floor":13},{"not_picked":["Perfected Strike","Corruption","Shrug It Off"],"picked":"SKIP","floor":14},{"not_picked":["Pommel Strike","Armaments"],"picked":"Pummel","floor":17},{"not_picked":["Evolve","Hemokinesis"],"picked":"Dropkick","floor":17},{"not_picked":["Evolve","Perfected Strike"],"picked":"Headbutt","floor":17},{"not_picked":["Shrug It Off","Anger"],"picked":"Rampage","floor":17},{"not_picked":["Hemokinesis","Flex"],"picked":"Shockwave","floor":18},{"not_picked":["Cleave","Ghostly Armor+1"],"picked":"Clash","floor":20},{"not_picked":["Reckless Charge+1","Fiend Fire"],"picked":"Clash","floor":23},{"not_picked":["Clash","Cleave"],"picked":"Twin Strike","floor":25},{"not_picked":["Clash+1","Sever Soul"],"picked":"Sword Boomerang+1","floor":29},{"not_picked":["Barricade","Fiend Fire"],"picked":"Limit Break","floor":33},{"not_picked":["Rampage","True Grit+1"],"picked":"Flex","floor":35},{"not_picked":["Havoc","Heavy Blade+1"],"picked":"Dropkick+1","floor":39},{"not_picked":["Wild Strike+1","Fire Breathing+1","Clothesline+1"],"picked":"SKIP","floor":41},{"not_picked":["Rampage+1","Reaper"],"picked":"Thunderclap+1","floor":45},{"not_picked":["Pommel Strike","True Grit","Havoc"],"picked":"SKIP","floor":47},{"not_picked":["Dual Wield+1","Havoc+1","Thunderclap"],"picked":"SKIP","floor":48}],"player_experience":329929,"relics_obtained":[{"floor":9,"key":"Gambling Chip"},{"floor":13,"key":"WingedGreaves"},{"floor":23,"key":"Tiny Chest"},{"floor":25,"key":"Incense Burner"},{"floor":25,"key":"Bottled Flame"},{"floor":26,"key":"Omamori"},{"floor":29,"key":"MawBank"},{"floor":43,"key":"Centennial Puzzle"},{"floor":46,"key":"Gremlin Horn"}],"event_choices":[{"event_name":"Golden Shrine","player_choice":"Desecrate","floor":3,"damage_taken":0},{"event_name":"Shining Light","player_choice":"Entered Light","floor":4,"damage_taken":0},{"event_name":"Golden Wing","player_choice":"Card Removal","floor":12,"damage_taken":0},{"event_name":"N\u0027loth","player_choice":"Traded a Orrery","floor":19,"damage_taken":0},{"event_name":"Addict","player_choice":"Obtained Relic","floor":21,"damage_taken":0},{"event_name":"Colosseum","player_choice":"Fight","floor":25,"damage_taken":0},{"event_name":"Colosseum","player_choice":"Fought Nobs","floor":25,"damage_taken":0},{"event_name":"Falling","player_choice":"Removed Skill","floor":36,"damage_taken":0},{"event_name":"FaceTrader","player_choice":"Trade","floor":38,"damage_taken":0}],"is_beta":false,"boss_relics":[{"not_picked":["Runic Cube","Black Blood"],"picked":"Orrery"},{"not_picked":["Snecko Eye","Astrolabe"],"picked":"White Beast Statue"}],"items_purged_floors":[22,27,31],"is_endless":false,"potions_floor_spawned":[1,2,13,16,18,29,33,35,39,41,45,47,48],"ascension_level":0}