{"gold_per_floor":[117,117,192,8,24,55,55,55,79,79,131,131,174,190,190,190],"floor_reached":16,"playtime":201,"items_purged":["Strike_G"],"score":262,"play_id":"e5a77293-4881-4dad-b4cc-f2f15ca9f934","local_time":"20181125210018","is_ascension_mode":true,"campfire_choices":[{"data":"Cloak And Dagger","floor":7,"key":"SMITH"},{"floor":10,"key":"REST"},{"floor":15,"key":"REST"}],"neow_cost":"NONE","seed_source_timestamp":9575724959266,"circlet_count":0,"master_deck":["AscendersBane","Defend_G","Defend_G+1","Defend_G","Defend_G","Defend_G","Strike_G","Strike_G","Strike_G","Strike_G","Survivor","Neutralize","Cloak And Dagger+1","Deadly Poison","Infinite Blades","Backstab","Backstab+1","Deadly Poison+1","Blade Dance+1"],"relics":["Ring of the Snake","NeowsBlessing","Golden Idol","Juzu Bracelet","Bronze Scales","Potion Belt","Toxic Egg 2","Bag of Preparation"],"potions_floor_usage":[13],"damage_taken":[{"damage":0,"enemies":"Jaw Worm","floor":1,"turns":1},{"damage":0,"enemies":"Small Slimes","floor":5,"turns":1},{"damage":0,"enemies":"Lagavulin","floor":6,"turns":1},{"damage":4,"enemies":"3 Sentries","floor":13,"turns":5},{"damage":0,"enemies":"2 Louse","floor":14,"turns":1},{"damage":30,"enemies":"Slime Boss","floor":16,"turns":7}],"seed_played":"2705290230136619931","potions_obtained":[{"floor":6,"key":"Explosive Potion"}],"is_trial":false,"path_per_floor":["M","?","?","$","M","E","R","?","T","R","T","?","E","M","R","B"],"character_chosen":"THE_SILENT","items_purchased":["Deadly Poison","Infinite Blades"],"campfire_rested":2,"item_purchase_floors":[4,4],"current_hp_per_floor":[59,36,25,25,25,25,25,5,5,24,24,19,15,15,34,4],"gold":190,"neow_bonus":"THREE_ENEMY_KILL","is_prod":false,"is_daily":false,"chose_seed":false,"campfire_upgraded":1,"win_rate":0,"timestamp":1543176018,"path_taken":["M","?","?","$","M","E","R","?","T","R","?","?","E","M","R","BOSS"],"build_version":"2018-11-15","purchased_purges":1,"victory":false,"max_hp_per_floor":[66,66,66,66,66,66,66,66,66,66,66,66,66,66,66,66],"card_choices":[{"not_picked":["Underhanded Strike","Well Laid Plans"],"picked":"Cloak And Dagger","floor":1},{"not_picked":["Underhanded Strike","Outmaneuver"],"picked":"Backstab","floor":5},{"not_picked":["Riddle With Holes","Flechettes"],"picked":"Backstab","floor":6},{"not_picked":["PiercingWail+1","Reflex+1"],"picked":"Deadly Poison+1","floor":13},{"not_picked":["Outmaneuver+1","Distraction+1"],"picked":"Blade Dance+1","floor":14}],"player_experience":775130,"relics_obtained":[{"floor":6,"key":"Juzu Bracelet"},{"floor":9,"key":"Bronze Scales"},{"floor":11,"key":"Potion Belt"},{"floor":13,"key":"Bag of Preparation"}],"event_choices":[{"damage_healed":0,"gold_gain":0,"player_choice":"Take Damage","damage_taken":23,"relics_obtained":["Golden Idol"],"max_hp_gain":0,"max_hp_loss":0,"event_name":"Golden Idol","floor":2,"gold_loss":0},{"damage_healed":0,"gold_gain":75,"player_choice":"Gather Gold","damage_taken":11,"max_hp_gain":0,"max_hp_loss":0,"event_name":"World of Goop","floor":3,"gold_loss":0},{"damage_healed":0,"gold_gain":0,"player_choice":"Entered Light","damage_taken":20,"max_hp_gain":0,"max_hp_loss":0,"event_name":"Shining Light","floor":8,"gold_loss":0,"cards_upgraded":["Backstab","Defend_G"]},{"damage_healed":0,"gold_gain":0,"player_choice":"Success","damage_taken":5,"relics_obtained":["Toxic Egg 2"],"max_hp_gain":0,"max_hp_loss":0,"event_name":"Scrap Ooze","floor":12,"gold_loss":0}],"is_beta":true,"boss_relics":[],"items_purged_floors":[4],"is_endless":false,"potions_floor_spawned":[6],"killed_by":"Slime Boss","ascension_level":20}