{"gold_per_floor":[112,187,187,187,207,238,265,265,265,265,100,100,113,152,152,245,245,266,43,43,68,68,101,101,115,141,174,174,224,247,272,272,371,371,395,418,20,145,165,165,186,220,243,243,278,278,314,339,339,339],"floor_reached":50,"playtime":1600,"items_purged":["Strike_B","Strike_B","Strike_B+1"],"score":1277,"play_id":"8676e025-4023-410f-bbca-558bd336bc1b","local_time":"20181112155550","is_ascension_mode":true,"campfire_choices":[{"floor":10.0,"key":"REST"},{"data":"Defragment","floor":12.0,"key":"SMITH"},{"data":"Fission","floor":15.0,"key":"SMITH"},{"data":"Amplify","floor":24.0,"key":"SMITH"},{"floor":28.0,"key":"REST"},{"data":"White Noise","floor":32.0,"key":"SMITH"},{"floor":40.0,"key":"REST"},{"floor":44.0,"key":"RECALL"},{"floor":46.0,"key":"REST"},{"data":"Creative AI","floor":49,"key":"SMITH"}],"neow_cost":"NONE","seed_source_timestamp":16932676631178,"circlet_count":0,"master_deck":["AscendersBane","Strike_B+1","Defend_B+1","Defend_B+1","Defend_B+1","Defend_B+1","Zap","Dualcast","Chaos","Defragment+1","Loop","Defragment+1","Coolheaded","Conserve Battery","Fission+1","Amplify+1","Storm","White Noise+1","Ball Lightning","Static Discharge+1","Reboot","Creative AI+1","Echo Form","Ball Lightning+1","Echo Form"],"special_seed":0,"relics":["Cracked Core","NeowsBlessing","Golden Idol","Singing Bowl","Smiling Mask","Bird Faced Urn","Mango","Inserter","FossilizedHelix","Oddly Smooth Stone","Molten Egg 2","Philosopher\u0027s Stone","DataDisk","Unceasing Top","Bronze Scales","Dream Catcher","Pen Nib"],"potions_floor_usage":[48],"damage_taken":[{"damage":0.0,"enemies":"Jaw Worm","floor":1.0,"turns":1.0},{"damage":0.0,"enemies":"2 Louse","floor":5.0,"turns":1.0},{"damage":0.0,"enemies":"Gremlin Nob","floor":6.0,"turns":1.0},{"damage":7.0,"enemies":"Small Slimes","floor":13.0,"turns":3.0},{"damage":28.0,"enemies":"3 Sentries","floor":14.0,"turns":7.0},{"damage":10.0,"enemies":"The Guardian","floor":16.0,"turns":13.0},{"damage":41.0,"enemies":"3 Byrds","floor":18.0,"turns":7.0},{"damage":0.0,"enemies":"Chosen","floor":21.0,"turns":3.0},{"damage":1.0,"enemies":"Gremlin Leader","floor":23.0,"turns":4.0},{"damage":25.0,"enemies":"Centurion and Healer","floor":25.0,"turns":10.0},{"damage":35.0,"enemies":"Slavers","floor":27.0,"turns":4.0},{"damage":0.0,"enemies":"Snecko","floor":30.0,"turns":4.0},{"damage":8.0,"enemies":"Snake Plant","floor":31.0,"turns":2.0},{"damage":91.0,"enemies":"Collector","floor":33.0,"turns":10.0},{"damage":48.0,"enemies":"3 Darklings","floor":35.0,"turns":4.0},{"damage":3.0,"enemies":"3 Shapes","floor":36.0,"turns":3.0},{"damage":0.0,"enemies":"Mind Bloom Boss Battle","floor":38.0,"turns":5.0},{"damage":53.0,"enemies":"3 Darklings","floor":39.0,"turns":4.0},{"damage":6.0,"enemies":"Writhing Mass","floor":41.0,"turns":3.0},{"damage":21.0,"enemies":"Giant Head","floor":42.0,"turns":5.0},{"damage":63.0,"enemies":"Reptomancer","floor":45.0,"turns":4.0},{"damage":17.0,"enemies":"Nemesis","floor":47.0,"turns":7.0},{"damage":0,"enemies":"Spire Growth","floor":48,"turns":4},{"damage":129,"enemies":"Awakened One","floor":50,"turns":3}],"seed_played":"2602006824269235025","potions_obtained":[{"floor":1.0,"key":"GamblersBrew"},{"floor":13.0,"key":"SpeedPotion"},{"floor":14.0,"key":"Weak Potion"},{"floor":23.0,"key":"SpeedPotion"},{"floor":27.0,"key":"Weak Potion"},{"floor":30.0,"key":"Fire Potion"},{"floor":33.0,"key":"Fruit Juice"},{"floor":36.0,"key":"FearPotion"},{"floor":39.0,"key":"Fire Potion"},{"floor":45.0,"key":"Ancient Potion"}],"is_trial":false,"path_per_floor":["M","?","?","?","M","E","T","?","T","R","$","R","M","E","R","B",null,"M","$","?","M","?","E","R","M","T","E","R","?","M","M","R","B",null,"M","M","$","?","M","R","M","E","T","R","E","R","E","M","R","B"],"character_chosen":"DEFECT","items_purchased":["Defragment","Coolheaded","Storm","White Noise","Ball Lightning","Echo Form","DataDisk","Ball Lightning+1"],"campfire_rested":4,"item_purchase_floors":[11,11,19,19,19,37,37,37],"current_hp_per_floor":[64,53,29,29,29,29,29,29,29,50,50,50,49,41,41,37,73,42,42,42,58,58,69,69,56,56,37,64,64,78,82,82,10,78,46,57,57,85,60,92,100,95,95,95,52,87,98,118,118,0],"gold":339,"neow_bonus":"THREE_ENEMY_KILL","is_prod":false,"is_daily":false,"chose_seed":false,"campfire_upgraded":5,"win_rate":0,"timestamp":1542034550,"path_taken":["M","?","?","?","M","E","?","?","T","R","$","R","M","E","R","BOSS","M","$","?","M","?","E","R","?","T","E","R","?","M","M","R","BOSS","M","M","$","?","M","R","M","E","T","R","E","R","E","M","R","BOSS"],"build_version":"2018-11-08","purchased_purges":3,"victory":false,"max_hp_per_floor":[71,71,71,71,71,71,71,71,71,71,71,71,71,85,85,85,85,87,87,87,89,89,91,91,91,91,93,93,93,95,95,95,100,100,102,104,104,106,108,108,110,112,112,112,112,114,116,118,118,118],"card_choices":[{"not_picked":["Rip and Tear","Darkness"],"picked":"Chaos","floor":1.0},{"not_picked":["Chill","Recycle"],"picked":"Defragment","floor":5.0},{"not_picked":["Aggregate","Undo"],"picked":"Loop","floor":6.0},{"not_picked":["Go for the Eyes","Hologram"],"picked":"Conserve Battery","floor":13.0},{"not_picked":["Steam Power","Barrage"],"picked":"Fission","floor":14.0},{"not_picked":["Meteor Strike","Reboot"],"picked":"Amplify","floor":16.0},{"not_picked":["Compile Driver","Barrage","Leap"],"picked":"Singing Bowl","floor":18.0},{"not_picked":["Ball Lightning","Barrage+1","Redo"],"picked":"Singing Bowl","floor":21.0},{"not_picked":["Streamline","Stack","Rebound"],"picked":"Singing Bowl","floor":23.0},{"not_picked":["Streamline","Redo"],"picked":"Static Discharge+1","floor":25.0},{"not_picked":["Redo","Coolheaded","Rip and Tear"],"picked":"Singing Bowl","floor":27.0},{"not_picked":["Beam Cell+1","Steam Power","Barrage+1"],"picked":"Singing Bowl","floor":30.0},{"not_picked":["Lockon+1","Chaos+1"],"picked":"Reboot","floor":31.0},{"not_picked":["Hyperbeam+1","Machine Learning"],"picked":"Creative AI","floor":33.0},{"not_picked":["Beam Cell+1","Compile Driver+1","Ball Lightning+1"],"picked":"Singing Bowl","floor":35.0},{"not_picked":["Rebound+1","Static Discharge","Sweeping Beam+1"],"picked":"Singing Bowl","floor":36.0},{"not_picked":["Coolheaded","Fusion","Steam"],"picked":"Singing Bowl","floor":38.0},{"not_picked":["Genetic Algorithm+1","Leap","Barrage+1"],"picked":"Singing Bowl","floor":39.0},{"not_picked":["Beam Cell+1","Streamline+1","Redo"],"picked":"Singing Bowl","floor":41.0},{"not_picked":["Skim","Melter+1","Go for the Eyes+1"],"picked":"Singing Bowl","floor":42.0},{"not_picked":["Go for the Eyes+1","Steam"],"picked":"Echo Form","floor":45.0},{"not_picked":["Rebound+1","Doom and Gloom+1","Recycle"],"picked":"Singing Bowl","floor":46.0},{"not_picked":["FTL+1","Streamline+1","Tempest+1"],"picked":"Singing Bowl","floor":47.0},{"not_picked":["Conserve Battery+1","Sweeping Beam+1","Stack+1"],"picked":"Singing Bowl","floor":48}],"player_experience":760381,"relics_obtained":[{"floor":6.0,"key":"Singing Bowl"},{"floor":7.0,"key":"Smiling Mask"},{"floor":9.0,"key":"Bird Faced Urn"},{"floor":14.0,"key":"Mango"},{"floor":23.0,"key":"FossilizedHelix"},{"floor":26.0,"key":"Oddly Smooth Stone"},{"floor":27.0,"key":"Molten Egg 2"},{"floor":38.0,"key":"Unceasing Top"},{"floor":42.0,"key":"Bronze Scales"},{"floor":45.0,"key":"Dream Catcher"},{"floor":47.0,"key":"Pen Nib"}],"event_choices":[{"damage_healed":0.0,"max_hp_gain":0.0,"max_hp_loss":0.0,"gold_gain":75.0,"event_name":"World of Goop","player_choice":"Gather Gold","floor":2.0,"gold_loss":0.0,"damage_taken":11.0},{"damage_healed":0.0,"max_hp_gain":0.0,"max_hp_loss":0.0,"gold_gain":0.0,"event_name":"Golden Idol","player_choice":"Take Damage","floor":3.0,"gold_loss":0.0,"damage_taken":24.0,"relics_obtained":["Golden Idol"]},{"damage_healed":0.0,"max_hp_gain":0.0,"max_hp_loss":0.0,"gold_gain":0.0,"event_name":"Shining Light","player_choice":"Ignored","floor":4.0,"gold_loss":0.0,"damage_taken":0.0},{"damage_healed":0.0,"max_hp_gain":0.0,"max_hp_loss":0.0,"gold_gain":0.0,"event_name":"Living Wall","player_choice":"Grow","floor":8.0,"gold_loss":0.0,"damage_taken":0.0,"cards_upgraded":["Defragment"]},{"damage_healed":0.0,"max_hp_gain":0.0,"max_hp_loss":0.0,"gold_gain":0.0,"event_name":"Back to Basics","player_choice":"Simplicity","floor":20.0,"gold_loss":0.0,"damage_taken":0.0,"cards_upgraded":["Strike_B","Strike_B","Defend_B","Defend_B","Defend_B","Defend_B"]},{"damage_healed":0.0,"max_hp_gain":0.0,"max_hp_loss":0.0,"gold_gain":0.0,"event_name":"Ghosts","player_choice":"Ignored","floor":22.0,"gold_loss":0.0,"damage_taken":0.0},{"damage_healed":0.0,"max_hp_gain":0.0,"max_hp_loss":0.0,"gold_gain":50.0,"event_name":"Nest","player_choice":"Stole From Cult","floor":29.0,"gold_loss":0.0,"damage_taken":0.0},{"damage_healed":0.0,"max_hp_gain":0.0,"max_hp_loss":0.0,"gold_gain":0.0,"event_name":"MindBloom","player_choice":"Fight","floor":38.0,"gold_loss":0.0,"damage_taken":0.0}],"is_beta":true,"boss_relics":[{"not_picked":["Eternal Feather","Velvet Choker"],"picked":"Inserter"},{"not_picked":["Astrolabe","Runic Pyramid"],"picked":"Philosopher\u0027s Stone"}],"items_purged_floors":[11,19,37],"is_endless":false,"potions_floor_spawned":[1,13,14,23,27,30,33,36,39,45],"killed_by":"Awakened One","ascension_level":20}