{"gold_per_floor":[110,35,35,52,52,52,52,65,112,146,146,181,181,81,81,207,207,225,249,299,349,172,190,231,196,196,262,275,275,313,333,333,452,452,467,517,537,357,375,375],"floor_reached":40,"playtime":2074,"items_purged":["Defend_P","Regret","Defend_P"],"score":434,"play_id":"01d18d90-3601-49dd-a5d8-73d45bf88947","local_time":"20190921144910","is_ascension_mode":false,"campfire_choices":[{"data":"Eruption","floor":6.0,"key":"SMITH"},{"data":"BowlingBash","floor":11.0,"key":"SMITH"},{"floor":15.0,"key":"REST"},{"data":"Alpha","floor":29.0,"key":"SMITH"},{"floor":32.0,"key":"REST"}],"neow_cost":"NONE","seed_source_timestamp":1403442780981,"circlet_count":0,"master_deck":["Strike_P+1","Strike_P+1","Defend_P","Defend_P","Eruption+1","Vigilance+1","BowlingBash+1","Consecrate","Consecrate","ThirdEye","Fasting","SignatureMove","Vengeance","EmptyFist","FlyingSleeves+1","Alpha+1","Wallop","SashWhip","Swivel","Judgement","EmptyFist+1","Panache","ClearTheMind","FearNoEvil"],"special_seed":0,"relics":["SacredBark","Happy Flower","Golden Idol","Orichalcum","Lantern","Whetstone","SsserpentHead","Empty Cage","MutagenicStrength","Ornamental Fan","Bag of Preparation","Vajra","Bronze Scales","VioletLotus","Lee\u0027s Waffle"],"potions_floor_usage":[33],"damage_taken":[{"damage":0.0,"enemies":"Jaw Worm","floor":1.0,"turns":4.0},{"damage":0.0,"enemies":"Small Slimes","floor":4.0,"turns":2.0},{"damage":0.0,"enemies":"2 Louse","floor":8.0,"turns":2.0},{"damage":4.0,"enemies":"3 Sentries","floor":10.0,"turns":3.0},{"damage":24.0,"enemies":"Gremlin Nob","floor":12.0,"turns":3.0},{"damage":15.0,"enemies":"Slime Boss","floor":16.0,"turns":9.0},{"damage":1.0,"enemies":"2 Thieves","floor":18.0,"turns":2.0},{"damage":0.0,"enemies":"Spheric Guardian","floor":19.0,"turns":2.0},{"damage":0.0,"enemies":"Centurion and Healer","floor":23.0,"turns":2.0},{"damage":14.0,"enemies":"Slavers","floor":24.0,"turns":3.0},{"damage":6.0,"enemies":"Chosen and Byrds","floor":27.0,"turns":3.0},{"damage":0.0,"enemies":"Snake Plant","floor":28.0,"turns":1.0},{"damage":14.0,"enemies":"Book of Stabbing","floor":30.0,"turns":3.0},{"damage":22.0,"enemies":"Snecko","floor":31.0,"turns":4.0},{"damage":24,"enemies":"Collector","floor":33,"turns":6},{"damage":0,"enemies":"3 Shapes","floor":35,"turns":2},{"damage":0,"enemies":"Orb Walker","floor":37,"turns":1},{"damage":24,"enemies":"4 Shapes","floor":39,"turns":6},{"damage":57,"enemies":"Reptomancer","floor":40,"turns":7}],"seed_played":"-1901569773633648243","potions_obtained":[{"floor":4.0,"key":"StancePotion"},{"floor":8.0,"key":"Explosive Potion"},{"floor":12.0,"key":"Ambrosia"},{"floor":16.0,"key":"SteroidPotion"},{"floor":18.0,"key":"SteroidPotion"},{"floor":23.0,"key":"Ancient Potion"},{"floor":27.0,"key":"GamblersBrew"},{"floor":31.0,"key":"DuplicationPotion"},{"floor":37,"key":"SpeedPotion"},{"floor":39,"key":"BottledMiracle"}],"is_trial":false,"path_per_floor":["M","$","?","M","?","R","?","M","T","E","R","E","?","$","R","B",null,"M","M","?","?","$","M","E","?","T","M","M","R","E","M","R","B",null,"M","?","M","$","M","E"],"character_chosen":"WATCHER","items_purchased":["EmptyFist","ClearTheMind","Lee\u0027s Waffle"],"campfire_rested":2,"item_purchase_floors":[22,38,38],"current_hp_per_floor":[65,65,65,65,49,49,49,49,49,45,45,21,21,21,40,25,65,64,64,64,64,64,64,50,50,50,44,44,44,30,8,27,3,65,65,65,65,72,48,0],"gold":375,"neow_bonus":"BOSS_RELIC","is_prod":false,"is_daily":false,"chose_seed":false,"campfire_upgraded":3,"win_rate":0.0,"timestamp":1569044950,"path_taken":["M","$","?","M","?","R","?","?","T","E","R","E","?","$","R","BOSS","M","M","?","?","$","M","E","?","T","?","M","R","E","M","R","BOSS","M","?","M","$","M","E"],"build_version":"2019-09-20","purchased_purges":3,"victory":false,"max_hp_per_floor":[65,65,65,65,65,65,65,65,65,65,65,65,65,65,65,65,65,65,65,65,65,65,65,65,65,65,65,65,65,65,65,65,65,65,65,65,65,72,72,72],"card_choices":[{"not_picked":["Sanctity","Establishment"],"picked":"BowlingBash","floor":1.0},{"not_picked":["BowlingBash","Wallop"],"picked":"Consecrate","floor":4.0},{"not_picked":["SashWhip","Establishment"],"picked":"Consecrate","floor":8.0},{"not_picked":["Metaphysics","Weave"],"picked":"ThirdEye","floor":10.0},{"not_picked":["JustLucky","Protect"],"picked":"Fasting","floor":12.0},{"not_picked":["DeusExMachina","Unraveling"],"picked":"SignatureMove","floor":16.0},{"not_picked":["Perseverance","EmptyBody","CutThroughFate"],"picked":"SKIP","floor":18.0},{"not_picked":["Weave","Sanctity"],"picked":"Vengeance","floor":19.0},{"not_picked":["CutThroughFate+1","JustLucky+1"],"picked":"FlyingSleeves+1","floor":23.0},{"not_picked":["WreathOfFlame","BattleHymn"],"picked":"Alpha","floor":24.0},{"not_picked":["BowlingBash","Devotion"],"picked":"Wallop","floor":27.0},{"not_picked":["CutThroughFate","Crescendo"],"picked":"SashWhip","floor":28.0},{"not_picked":["EmptyMind","CrushJoints","Protect"],"picked":"SKIP","floor":30.0},{"not_picked":["Vengeance","Prostrate"],"picked":"Swivel","floor":31.0},{"not_picked":["Vault","Alpha"],"picked":"Judgement","floor":33},{"not_picked":["ClearTheMind","FlyingSleeves+1"],"picked":"EmptyFist+1","floor":35},{"not_picked":["Impatience","Madness"],"picked":"Panache","floor":36},{"not_picked":["SandsOfTime+1","Vengeance+1","Prostrate"],"picked":"SKIP","floor":37},{"not_picked":["Worship","Fasting"],"picked":"FearNoEvil","floor":39}],"player_experience":502807,"relics_obtained":[{"floor":9.0,"key":"Orichalcum"},{"floor":10.0,"key":"Lantern"},{"floor":12.0,"key":"Whetstone"},{"floor":24.0,"key":"Ornamental Fan"},{"floor":26.0,"key":"Vajra"},{"floor":30.0,"key":"Bronze Scales"}],"event_choices":[{"damage_healed":0.0,"max_hp_gain":0.0,"max_hp_loss":0.0,"gold_gain":0.0,"event_name":"Big Fish","player_choice":"Box","floor":3.0,"gold_loss":0.0,"damage_taken":0.0,"relics_obtained":["Happy Flower"],"cards_obtained":["Regret"]},{"damage_healed":0.0,"max_hp_gain":0.0,"max_hp_loss":0.0,"gold_gain":0.0,"event_name":"Golden Idol","player_choice":"Take Damage","floor":5.0,"gold_loss":0.0,"damage_taken":16.0,"relics_obtained":["Golden Idol"]},{"damage_healed":0.0,"max_hp_gain":0.0,"max_hp_loss":0.0,"gold_gain":0.0,"event_name":"Accursed Blacksmith","player_choice":"Forge","floor":7.0,"gold_loss":0.0,"damage_taken":0.0,"cards_upgraded":["Vigilance"]},{"damage_healed":0.0,"max_hp_gain":0.0,"max_hp_loss":0.0,"gold_gain":0.0,"event_name":"FaceTrader","player_choice":"Trade","floor":13.0,"gold_loss":0.0,"damage_taken":0.0,"relics_obtained":["SsserpentHead"]},{"damage_healed":0.0,"max_hp_gain":0.0,"max_hp_loss":0.0,"gold_gain":0.0,"event_name":"Ghosts","player_choice":"Ignored","floor":20.0,"gold_loss":0.0,"damage_taken":0.0},{"damage_healed":0.0,"max_hp_gain":0.0,"max_hp_loss":0.0,"gold_gain":0.0,"event_name":"Drug Dealer","player_choice":"Inject Mutagens","floor":21.0,"gold_loss":0.0,"damage_taken":0.0,"relics_obtained":["MutagenicStrength"]},{"damage_healed":0.0,"max_hp_gain":0.0,"max_hp_loss":0.0,"gold_gain":0.0,"event_name":"Addict","player_choice":"Obtained Relic","floor":25.0,"gold_loss":85.0,"damage_taken":0.0,"relics_obtained":["Bag of Preparation"]},{"damage_healed":0,"gold_gain":0,"player_choice":"Memory 1","damage_taken":0,"max_hp_gain":0,"max_hp_loss":0,"event_name":"SensoryStone","floor":36,"gold_loss":0}],"is_beta":true,"boss_relics":[{"not_picked":["Ectoplasm","Calling Bell"],"picked":"Empty Cage"},{"not_picked":["Pandora\u0027s Box","Velvet Choker"],"picked":"VioletLotus"}],"items_purged_floors":[2,14,22],"is_endless":false,"potions_floor_spawned":[4,8,12,16,18,23,27,31,37,39],"killed_by":"Reptomancer","ascension_level":0}