{"gold_per_floor":[109,59,75,250,269,269,239,255,302,320,395,136,136,147,147,242,242,256,256,256,75,92,92,110,126,202,215,79,79,90,103,103,200,200,220,220,236,236,246,246,46,46,73,73,89,89,134,146,146,146],"floor_reached":51,"playtime":2832,"items_purged":["Doubt","Defend_G","Strike_G"],"score":716,"play_id":"eaecb12e-93ab-47ee-aa60-8b99234df96e","local_time":"20180728235822","is_ascension_mode":false,"campfire_choices":[{"data":"Neutralize","floor":6.0,"key":"SMITH"},{"data":"Choke","floor":13.0,"key":"SMITH"},{"data":"Bouncing Flask","floor":15.0,"key":"SMITH"},{"data":"Dash","floor":23.0,"key":"SMITH"},{"data":"Corpse Explosion","floor":29.0,"key":"SMITH"},{"data":"A Thousand Cuts","floor":32.0,"key":"SMITH"},{"data":"Predator","floor":40.0,"key":"SMITH"},{"data":"Bouncing Flask","floor":42.0,"key":"SMITH"},{"data":"Backflip","floor":44.0,"key":"SMITH"},{"data":"Underhanded Strike","floor":46.0,"key":"SMITH"},{"floor":49,"key":"REST"}],"neow_cost":"NONE","seed_source_timestamp":7133030819354,"circlet_count":0,"master_deck":["Defend_G","Defend_G","Defend_G","Defend_G","Strike_G","Strike_G","Strike_G","Survivor","Neutralize+1","Heel Hook","Backflip+1","Bouncing Flask+1","Choke+1","Apotheosis","A Thousand Cuts+1","Dash+1","Predator+1","Underhanded Strike+1","Phantasmal Killer","Corpse Explosion+1","Night Terror","Prepared+1","Riddle With Holes+1","Bouncing Flask+1","Underhanded Strike+1","Dagger Throw+1"],"special_seed":0,"relics":["Snecko Eye"],"potions_floor_usage":[50,50],"damage_taken":[{"damage":0.0,"enemies":"Jaw Worm","floor":1.0,"turns":5.0},{"damage":5.0,"enemies":"2 Louse","floor":3.0,"turns":3.0},{"damage":5.0,"enemies":"Small Slimes","floor":5.0,"turns":6.0},{"damage":0.0,"enemies":"Looter","floor":7.0,"turns":4.0},{"damage":5.0,"enemies":"Exordium Thugs","floor":8.0,"turns":9.0},{"damage":21.0,"enemies":"Gremlin Gang","floor":10.0,"turns":5.0},{"damage":0.0,"enemies":"2 Fungi Beasts","floor":14.0,"turns":3.0},{"damage":0.0,"enemies":"Slime Boss","floor":16.0,"turns":7.0},{"damage":15.0,"enemies":"2 Thieves","floor":18.0,"turns":4.0},{"damage":2.0,"enemies":"Shell Parasite","floor":22.0,"turns":3.0},{"damage":3.0,"enemies":"Snecko","floor":24.0,"turns":6.0},{"damage":0.0,"enemies":"Chosen and Byrds","floor":25.0,"turns":4.0},{"damage":10.0,"enemies":"Centurion and Healer","floor":27.0,"turns":6.0},{"damage":18.0,"enemies":"Snake Plant","floor":30.0,"turns":4.0},{"damage":0.0,"enemies":"3 Cultists","floor":31.0,"turns":2.0},{"damage":23.0,"enemies":"Collector","floor":33.0,"turns":8.0},{"damage":0.0,"enemies":"Flame Bruiser 1 Orb","floor":35.0,"turns":3.0},{"damage":0.0,"floor":36.0,"turns":4.0},{"damage":8.0,"enemies":"Orb Walker","floor":37.0,"turns":3.0},{"damage":0.0,"enemies":"Flame Bruiser 2 Orb","floor":39.0,"turns":2.0},{"damage":19.0,"enemies":"Spire Growth","floor":45.0,"turns":4.0},{"damage":11,"enemies":"3 Darklings","floor":48,"turns":2},{"damage":39,"enemies":"Donu and Deca","floor":50,"turns":5}],"seed_played":"5454906607489475488","potions_obtained":[{"floor":3.0,"key":"FearPotion"},{"floor":8.0,"key":"SteroidPotion"},{"floor":10.0,"key":"SteroidPotion"},{"floor":16.0,"key":"SpeedPotion"},{"floor":18.0,"key":"Swift Potion"},{"floor":22.0,"key":"Regen Potion"},{"floor":30.0,"key":"Swift Potion"},{"floor":36.0,"key":"SmokeBomb"},{"floor":45.0,"key":"Block Potion"},{"floor":48,"key":"Dexterity Potion"}],"is_trial":false,"path_per_floor":["M","?","M","?","M","R","M","M","T","M","?","$","R","M","R","B",null,"M","?","?","$","M","R","M","M","T","M","$","R","M","M","R","B",null,"M","?","M","?","M","R","$","R","T","R","M","R","T","M","R","B"],"character_chosen":"THE_SILENT","items_purchased":["Apotheosis","Predator","Corpse Explosion","Bouncing Flask"],"campfire_rested":1,"item_purchase_floors":[12,21,28,41],"current_hp_per_floor":[70,70,65,65,60,60,60,55,55,34,23,23,23,23,23,23,70,55,55,55,55,53,53,62,62,62,52,52,52,34,34,34,11,70,70,70,62,62,62,62,62,62,62,62,43,43,43,32,53,14],"gold":146,"neow_bonus":"BOSS_RELIC","is_prod":false,"is_daily":false,"chose_seed":false,"campfire_upgraded":10,"win_rate":0,"timestamp":1532793502,"path_taken":["M","?","M","?","M","R","?","?","T","M","?","?","R","?","R","BOSS","M","?","?","$","M","R","M","?","T","?","?","R","M","M","R","BOSS","M","?","?","?","M","R","$","R","T","R","M","R","?","M","R","BOSS"],"build_version":"2018-07-26","purchased_purges":3,"victory":true,"max_hp_per_floor":[70,70,70,70,70,70,70,70,70,70,70,70,70,70,70,70,70,70,70,70,70,70,70,70,70,70,70,70,70,70,70,70,70,70,70,70,70,70,70,70,70,70,70,70,70,70,70,70,70,70],"card_choices":[{"not_picked":["Cloak And Dagger","Infinite Blades","Slice"],"picked":"SKIP","floor":1.0},{"not_picked":["Sucker Punch","Dagger Spray"],"picked":"Heel Hook","floor":3.0},{"not_picked":["Flying Knee","Accuracy"],"picked":"Backflip","floor":5.0},{"not_picked":["Blade Dance","Deadly Poison","Outmaneuver"],"picked":"SKIP","floor":7.0},{"not_picked":["Cloak And Dagger","Prepared"],"picked":"Bouncing Flask","floor":8.0},{"not_picked":["Night Terror","Backflip"],"picked":"Choke","floor":10.0},{"not_picked":["Slice","Footwork","Terror"],"picked":"SKIP","floor":14.0},{"not_picked":["Phantasmal Killer","Envenom"],"picked":"A Thousand Cuts","floor":16.0},{"not_picked":["Poisoned Stab+1","Flying Knee"],"picked":"Dash","floor":18.0},{"not_picked":["Sucker Punch+1","Slice+1","Escape Plan+1"],"picked":"SKIP","floor":22.0},{"not_picked":["Tactician","Dagger Throw+1"],"picked":"Underhanded Strike+1","floor":24.0},{"not_picked":["PiercingWail","Slice"],"picked":"Phantasmal Killer","floor":25.0},{"not_picked":["Terror","Poisoned Stab","All Out Attack"],"picked":"SKIP","floor":27.0},{"not_picked":["Cloak And Dagger","Outmaneuver","Backflip"],"picked":"SKIP","floor":30.0},{"not_picked":["Sucker Punch+1","Finisher","Footwork"],"picked":"SKIP","floor":31.0},{"not_picked":["Phantasmal Killer","Glass Knife"],"picked":"Night Terror","floor":33.0},{"not_picked":["Quick Slash","Flying Knee+1","Dodge and Roll"],"picked":"SKIP","floor":35.0},{"not_picked":["Acrobatics+1","PiercingWail"],"picked":"Prepared+1","floor":36.0},{"not_picked":["All Out Attack+1","Sucker Punch","PiercingWail+1"],"picked":"SKIP","floor":37.0},{"not_picked":["Outmaneuver+1","Distraction"],"picked":"Riddle With Holes+1","floor":39.0},{"not_picked":["Flying Knee+1","Leg Sweep+1"],"picked":"Underhanded Strike","floor":45.0},{"not_picked":["Quick Slash","Dagger Spray+1"],"picked":"Dagger Throw+1","floor":48}],"player_experience":235778,"relics_obtained":[],"event_choices":[{"event_name":"The Cleric","player_choice":"Card Removal","floor":2.0,"damage_taken":0.0},{"event_name":"Liars Game","player_choice":"agreed","floor":4.0,"damage_taken":0.0},{"event_name":"World of Goop","player_choice":"Gather Gold","floor":11.0,"damage_taken":0.0},{"event_name":"Drug Dealer","player_choice":"Ignored","floor":19.0,"damage_taken":0.0},{"event_name":"Cursed Tome","player_choice":"Ignored","floor":20.0,"damage_taken":0.0},{"event_name":"MindBloom","player_choice":"Fight","floor":36.0,"damage_taken":0.0},{"event_name":"Tomb of Lord Red Mask","player_choice":"Ignored","floor":38.0,"damage_taken":0.0}],"is_beta":false,"boss_relics":[{"not_picked":["Runic Dome","Busted Crown","Ectoplasm"]},{"not_picked":["Empty Cage","Astrolabe","WristBlade"]}],"items_purged_floors":[12,21,41],"is_endless":false,"potions_floor_spawned":[3,8,10,16,18,22,30,36,45,48],"ascension_level":0}