{"gold_per_floor":[112,131,146,146,221,252,252,279,279,279,295,309,211,238,238,337,367,379,379,304,219,17,43,61,61,61,89,99,99,99,198,198,293,293,311,90,104,119,132,166,166,217,217,244,244,277,292,308,308,308],"floor_reached":51,"playtime":6563,"items_purged":["Defend_B","Defend_B","Strike_B"],"score":793,"play_id":"2263c928-1466-4046-afe4-5a8c35c9e97e","local_time":"20180630234107","is_ascension_mode":false,"campfire_choices":[{"floor":7,"key":"REST"},{"floor":10,"key":"REST"},{"floor":15,"key":"REST"},{"floor":25,"key":"REST"},{"data":"Dualcast","floor":32,"key":"SMITH"},{"floor":41,"key":"REST"},{"floor":49,"key":"REST"}],"neow_cost":"TEN_PERCENT_HP_LOSS","seed_source_timestamp":10146396475997,"circlet_count":0,"master_deck":["Strike_B","Defend_B+1","Zap+1","Dualcast+1","Gash","Coolheaded","Dark Shackles+1","White Noise","Chaos+1","White Noise+1","Steam+1","Conserve Battery+1","Skim+1","Fission+1","Compile Driver","Darkness+1","Zap+1","Barrage","Steam+1","Capacitor","Glacier+1","Beam Cell","Gash","Seek+1","Seek+1","Defragment+1","Hologram+1","Ball Lightning","Auto Shields+1","Hologram+1","Gash","Electrodynamics","Hologram+1","Amplify+1","Madness+1","Gash","Sweeping Beam+1","Stack+1"],"relics":["Cracked Core","Pen Nib","Toxic Egg 2","Juzu Bracelet","War Paint","Tiny House","Bag of Marbles","Bottled Lightning","Anchor","Happy Flower","Nuclear Battery","Pantograph","Thread and Needle","Meat on the Bone","Unceasing Top","Bag of Preparation"],"potions_floor_usage":[6,18,18,23,27,39,40,44,46,50,50,50],"damage_taken":[{"damage":0,"enemies":"2 Louse","floor":1,"turns":3},{"damage":1,"enemies":"Cultist","floor":2,"turns":3},{"damage":6,"enemies":"Jaw Worm","floor":3,"turns":3},{"damage":17,"enemies":"Gremlin Nob","floor":6,"turns":4},{"damage":30,"enemies":"3 Sentries","floor":8,"turns":7},{"damage":0,"enemies":"3 Louse","floor":11,"turns":4},{"damage":2,"enemies":"Blue Slaver","floor":12,"turns":3},{"damage":12,"enemies":"Lagavulin","floor":14,"turns":7},{"damage":12,"enemies":"The Guardian","floor":16,"turns":9},{"damage":0,"enemies":"Shell Parasite","floor":18,"turns":7},{"damage":38,"enemies":"Gremlin Leader","floor":23,"turns":6},{"damage":0,"enemies":"Chosen","floor":24,"turns":6},{"damage":8,"enemies":"Slavers","floor":27,"turns":7},{"damage":1,"enemies":"Snake Plant","floor":28,"turns":4},{"damage":29,"enemies":"Automaton","floor":33,"turns":9},{"damage":0,"enemies":"Orb Walker","floor":35,"turns":3},{"damage":0,"enemies":"3 Shapes","floor":37,"turns":4},{"damage":7,"enemies":"Maw","floor":38,"turns":6},{"damage":15,"enemies":"4 Shapes","floor":39,"turns":3},{"damage":3,"enemies":"2 Orb Walkers","floor":40,"turns":5},{"damage":12,"floor":42,"turns":6},{"damage":16,"enemies":"Nemesis","floor":44,"turns":7},{"damage":2,"enemies":"Giant Head","floor":46,"turns":9},{"damage":0,"enemies":"Sphere and 2 Shapes","floor":47,"turns":4},{"damage":0,"enemies":"3 Darklings","floor":48,"turns":1},{"damage":57,"enemies":"Time Eater","floor":50,"turns":10}],"seed_played":"5497359165456198599","potions_obtained":[{"floor":3,"key":"Weak Potion"},{"floor":8,"key":"Poison Potion"},{"floor":11,"key":"Swift Potion"},{"floor":14,"key":"Energy Potion"},{"floor":23,"key":"Strength Potion"},{"floor":24,"key":"AttackPotion"},{"floor":33,"key":"Block Potion"},{"floor":38,"key":"Poison Potion"},{"floor":40,"key":"Weak Potion"},{"floor":44,"key":"LiquidBronze"},{"floor":46,"key":"EssenceOfSteel"},{"floor":47,"key":"Poison Potion"}],"is_trial":false,"path_per_floor":["M","M","M","?","?","E","R","E","T","R","M","M","$","E","R","B",null,"M","?","?","?","$","E","M","R","T","E","M","?","?","?","R","B",null,"M","$","M","M","M","E","R","?","T","E","?","E","M","M","R","B"],"character_chosen":"DEFECT","items_purchased":["Conserve Battery+1","Steam+1","Capacitor","Hologram+1","Ball Lightning"],"campfire_rested":6,"item_purchase_floors":[13,22,22,36,36],"current_hp_per_floor":[68,67,61,61,50,33,53,23,23,43,43,41,41,29,49,37,73,73,73,73,73,73,35,35,56,56,48,54,73,73,73,73,44,73,73,73,73,66,51,48,69,57,57,41,41,39,39,39,60,28],"gold":308,"neow_bonus":"REMOVE_TWO","is_prod":false,"is_daily":false,"chose_seed":false,"campfire_upgraded":1,"win_rate":0.0,"timestamp":1530373267,"path_taken":["M","M","M","?","?","E","R","E","T","R","M","M","$","E","R","BOSS","M","?","?","?","$","E","M","R","T","E","M","?","?","?","R","BOSS","M","$","M","M","M","E","R","?","T","E","?","E","M","M","R","BOSS"],"build_version":"2018-06-28","purchased_purges":3,"victory":true,"max_hp_per_floor":[68,68,68,68,68,68,68,68,68,68,68,68,68,68,68,68,73,73,73,73,73,73,73,73,73,73,73,73,73,73,73,73,73,73,73,73,73,73,73,73,73,73,73,73,73,73,73,73,73,73],"card_choices":[{"not_picked":["Leap","Fusion"],"picked":"Gash","floor":1},{"not_picked":["Ball Lightning","Steam"],"picked":"Coolheaded","floor":2},{"not_picked":["BootSequence","Double Energy","Compile Driver"],"picked":"SKIP","floor":3},{"not_picked":["Ball Lightning","Redo"],"picked":"White Noise","floor":6},{"not_picked":["Fission","Go for the Eyes"],"picked":"Chaos","floor":8},{"not_picked":["Aggregate+1","Cold Snap"],"picked":"White Noise+1","floor":11},{"not_picked":["Ball Lightning","Barrage"],"picked":"Steam+1","floor":12},{"not_picked":["Gash","Compile Driver"],"picked":"Skim+1","floor":14},{"not_picked":["Multi-Cast+1","Biased Cognition"],"picked":"Fission+1","floor":16},{"not_picked":["Heatsinks","Cold Snap"],"picked":"Compile Driver","floor":17},{"not_picked":["Cold Snap+1","Conserve Battery+1"],"picked":"Darkness+1","floor":18},{"not_picked":["Go for the Eyes+1","Redo+1"],"picked":"Glacier+1","floor":23},{"not_picked":["Buffer","Glacier+1"],"picked":"Beam Cell","floor":24},{"not_picked":["Leap+1","Glacier+1"],"picked":"Gash","floor":27},{"not_picked":["Aggregate+1","Conserve Battery+1"],"picked":"Seek+1","floor":28},{"not_picked":["Creative AI","All For One"],"picked":"Seek+1","floor":33},{"not_picked":["Compile Driver+1","Chill+1"],"picked":"Defragment+1","floor":35},{"not_picked":["Cold Snap+1","Blizzard"],"picked":"Auto Shields+1","floor":37},{"not_picked":["Steam+1","Glacier+1"],"picked":"Hologram+1","floor":38},{"not_picked":["Ball Lightning","Hologram+1"],"picked":"Gash","floor":39},{"not_picked":["Go for the Eyes+1","Blizzard"],"picked":"Electrodynamics","floor":40},{"not_picked":["Barrage+1","Fusion+1"],"picked":"Hologram+1","floor":42},{"not_picked":["Barrage+1","Melter+1"],"picked":"Amplify+1","floor":44},{"not_picked":["Bandage Up+1","Mind Blast"],"picked":"Madness+1","floor":45},{"not_picked":["Doom and Gloom","Stack+1"],"picked":"Gash","floor":46},{"not_picked":["Cold Snap+1","Streamline"],"picked":"Sweeping Beam+1","floor":47},{"not_picked":["Scrape","Barrage+1"],"picked":"Stack+1","floor":48}],"player_experience":27968,"relics_obtained":[{"floor":6,"key":"Pen Nib"},{"floor":8,"key":"Toxic Egg 2"},{"floor":9,"key":"Juzu Bracelet"},{"floor":14,"key":"War Paint"},{"floor":23,"key":"Bottled Lightning"},{"floor":26,"key":"Anchor"},{"floor":27,"key":"Happy Flower"},{"floor":40,"key":"Pantograph"},{"floor":42,"key":"Thread and Needle"},{"floor":43,"key":"Meat on the Bone"},{"floor":44,"key":"Unceasing Top"},{"floor":46,"key":"Bag of Preparation"}],"event_choices":[{"event_name":"Match and Keep!","player_choice":"1 cards matched","floor":4,"damage_taken":0},{"event_name":"World of Goop","player_choice":"Gather Gold","floor":5,"damage_taken":0},{"event_name":"Match and Keep!","player_choice":"2 cards matched","floor":19,"damage_taken":0},{"event_name":"Beggar","player_choice":"Gave Gold","floor":20,"damage_taken":0},{"event_name":"Addict","player_choice":"Obtained Relic","floor":21,"damage_taken":0},{"event_name":"The Library","player_choice":"Heal","floor":29,"damage_taken":0},{"event_name":"Drug Dealer","player_choice":"Ignored","floor":30,"damage_taken":0},{"event_name":"Nest","player_choice":"Stole From Cult","floor":31,"damage_taken":0},{"event_name":"Mysterious Sphere","player_choice":"Fight","floor":42,"damage_taken":0},{"event_name":"SensoryStone","player_choice":"Memory 1","floor":45,"damage_taken":0}],"boss_relics":[{"not_picked":["Runic Dome","Lizard Tail"],"picked":"Tiny House"},{"not_picked":["Velvet Choker","Eternal Feather"],"picked":"Nuclear Battery"}],"items_purged_floors":[13,22,36],"is_endless":false,"potions_floor_spawned":[3,8,11,14,23,24,33,38,40,44,46,47],"ascension_level":0}