{"gold_per_floor":[109,109,124,142,142,142,158,174,246,263,280,72,82,82,82,82],"floor_reached":16,"playtime":419,"items_purged":["Strike_R"],"score":192,"play_id":"c02d1ddb-68e6-44ee-8892-70a214bb62b2","local_time":"20190506004627","is_ascension_mode":true,"campfire_choices":[{"data":"Feed","floor":6.0,"key":"SMITH"},{"data":"Body Slam","floor":15.0,"key":"SMITH"}],"neow_cost":"NONE","seed_source_timestamp":394905393245262,"circlet_count":0,"master_deck":["AscendersBane","Strike_R","Strike_R","Strike_R","Strike_R","Defend_R","Defend_R","Defend_R","Defend_R","Bash","Feed+1","Shrug It Off","Shrug It Off","Shrug It Off","Reaper","Body Slam+1","Power Through","Body Slam+1"],"special_seed":0,"relics":["Burning Blood","NeowsBlessing","Matryoshka","Orichalcum","Question Card"],"potions_floor_usage":[16],"damage_taken":[{"damage":0.0,"enemies":"2 Louse","floor":1.0,"turns":1.0},{"damage":0.0,"enemies":"Cultist","floor":3.0,"turns":2.0},{"damage":0.0,"enemies":"Small Slimes","floor":4.0,"turns":1.0},{"damage":22.0,"enemies":"Red Slaver","floor":7.0,"turns":7.0},{"damage":8.0,"enemies":"Exordium Thugs","floor":8.0,"turns":6.0},{"damage":4.0,"enemies":"Looter","floor":10.0,"turns":4.0},{"damage":8.0,"enemies":"2 Fungi Beasts","floor":11.0,"turns":6.0},{"damage":18.0,"enemies":"Exordium Wildlife","floor":13.0,"turns":6.0},{"damage":68,"enemies":"Slime Boss","floor":16,"turns":11}],"seed_played":"3753408367212830595","potions_obtained":[{"floor":4.0,"key":"Weak Potion"},{"floor":8.0,"key":"Weak Potion"},{"floor":11.0,"key":"Block Potion"}],"is_trial":false,"path_per_floor":["M","?","M","M","T","R","M","M","T","M","M","$","M","?","R","B"],"character_chosen":"IRONCLAD","items_purchased":["Body Slam","Power Through"],"campfire_rested":0,"item_purchase_floors":[12,12],"current_hp_per_floor":[74,74,78,78,78,78,66,68,68,70,72,72,72,72,72,12],"gold":82,"neow_bonus":"THREE_ENEMY_KILL","is_prod":false,"is_daily":false,"chose_seed":false,"campfire_upgraded":2,"win_rate":0,"timestamp":1557096387,"path_taken":["M","?","?","M","?","R","M","M","T","M","M","$","M","?","R","BOSS"],"build_version":"2019-01-23","purchased_purges":1,"victory":false,"max_hp_per_floor":[75,75,78,78,78,78,82,86,86,86,90,90,94,94,94,94],"card_choices":[{"not_picked":["Twin Strike","Infernal Blade","Anger"],"picked":"SKIP","floor":1.0},{"not_picked":["Clothesline","Thunderclap"],"picked":"Shrug It Off","floor":3.0},{"not_picked":["Cleave","Armaments"],"picked":"Shrug It Off","floor":4.0},{"not_picked":["Metallicize","Havoc","Perfected Strike"],"picked":"SKIP","floor":7.0},{"not_picked":["Clothesline","Clash","Metallicize"],"picked":"SKIP","floor":8.0},{"not_picked":["Combust","Pommel Strike","Spot Weakness"],"picked":"Shrug It Off","floor":10.0},{"not_picked":["Iron Wave","Havoc","Cleave"],"picked":"Reaper","floor":11.0},{"not_picked":["Uppercut","Havoc","Warcry"],"picked":"Body Slam","floor":13.0}],"player_experience":863492,"relics_obtained":[{"floor":5.0,"key":"Matryoshka"},{"floor":9.0,"key":"Orichalcum"},{"floor":9.0,"key":"Question Card"}],"event_choices":[{"damage_healed":0.0,"max_hp_gain":0.0,"max_hp_loss":0.0,"gold_gain":0.0,"event_name":"Match and Keep!","player_choice":"1 cards matched","floor":2.0,"gold_loss":0.0,"damage_taken":0.0,"cards_obtained":["Feed"]},{"damage_healed":0.0,"max_hp_gain":0.0,"max_hp_loss":0.0,"gold_gain":0.0,"event_name":"Upgrade Shrine","player_choice":"Upgraded","floor":14.0,"gold_loss":0.0,"damage_taken":0.0,"cards_upgraded":["Body Slam"]}],"is_beta":false,"boss_relics":[],"items_purged_floors":[12],"is_endless":false,"potions_floor_spawned":[4,8,11],"killed_by":"Slime Boss","ascension_level":20}