{"gold_per_floor":[113,188,208,222,147,147,181,193,193,193,222,122,122,122,122,226,276,289,306,320,320,331,331,363,363,363,374,374,79,99,22,22,118,118,130,143,53,53,65,96,113,113,166,183,200,200,218,237,237,237],"floor_reached":51,"playtime":2760,"items_purged":["Strike_G","Strike_G","Strike_G","Strike_G","Defend_G"],"score":761,"play_id":"0067111f-b357-4a5c-aa78-9411da5912be","local_time":"20180725221553","is_ascension_mode":false,"campfire_choices":[{"data":"Sucker Punch","floor":6.0,"key":"SMITH"},{"floor":10.0,"key":"REST"},{"floor":15.0,"key":"REST"},{"floor":23.0,"key":"REST"},{"data":"Catalyst","floor":25.0,"key":"SMITH"},{"floor":28.0,"key":"REST"},{"floor":32.0,"key":"REST"},{"floor":42.0,"key":"REST"},{"floor":46.0,"key":"REST"},{"floor":49,"key":"REST"}],"neow_cost":"TEN_PERCENT_HP_LOSS","seed_source_timestamp":2569693319460,"circlet_count":0,"master_deck":["Survivor","Neutralize+1","Sucker Punch+1","Dagger Spray","Deadly Poison+1","Corpse Explosion","Backstab","Deadly Poison","Bane+1","Catalyst+1","Escape Plan","Catalyst+1","Backflip","Catalyst","Deadly Poison","Adrenaline","Dodge and Roll+1","Heel Hook+1","Heel Hook","Flash of Steel","Catalyst","Flechettes+1","Prepared+1","Cloak And Dagger+1"],"special_seed":0,"relics":["Ring of the Snake","Singing Bowl","Mummified Hand","Tingsha","Tiny House","Smiling Mask","Dead Branch","DollysMirror","Empty Cage","Regal Pillow","Dream Catcher"],"potions_floor_usage":[50,50,50],"damage_taken":[{"damage":0.0,"enemies":"Small Slimes","floor":1.0,"turns":4.0},{"damage":0.0,"enemies":"Jaw Worm","floor":3.0,"turns":4.0},{"damage":0.0,"enemies":"2 Louse","floor":4.0,"turns":2.0},{"damage":15.0,"enemies":"3 Sentries","floor":7.0,"turns":8.0},{"damage":13.0,"enemies":"Exordium Thugs","floor":8.0,"turns":4.0},{"damage":35.0,"enemies":"Lagavulin","floor":11.0,"turns":8.0},{"damage":6.0,"enemies":"Hexaghost","floor":16.0,"turns":9.0},{"damage":8.0,"enemies":"Chosen","floor":18.0,"turns":4.0},{"damage":0.0,"enemies":"Shell Parasite","floor":19.0,"turns":5.0},{"damage":15.0,"enemies":"Centurion and Healer","floor":20.0,"turns":6.0},{"damage":18.0,"enemies":"Snake Plant","floor":22.0,"turns":3.0},{"damage":41.0,"enemies":"Slavers","floor":24.0,"turns":4.0},{"damage":7.0,"enemies":"Cultist and Chosen","floor":27.0,"turns":3.0},{"damage":17.0,"enemies":"Centurion and Healer","floor":30.0,"turns":3.0},{"damage":15.0,"enemies":"Collector","floor":33.0,"turns":7.0},{"damage":0.0,"enemies":"3 Darklings","floor":35.0,"turns":2.0},{"damage":0.0,"enemies":"3 Shapes","floor":36.0,"turns":2.0},{"damage":0.0,"enemies":"Transient","floor":39.0,"turns":5.0},{"damage":58.0,"enemies":"2 Orb Walkers","floor":40.0,"turns":3.0},{"damage":18.0,"enemies":"Maw","floor":41.0,"turns":3.0},{"damage":11.0,"enemies":"Flame Bruiser 2 Orb","floor":44.0,"turns":4.0},{"damage":10.0,"enemies":"Spire Growth","floor":45.0,"turns":2.0},{"damage":0,"enemies":"Sphere and 2 Shapes","floor":47,"turns":1},{"damage":18,"enemies":"Maw","floor":48,"turns":3},{"damage":27,"enemies":"Donu and Deca","floor":50,"turns":3}],"seed_played":"3262448857846187157","potions_obtained":[{"floor":7.0,"key":"Swift Potion"},{"floor":8.0,"key":"GamblersBrew"},{"floor":11.0,"key":"GhostInAJar"},{"floor":18.0,"key":"Fire Potion"},{"floor":24.0,"key":"Poison Potion"},{"floor":30.0,"key":"Ancient Potion"},{"floor":33.0,"key":"PowerPotion"},{"floor":41.0,"key":"AttackPotion"}],"is_trial":false,"path_per_floor":["M","?","M","M","$","R","E","M","T","R","E","$","?","?","R","B",null,"M","M","M","?","M","R","E","R","T","M","R","$","M","$","R","B",null,"M","M","$","?","M","E","M","R","T","M","M","R","M","M","R","B"],"character_chosen":"THE_SILENT","items_purchased":["DollysMirror","Backflip","Deadly Poison","Heel Hook"],"campfire_rested":8,"item_purchase_floors":[29,29,31,37],"current_hp_per_floor":[63,52,52,52,52,52,39,28,28,48,13,13,6,6,26,20,72,64,66,51,51,35,57,18,18,18,11,34,34,17,17,40,25,78,78,78,78,78,78,22,4,43,43,32,24,65,67,49,88,61],"gold":237,"neow_bonus":"REMOVE_TWO","is_prod":false,"is_daily":false,"chose_seed":false,"campfire_upgraded":2,"win_rate":0,"timestamp":1532528153,"path_taken":["M","?","M","M","?","R","E","M","T","R","E","$","?","?","R","BOSS","M","M","M","?","M","R","E","R","T","M","R","?","M","$","R","BOSS","M","M","$","?","M","E","M","R","T","M","M","R","M","?","R","BOSS"],"build_version":"2018-07-19v2","purchased_purges":5,"victory":true,"max_hp_per_floor":[63,63,63,63,63,63,65,67,67,67,67,67,67,67,67,67,72,72,74,74,74,76,76,78,78,78,78,78,78,78,78,78,78,78,78,78,78,78,78,80,80,80,80,80,82,84,86,86,88,88],"card_choices":[{"not_picked":["Outmaneuver","Acrobatics"],"picked":"Sucker Punch","floor":1.0},{"not_picked":["Caltrops","Deflect"],"picked":"Dagger Spray","floor":3.0},{"not_picked":["Footwork","Dagger Throw","Flying Knee"],"picked":"SKIP","floor":4.0},{"not_picked":["Unload","Poisoned Stab","Setup"],"picked":"Singing Bowl","floor":7.0},{"not_picked":["Accuracy","Calculated Gamble","Caltrops"],"picked":"Singing Bowl","floor":8.0},{"not_picked":["Bane","Predator"],"picked":"Deadly Poison","floor":11.0},{"not_picked":["Glass Knife","Envenom"],"picked":"Corpse Explosion","floor":16.0},{"not_picked":["Slice","Quick Slash"],"picked":"Backstab","floor":17.0},{"not_picked":["Sucker Punch","Outmaneuver"],"picked":"Deadly Poison","floor":18.0},{"not_picked":["Noxious Fumes","Predator","Calculated Gamble"],"picked":"Singing Bowl","floor":19.0},{"not_picked":["PiercingWail","Outmaneuver"],"picked":"Bane+1","floor":20.0},{"not_picked":["Calculated Gamble+1","Sucker Punch","Outmaneuver"],"picked":"Singing Bowl","floor":22.0},{"not_picked":["Bullet Time","Deflect","Underhanded Strike"],"picked":"Singing Bowl","floor":24.0},{"not_picked":["Quick Slash","Blur"],"picked":"Escape Plan","floor":27.0},{"not_picked":["PiercingWail","Deflect"],"picked":"Catalyst","floor":30.0},{"not_picked":["A Thousand Cuts","Corpse Explosion"],"picked":"Adrenaline","floor":33.0},{"not_picked":["Prepared","Expertise"],"picked":"Dodge and Roll+1","floor":35.0},{"not_picked":["Dagger Spray+1","Blade Dance"],"picked":"Heel Hook+1","floor":36.0},{"not_picked":["Madness","Jack Of All Trades"],"picked":"Flash of Steel","floor":38.0},{"not_picked":["Dodge and Roll","Setup+1"],"picked":"Catalyst","floor":39.0},{"not_picked":["All Out Attack+1","Acrobatics","Poisoned Stab"],"picked":"Singing Bowl","floor":40.0},{"not_picked":["Backstab","Backflip+1"],"picked":"Flechettes+1","floor":41.0},{"not_picked":["Distraction","Underhanded Strike+1"],"picked":"Prepared+1","floor":44.0},{"not_picked":["Quick Slash+1","Dodge and Roll","Eviscerate+1"],"picked":"Singing Bowl","floor":45.0},{"not_picked":["Skewer","Caltrops+1","Concentrate"],"picked":"Singing Bowl","floor":46.0},{"not_picked":["Slice+1","Bane","Dagger Throw"],"picked":"Singing Bowl","floor":47},{"not_picked":["Dagger Spray+1","Acrobatics"],"picked":"Cloak And Dagger+1","floor":48},{"not_picked":["Night Terror","Concentrate","PiercingWail+1"],"picked":"Singing Bowl","floor":49}],"player_experience":207249,"relics_obtained":[{"floor":7.0,"key":"Singing Bowl"},{"floor":9.0,"key":"Mummified Hand"},{"floor":11.0,"key":"Tingsha"},{"floor":24.0,"key":"Smiling Mask"},{"floor":26.0,"key":"Dead Branch"},{"floor":40.0,"key":"Regal Pillow"},{"floor":43.0,"key":"Dream Catcher"}],"event_choices":[{"event_name":"World of Goop","player_choice":"Gather Gold","floor":2.0,"damage_taken":0.0},{"event_name":"Golden Wing","player_choice":"Card Removal","floor":13.0,"damage_taken":0.0},{"event_name":"Upgrade Shrine","player_choice":"Upgraded","floor":14.0,"damage_taken":0.0},{"event_name":"The Library","player_choice":"Read","floor":21.0,"damage_taken":0.0},{"event_name":"SensoryStone","player_choice":"Memory 1","floor":38.0,"damage_taken":0.0}],"is_beta":false,"boss_relics":[{"not_picked":["Ectoplasm","Philosopher\u0027s Stone"],"picked":"Tiny House"},{"not_picked":["WristBlade","Black Star"],"picked":"Empty Cage"}],"items_purged_floors":[5,12,29,31,37],"is_endless":false,"potions_floor_spawned":[7,8,11,16,18,19,24,30,33,40,41,44,48],"ascension_level":0}