{"gold_per_floor":[111,111,36,54,54,54,70,82,94,120,144,168,80,80,80,209,209,227,102,126,77,77,77,98,132,132,132,132,146,146,159,159,280,280,300,522,547,672,1005,1005,1005,654,654,396,410,6,22,33,33,33],"floor_reached":51,"playtime":998,"items_purged":["Defend_R","Defend_R","Strike_R","Limit Break","Strike_R","Strike_R"],"score":887,"play_id":"62bb799d-3a28-4dad-a6b3-78b8d63de450","local_time":"20181128001141","daily_mods":["Vintage","Heirloom"],"is_ascension_mode":false,"campfire_choices":[{"data":"Bash","floor":6,"key":"SMITH"},{"floor":8,"key":"REST"},{"floor":15,"key":"REST"},{"floor":23,"key":"DIG"},{"floor":27,"key":"DIG"},{"floor":30,"key":"REST"},{"floor":32,"key":"REST"},{"floor":40,"key":"DIG"},{"floor":49,"key":"REST"}],"neow_cost":"","seed_source_timestamp":0,"circlet_count":0,"master_deck":["Strike_R","Bash+1","Clash","Purity"],"relics":["Unceasing Top","Bird Faced Urn","Sundial","Meat on the Bone","MawBank","Shuriken","Shovel","Pen Nib","Pear","Empty Cage","Gremlin Horn","Gambling Chip","Oddly Smooth Stone","Centennial Puzzle","Boot","Red Mask","Ginger","Bronze Scales","The Courier","Question Card","Eternal Feather","Lantern","Red Skull","Incense Burner","Anchor","Bag of Marbles","Ancient Tea Set","Letter Opener","Vajra","Omamori","Brimstone","Bottled Lightning","Bag of Preparation"],"potions_floor_usage":[16,16,16,33,38,50,50],"damage_taken":[{"damage":12,"enemies":"Small Slimes","floor":1,"turns":4},{"damage":6,"enemies":"Jaw Worm","floor":4,"turns":3},{"damage":0,"enemies":"2 Louse","floor":7,"turns":2},{"damage":16,"enemies":"Red Slaver","floor":10,"turns":3},{"damage":6,"enemies":"2 Fungi Beasts","floor":11,"turns":3},{"damage":14,"enemies":"Blue Slaver","floor":12,"turns":3},{"damage":56,"enemies":"The Guardian","floor":16,"turns":8},{"damage":46,"enemies":"2 Thieves","floor":18,"turns":5},{"damage":13,"enemies":"3 Byrds","floor":20,"turns":4},{"damage":6,"enemies":"3 Cultists","floor":24,"turns":3},{"damage":0,"enemies":"Masked Bandits","floor":25,"turns":2},{"damage":6,"enemies":"Cultist and Chosen","floor":29,"turns":3},{"damage":15,"enemies":"Centurion and Healer","floor":31,"turns":2},{"damage":21,"enemies":"Collector","floor":33,"turns":5},{"damage":32,"enemies":"3 Darklings","floor":35,"turns":4},{"damage":7,"enemies":"Orb Walker","floor":37,"turns":2},{"damage":30,"enemies":"Mind Bloom Boss Battle","floor":38,"turns":3},{"damage":0,"enemies":"Jaw Worm Horde","floor":45,"turns":1},{"damage":0,"enemies":"Maw","floor":47,"turns":1},{"damage":0,"enemies":"Transient","floor":48,"turns":1},{"damage":11,"enemies":"Time Eater","floor":50,"turns":2}],"seed_played":"-6521075541795679472","potions_obtained":[{"floor":1,"key":"Swift Potion"},{"floor":10,"key":"Explosive Potion"},{"floor":11,"key":"Block Potion"},{"floor":16,"key":"Swift Potion"},{"floor":18,"key":"Dexterity Potion"},{"floor":24,"key":"Dexterity Potion"},{"floor":31,"key":"Dexterity Potion"},{"floor":33,"key":"Strength Potion"},{"floor":35,"key":"Energy Potion"},{"floor":48,"key":"Fire Potion"}],"is_trial":true,"path_per_floor":["M","?","$","M","?","R","M","R","T","M","M","M","$","?","R","B",null,"M","$","M","$","?","R","M","?","T","R","?","M","R","M","R","B",null,"M","?","M","?","?","R","?","$","T","$","M","$","M","M","R","B",null],"character_chosen":"IRONCLAD","items_purchased":["Clash","Bag of Marbles","Ancient Tea Set","Vajra","Brimstone","FairyPotion"],"campfire_rested":5,"item_purchase_floors":[21,42,42,44,46,46],"current_hp_per_floor":[68,68,68,62,55,55,55,79,79,63,57,53,53,31,58,14,90,56,56,55,55,55,55,49,49,49,49,49,55,82,67,90,69,90,58,58,51,33,33,36,36,36,36,36,48,48,48,48,75,64],"gold":33,"neow_bonus":"","is_prod":false,"is_daily":false,"chose_seed":false,"campfire_upgraded":1,"win_rate":0,"timestamp":1543360301,"path_taken":["M","?","$","M","?","R","M","R","T","M","M","M","$","?","R","BOSS","M","$","M","$","?","R","?","?","T","R","?","M","R","M","R","BOSS","M","?","M","?","?","R","?","?","T","$","M","$","M","M","R","BOSS"],"build_version":"2018-11-15","purchased_purges":6,"victory":true,"max_hp_per_floor":[80,80,80,80,80,80,80,80,80,80,80,90,90,90,90,90,90,90,90,90,90,90,90,90,90,90,90,90,90,90,90,90,90,90,90,90,90,90,90,90,90,90,90,90,90,90,90,90,90,90],"card_choices":[{"not_picked":["Fiend Fire","Bludgeon","Immolate"],"picked":"Limit Break","floor":33},{"not_picked":["Secret Technique","PanicButton","Flash of Steel"],"picked":"Purity","floor":41}],"player_experience":780863,"relics_obtained":[{"floor":1,"key":"Sundial"},{"floor":4,"key":"Meat on the Bone"},{"floor":7,"key":"MawBank"},{"floor":9,"key":"Shuriken"},{"floor":10,"key":"Shovel"},{"floor":11,"key":"Pen Nib"},{"floor":12,"key":"Pear"},{"floor":18,"key":"Gremlin Horn"},{"floor":20,"key":"Gambling Chip"},{"floor":23,"key":"Centennial Puzzle"},{"floor":24,"key":"Boot"},{"floor":25,"key":"Red Mask"},{"floor":26,"key":"Ginger"},{"floor":27,"key":"Bronze Scales"},{"floor":29,"key":"The Courier"},{"floor":31,"key":"Question Card"},{"floor":35,"key":"Lantern"},{"floor":37,"key":"Red Skull"},{"floor":38,"key":"Incense Burner"},{"floor":40,"key":"Anchor"},{"floor":43,"key":"Letter Opener"},{"floor":45,"key":"Omamori"},{"floor":47,"key":"Bottled Lightning"},{"floor":48,"key":"Bag of Preparation"}],"event_choices":[{"damage_healed":0,"gold_gain":0,"player_choice":"Ignored","damage_taken":0,"max_hp_gain":0,"max_hp_loss":0,"event_name":"Shining Light","floor":2,"gold_loss":0},{"cards_removed":["Defend_R"],"damage_healed":0,"gold_gain":0,"player_choice":"Card Removal","damage_taken":7,"max_hp_gain":0,"max_hp_loss":0,"event_name":"Golden Wing","floor":5,"gold_loss":0},{"damage_healed":0,"gold_gain":0,"player_choice":"Take Damage","damage_taken":22,"relics_obtained":["Golden Idol"],"max_hp_gain":0,"max_hp_loss":0,"event_name":"Golden Idol","floor":14,"gold_loss":0},{"damage_healed":0,"gold_gain":0,"player_choice":"Gave Potion","damage_taken":0,"relics_obtained":["Oddly Smooth Stone"],"max_hp_gain":0,"max_hp_loss":0,"event_name":"WeMeetAgain","floor":22,"gold_loss":0},{"damage_healed":0,"gold_gain":0,"player_choice":"Fought Bandits","damage_taken":0,"max_hp_gain":0,"max_hp_loss":0,"event_name":"Masked Bandits","floor":25,"gold_loss":0},{"damage_healed":0,"gold_gain":0,"player_choice":"Ignored","damage_taken":0,"max_hp_gain":0,"max_hp_loss":0,"event_name":"Vampires","floor":28,"gold_loss":0},{"damage_healed":0,"gold_gain":222,"player_choice":"Wore Mask","damage_taken":0,"max_hp_gain":0,"max_hp_loss":0,"event_name":"Tomb of Lord Red Mask","floor":36,"gold_loss":0},{"damage_healed":0,"gold_gain":0,"player_choice":"Fight","damage_taken":0,"max_hp_gain":0,"max_hp_loss":0,"event_name":"MindBloom","floor":38,"gold_loss":0},{"damage_healed":0,"gold_gain":333,"player_choice":"Gave Idol","damage_taken":0,"max_hp_gain":0,"max_hp_loss":0,"event_name":"The Moai Head","floor":39,"relics_lost":["Golden Idol"],"gold_loss":0},{"damage_healed":0,"gold_gain":0,"player_choice":"Memory 1","damage_taken":0,"max_hp_gain":0,"max_hp_loss":0,"event_name":"SensoryStone","floor":41,"gold_loss":0}],"is_beta":true,"boss_relics":[{"not_picked":["Velvet Choker","Black Star"],"picked":"Empty Cage"},{"not_picked":["Astrolabe","Orrery"],"picked":"Eternal Feather"}],"items_purged_floors":[3,13,19,42,44,46],"is_endless":false,"potions_floor_spawned":[1,10,11,16,18,24,31,33,35,47,48],"ascension_level":0}