{"gold_per_floor":[117,130,55,70,86,86,97,97,97,114,127,202,202,152,152,255,255,269,269,279,291,305,305,324,324,405,405,438,103,113,143,143,242,242,259,279,298,309,320,320,340,352,352,352,368,388,400,61,61,61,61,61,23,51,51],"floor_reached":55,"playtime":4654,"items_purged":["Pain","Strike_B","Strike_B"],"score":711,"play_id":"6545f70c-8385-41d7-bc0e-a9342ee69827","local_time":"20190215005719","is_ascension_mode":false,"campfire_choices":[{"data":"Chill","floor":6.0,"key":"SMITH"},{"data":"Zap","floor":8.0,"key":"SMITH"},{"data":"Dualcast","floor":13.0,"key":"SMITH"},{"data":"Sweeping Beam","floor":15.0,"key":"SMITH"},{"data":"Electrodynamics","floor":23.0,"key":"SMITH"},{"data":"Loop","floor":32.0,"key":"SMITH"},{"data":"Fission","floor":40.0,"key":"SMITH"},{"data":"Multi-Cast","floor":44.0,"key":"SMITH"},{"floor":49.0,"key":"RECALL"},{"data":"Defragment","floor":52.0,"key":"SMITH"}],"neow_cost":"CURSE","seed_source_timestamp":0,"circlet_count":0,"master_deck":["Strike_B","Strike_B","Defend_B","Defend_B","Defend_B","Zap+1","Dualcast+1","Echo Form","Chill+1","Sweeping Beam+1","Ball Lightning","Coolheaded","Electrodynamics+1","Gash","Beam Cell+1","Auto Shields","Defragment+1","Loop+1","Multi-Cast+1","Streamline+1","Fission+1","Redo+1","Cold Snap","Redo+1","Defragment+1","Defragment+1","Core Surge"],"special_seed":0,"relics":["Cracked Core","Runic Pyramid","Kunai","Art of War","Lee\u0027s Waffle","Du-Vu Doll","Coffee Dripper","The Courier","DollysMirror","Bronze Scales"],"potions_floor_usage":[55],"damage_taken":[{"damage":6.0,"enemies":"2 Louse","floor":1.0,"turns":2.0},{"damage":10.0,"enemies":"Jaw Worm","floor":2.0,"turns":4.0},{"damage":6.0,"enemies":"Cultist","floor":4.0,"turns":4.0},{"damage":8.0,"enemies":"Exordium Wildlife","floor":5.0,"turns":4.0},{"damage":0.0,"enemies":"2 Fungi Beasts","floor":7.0,"turns":3.0},{"damage":2.0,"enemies":"Lots of Slimes","floor":10.0,"turns":3.0},{"damage":7.0,"enemies":"Gremlin Gang","floor":11.0,"turns":4.0},{"damage":5.0,"enemies":"Hexaghost","floor":16.0,"turns":8.0},{"damage":8.0,"enemies":"3 Byrds","floor":18.0,"turns":3.0},{"damage":19.0,"enemies":"2 Thieves","floor":20.0,"turns":3.0},{"damage":9.0,"enemies":"Snecko","floor":21.0,"turns":6.0},{"damage":4.0,"enemies":"Centurion and Healer","floor":22.0,"turns":4.0},{"damage":0.0,"enemies":"3 Cultists","floor":24.0,"turns":3.0},{"damage":19.0,"enemies":"Slavers","floor":28.0,"turns":4.0},{"damage":5.0,"enemies":"Snecko","floor":30.0,"turns":4.0},{"damage":35.0,"enemies":"Book of Stabbing","floor":31.0,"turns":5.0},{"damage":0.0,"enemies":"Champ","floor":33.0,"turns":9.0},{"damage":14.0,"enemies":"3 Shapes","floor":35.0,"turns":3.0},{"damage":0.0,"enemies":"Orb Walker","floor":36.0,"turns":2.0},{"damage":13.0,"enemies":"Maw","floor":37.0,"turns":7.0},{"damage":4.0,"enemies":"Transient","floor":38.0,"turns":5.0},{"damage":11.0,"enemies":"3 Darklings","floor":39.0,"turns":5.0},{"damage":16.0,"enemies":"Spire Growth","floor":41.0,"turns":4.0},{"damage":2.0,"enemies":"Maw","floor":42.0,"turns":7.0},{"damage":0.0,"enemies":"Sphere and 2 Shapes","floor":45.0,"turns":1.0},{"damage":0.0,"enemies":"Transient","floor":46.0,"turns":5.0},{"damage":0.0,"enemies":"Jaw Worm Horde","floor":47.0,"turns":3.0},{"damage":19.0,"enemies":"Time Eater","floor":50.0,"turns":11.0},{"damage":21.0,"enemies":"Shield and Spear","floor":54.0,"turns":5.0},{"damage":100,"enemies":"The Heart","floor":55,"turns":5}],"seed_played":"3199241813169128110","potions_obtained":[{"floor":2.0,"key":"Energy Potion"},{"floor":5.0,"key":"GamblersBrew"},{"floor":10.0,"key":"EssenceOfSteel"},{"floor":11.0,"key":"Regen Potion"},{"floor":18.0,"key":"Poison Potion"},{"floor":30.0,"key":"SteroidPotion"},{"floor":33.0,"key":"FairyPotion"},{"floor":35.0,"key":"Ancient Potion"},{"floor":41.0,"key":"GamblersBrew"},{"floor":46.0,"key":"AttackPotion"}],"is_trial":false,"path_per_floor":["M","M","$","M","M","R","M","R","T","M","M","?","R","?","R","B",null,"M","?","M","M","M","R","M","?","T","?","E","$","M","E","R","B",null,"M","M","M","M","M","R","M","M","T","R","M","M","M","$","R","B",null,"R","$","E","B"],"character_chosen":"DEFECT","items_purchased":["Lee\u0027s Waffle","Loop","Defragment","DollysMirror","PowerPotion","Strength Potion"],"campfire_rested":0,"item_purchase_floors":[29,29,48,48,48,53],"current_hp_per_floor":[69,59,59,53,45,45,45,45,45,43,36,25,25,25,25,20,75,67,67,48,39,35,35,35,35,35,35,16,82,77,42,42,42,82,68,68,55,66,55,55,39,37,37,37,37,37,37,37,37,18,82,82,82,61,0],"gold":51,"neow_bonus":"THREE_RARE_CARDS","is_prod":false,"is_daily":false,"chose_seed":false,"campfire_upgraded":9,"win_rate":0,"timestamp":1550163439,"path_taken":["M","M","$","M","M","R","M","R","T","M","M","?","R","?","R","BOSS","BOSS","M","?","M","M","M","R","?","?","T","?","E","$","M","E","R","BOSS","M","M","?","M","M","R","M","M","T","R","?","M","M","$","R","BOSS","R","$","E","BOSS"],"build_version":"2019-01-23","purchased_purges":3,"victory":false,"max_hp_per_floor":[75,75,75,75,75,75,75,75,75,75,75,75,75,75,75,75,75,75,75,75,75,75,75,75,75,75,75,75,82,82,82,82,82,82,82,82,82,82,82,82,82,82,82,82,82,82,82,82,82,82,82,82,82,82,82],"card_choices":[{"not_picked":["Seek","Core Surge"],"picked":"Echo Form","floor":0.0},{"not_picked":["Steam","Leap"],"picked":"Chill","floor":1.0},{"not_picked":["Rip and Tear","Storm"],"picked":"Sweeping Beam","floor":2.0},{"not_picked":["Compile Driver","Gash"],"picked":"Ball Lightning","floor":4.0},{"not_picked":["Go for the Eyes","Turbo"],"picked":"Coolheaded","floor":5.0},{"not_picked":["Sweeping Beam","Thunder Strike","Redo"],"picked":"SKIP","floor":7.0},{"not_picked":["Cold Snap","Streamline","Scrape"],"picked":"SKIP","floor":10.0},{"not_picked":["Beam Cell","Turbo","Rebound"],"picked":"SKIP","floor":11.0},{"not_picked":["Amplify","Rainbow"],"picked":"Electrodynamics","floor":16.0},{"not_picked":["Undo","Rip and Tear"],"picked":"Gash","floor":18.0},{"not_picked":["FTL","Cold Snap"],"picked":"Beam Cell+1","floor":20.0},{"not_picked":["Cold Snap","Consume","Skim"],"picked":"SKIP","floor":21.0},{"not_picked":["Stack","Ball Lightning"],"picked":"Auto Shields","floor":22.0},{"not_picked":["Echo Form","Barrage","Darkness"],"picked":"SKIP","floor":24.0},{"not_picked":["Go for the Eyes+1","Hologram","Turbo"],"picked":"SKIP","floor":28.0},{"not_picked":["Barrage","Self Repair","Redo"],"picked":"SKIP","floor":30.0},{"not_picked":["Turbo","Go for the Eyes","Melter"],"picked":"SKIP","floor":31.0},{"not_picked":["Biased Cognition","Seek"],"picked":"Multi-Cast","floor":33.0},{"not_picked":["Hologram+1","Chill+1"],"picked":"Streamline+1","floor":35.0},{"not_picked":["Stack","Cold Snap","Barrage+1"],"picked":"SKIP","floor":36.0},{"not_picked":["Sweeping Beam","Compile Driver+1"],"picked":"Fission","floor":37.0},{"not_picked":["Steam","Go for the Eyes","Redo"],"picked":"SKIP","floor":38.0},{"not_picked":["Leap","Rebound"],"picked":"Redo+1","floor":39.0},{"not_picked":["Hyperbeam","Cold Snap","Stack"],"picked":"SKIP","floor":41.0},{"not_picked":["Hyperbeam","Stack"],"picked":"Cold Snap","floor":41.0},{"not_picked":["Tempest+1","Ball Lightning","Streamline+1"],"picked":"SKIP","floor":42.0},{"not_picked":["Genetic Algorithm+1","Streamline+1","Turbo"],"picked":"SKIP","floor":45.0},{"not_picked":["Steam Power","Coolheaded+1"],"picked":"Redo+1","floor":46.0},{"not_picked":["Redo","Heatsinks+1","Go for the Eyes"],"picked":"SKIP","floor":47.0},{"not_picked":["Aggregate+1","Lockon+1"],"picked":"Core Surge","floor":54.0}],"player_experience":470093,"relics_obtained":[{"floor":26.0,"key":"Kunai"},{"floor":28.0,"key":"Art of War"},{"floor":31.0,"key":"Du-Vu Doll"},{"floor":43.0,"key":"The Courier"},{"floor":54.0,"key":"Bronze Scales"}],"event_choices":[{"damage_healed":0.0,"max_hp_gain":0.0,"max_hp_loss":0.0,"gold_gain":75.0,"event_name":"World of Goop","player_choice":"Gather Gold","floor":12.0,"gold_loss":0.0,"damage_taken":11.0},{"cards_removed":["Defend_B"],"damage_healed":0.0,"max_hp_gain":0.0,"max_hp_loss":0.0,"gold_gain":0.0,"event_name":"The Cleric","player_choice":"Card Removal","floor":14.0,"gold_loss":50.0,"damage_taken":0.0},{"damage_healed":0.0,"max_hp_gain":0.0,"max_hp_loss":0.0,"gold_gain":0.0,"event_name":"The Woman in Blue","player_choice":"Bought 0 Potions","floor":19.0,"gold_loss":0.0,"damage_taken":0.0},{"damage_healed":0.0,"max_hp_gain":0.0,"max_hp_loss":0.0,"gold_gain":0.0,"event_name":"The Library","player_choice":"Read","floor":25.0,"gold_loss":0.0,"damage_taken":0.0,"cards_obtained":["Defragment"]},{"damage_healed":0.0,"max_hp_gain":0.0,"max_hp_loss":0.0,"gold_gain":0.0,"event_name":"Upgrade Shrine","player_choice":"Upgraded","floor":27.0,"gold_loss":0.0,"damage_taken":0.0,"cards_upgraded":["Defragment"]}],"is_beta":false,"boss_relics":[{"not_picked":["FrozenCore","Sozu"],"picked":"Runic Pyramid"},{"not_picked":["Fusion Hammer","Tiny House"],"picked":"Coffee Dripper"}],"items_purged_floors":[3,29,48],"is_endless":false,"potions_floor_spawned":[2,5,10,11,18,30,33,35,37,41,46],"killed_by":"The Heart","ascension_level":0}