{"gold_per_floor":[119,8,27,27,43,53,82,82,155,171,171,171,227,250,250,349,349,362,362,373,273,283,283,317,317],"floor_reached":25,"playtime":1498,"items_purged":["Shame","Strike_R"],"score":312,"play_id":"27b07c20-ae51-4fd5-8f52-75424e9615fc","local_time":"20181106130710","is_ascension_mode":true,"campfire_choices":[{"data":"Armaments","floor":8.0,"key":"SMITH"},{"data":"Uppercut","floor":11.0,"key":"SMITH"},{"data":"Bludgeon","floor":12.0,"key":"SMITH"},{"data":"Metallicize","floor":15.0,"key":"SMITH"},{"floor":23,"key":"REST"}],"neow_cost":"CURSE","seed_source_timestamp":2240035555002,"circlet_count":0,"master_deck":["Strike_R","Strike_R","Strike_R","Defend_R","Defend_R","Defend_R","Defend_R","Bash","Bludgeon+1","Cleave","Uppercut+1","True Grit","Thunderclap","Armaments+1","Dropkick","Metallicize+1","Metallicize","Berserk","Clothesline","Demon Form"],"special_seed":0,"relics":["Burning Blood","WingedGreaves","Matryoshka","Tiny Chest","Odd Mushroom","Snecko Eye","Shuriken"],"potions_floor_usage":[25],"damage_taken":[{"damage":9.0,"enemies":"Jaw Worm","floor":1.0,"turns":4.0},{"damage":0.0,"enemies":"Cultist","floor":3.0,"turns":3.0},{"damage":7.0,"enemies":"2 Louse","floor":5.0,"turns":2.0},{"damage":4.0,"enemies":"2 Fungi Beasts","floor":6.0,"turns":3.0},{"damage":17.0,"enemies":"3 Sentries","floor":7.0,"turns":6.0},{"damage":20.0,"enemies":"Exordium Wildlife","floor":10.0,"turns":4.0},{"damage":22.0,"enemies":"Lagavulin","floor":13.0,"turns":4.0},{"damage":10.0,"enemies":"The Mushroom Lair","floor":14.0,"turns":4.0},{"damage":29.0,"enemies":"The Guardian","floor":16.0,"turns":15.0},{"damage":13.0,"enemies":"2 Thieves","floor":18.0,"turns":3.0},{"damage":8,"enemies":"Shell Parasite","floor":20,"turns":3},{"damage":40,"enemies":"Centurion and Healer","floor":22,"turns":3},{"damage":42,"enemies":"Slavers","floor":24,"turns":7},{"damage":17,"enemies":"Snake Plant","floor":25,"turns":1}],"seed_played":"-7261034836222586952","potions_obtained":[{"floor":1.0,"key":"SpeedPotion"},{"floor":7.0,"key":"GamblersBrew"},{"floor":10.0,"key":"Strength Potion"},{"floor":13.0,"key":"Regen Potion"},{"floor":24,"key":"Regen Potion"}],"is_trial":false,"path_per_floor":["M","$","M","?","M","M","E","R","T","M","R","R","E","?","R","B",null,"M","?","M","$","M","R","E","M"],"character_chosen":"IRONCLAD","items_purchased":["Uppercut"],"campfire_rested":1,"item_purchase_floors":[2],"current_hp_per_floor":[69,69,75,68,67,69,58,58,58,44,44,44,28,33,33,10,63,56,56,54,54,20,44,8,0],"gold":317,"neow_bonus":"THREE_RARE_CARDS","is_prod":false,"is_daily":false,"chose_seed":false,"campfire_upgraded":4,"win_rate":0,"timestamp":1541480830,"path_taken":["M","$","M","?","M","M","E","R","T","M","R","R","E","?","R","BOSS","M","?","?","$","M","R","E","M"],"build_version":"2018-11-01","purchased_purges":2,"victory":false,"max_hp_per_floor":[80,80,80,80,80,80,80,80,80,80,80,80,80,80,80,80,80,80,80,80,80,80,80,80,80],"card_choices":[{"not_picked":["Offering","Berserk"],"picked":"Bludgeon","floor":0.0},{"not_picked":["Havoc","Shrug It Off"],"picked":"Cleave","floor":1.0},{"not_picked":["Pommel Strike","Shrug It Off"],"picked":"True Grit","floor":3.0},{"not_picked":["Combust","Cleave"],"picked":"Thunderclap","floor":5.0},{"not_picked":["Combust","Dual Wield"],"picked":"Armaments","floor":6.0},{"not_picked":["Clothesline","Body Slam"],"picked":"Dropkick","floor":7.0},{"not_picked":["Exhume","Entrench","Clothesline"],"picked":"SKIP","floor":10.0},{"not_picked":["Armaments","Cleave"],"picked":"Metallicize","floor":13.0},{"not_picked":["Wild Strike","Anger"],"picked":"Metallicize","floor":14.0},{"not_picked":["Bludgeon","Fiend Fire"],"picked":"Berserk","floor":16.0},{"not_picked":["Warcry+1","Seeing Red","Combust"],"picked":"SKIP","floor":18.0},{"not_picked":["Flex","Twin Strike"],"picked":"Clothesline","floor":20},{"not_picked":["Havoc","Infernal Blade","Flex"],"picked":"SKIP","floor":22},{"not_picked":["Pummel+1","Headbutt"],"picked":"Demon Form","floor":24}],"player_experience":386797,"relics_obtained":[{"floor":7.0,"key":"WingedGreaves"},{"floor":9.0,"key":"Matryoshka"},{"floor":13.0,"key":"Tiny Chest"},{"floor":14.0,"key":"Odd Mushroom"},{"floor":24,"key":"Shuriken"}],"event_choices":[{"cards_removed":["Strike_R"],"damage_healed":0.0,"max_hp_gain":0.0,"max_hp_loss":0.0,"gold_gain":0.0,"event_name":"Golden Wing","player_choice":"Card Removal","floor":4.0,"gold_loss":0.0,"damage_taken":7.0},{"damage_healed":0.0,"max_hp_gain":0.0,"max_hp_loss":0.0,"gold_gain":0.0,"event_name":"Mushrooms","player_choice":"Fought Mushrooms","floor":14.0,"gold_loss":0.0,"damage_taken":0.0},{"damage_healed":0.0,"max_hp_gain":0.0,"max_hp_loss":0.0,"gold_gain":0.0,"event_name":"N\u0027loth","player_choice":"Ignored","floor":19.0,"gold_loss":0.0,"damage_taken":0.0}],"is_beta":false,"boss_relics":[{"not_picked":["Philosopher\u0027s Stone","Pandora\u0027s Box"],"picked":"Snecko Eye"}],"items_purged_floors":[2,21],"is_endless":false,"potions_floor_spawned":[1,7,10,13,24],"killed_by":"Snake Plant","ascension_level":7}