{"gold_per_floor":[113,125,50,125,142,177,188,363,363,363,383,413,413,426,426,530,530,542,509,224,239,239,239],"floor_reached":23,"playtime":1838,"items_purged":["Defend_B","Doubt"],"score":213,"play_id":"4eeebcba-484b-43d8-837a-8e034c000363","local_time":"20180716204106","is_ascension_mode":true,"campfire_choices":[{"data":"Redo","floor":10,"key":"SMITH"},{"data":"Chaos","floor":13,"key":"SMITH"},{"data":"Chill","floor":15,"key":"SMITH"}],"neow_cost":"TEN_PERCENT_HP_LOSS","seed_source_timestamp":42083856983919,"circlet_count":0,"master_deck":["Strike_B","Strike_B","Strike_B","Defend_B","Defend_B","Zap","Dualcast","Cold Snap","Redo+1","Capacitor","Self Repair","Cold Snap","Chill+1","Chaos+1","Capacitor","Reboot","Hologram","Coolheaded+1","Apotheosis","Rebound+1"],"relics":["Cracked Core","Strawberry","Lantern","Shuriken","Black Star"],"potions_floor_usage":[12,18,23],"damage_taken":[{"damage":1,"enemies":"Cultist","floor":1,"turns":3},{"damage":0,"enemies":"Small Slimes","floor":2,"turns":3},{"damage":0,"enemies":"2 Louse","floor":5,"turns":2},{"damage":24,"enemies":"3 Sentries","floor":6,"turns":7},{"damage":6,"enemies":"Looter","floor":7,"turns":3},{"damage":0,"enemies":"Blue Slaver","floor":11,"turns":3},{"damage":21,"enemies":"Gremlin Nob","floor":12,"turns":5},{"damage":0,"enemies":"2 Fungi Beasts","floor":14,"turns":3},{"damage":26,"enemies":"Slime Boss","floor":16,"turns":13},{"damage":7,"enemies":"Shell Parasite","floor":18,"turns":8},{"damage":22,"enemies":"2 Thieves","floor":19,"turns":5},{"damage":31,"enemies":"Sentry and Sphere","floor":21,"turns":8},{"damage":50,"enemies":"Book of Stabbing","floor":23,"turns":5}],"seed_played":"-911785884227552788","potions_obtained":[{"floor":5,"key":"Swift Potion"},{"floor":11,"key":"Poison Potion"},{"floor":14,"key":"SteroidPotion"},{"floor":19,"key":"Regen Potion"},{"floor":21,"key":"EssenceOfSteel"}],"is_trial":false,"path_per_floor":["M","M","$","?","M","E","M","?","T","R","M","E","R","M","R","B",null,"M","M","$","M","?"],"character_chosen":"DEFECT","items_purchased":["Apotheosis"],"campfire_rested":0,"item_purchase_floors":[20],"current_hp_per_floor":[67,67,67,56,56,39,40,40,40,40,47,33,33,40,40,21,75,75,60,60,36,36,0],"gold":239,"neow_bonus":"REMOVE_TWO","is_prod":false,"is_daily":false,"chose_seed":false,"campfire_upgraded":3,"win_rate":0,"timestamp":1531744866,"path_taken":["M","?","$","?","M","E","M","?","T","R","M","E","R","M","R","BOSS","M","M","$","M","?","E"],"build_version":"2018-07-12","purchased_purges":2,"victory":false,"max_hp_per_floor":[68,68,68,68,68,75,75,75,75,75,75,75,75,75,75,75,75,75,75,75,75,75,75],"card_choices":[{"not_picked":["Hologram","White Noise"],"picked":"Cold Snap","floor":1},{"not_picked":["Gash","Scrape"],"picked":"Redo","floor":2},{"not_picked":["FTL","Sweeping Beam"],"picked":"Capacitor","floor":5},{"not_picked":["BootSequence","Consume"],"picked":"Self Repair","floor":6},{"not_picked":["Beam Cell","Sweeping Beam"],"picked":"Cold Snap","floor":7},{"not_picked":["Fusion","Force Field"],"picked":"Chill","floor":11},{"not_picked":["Ball Lightning","Core Surge"],"picked":"Chaos","floor":12},{"not_picked":["Darkness","Cold Snap"],"picked":"Capacitor","floor":14},{"not_picked":["Electrodynamics","Core Surge"],"picked":"Reboot","floor":16},{"not_picked":["Scrape","Compile Driver"],"picked":"Hologram","floor":18},{"not_picked":["Hologram","Aggregate"],"picked":"Coolheaded+1","floor":19},{"not_picked":["Turbo","Coolheaded"],"picked":"Rebound+1","floor":21}],"player_experience":137319,"relics_obtained":[{"floor":6,"key":"Strawberry"},{"floor":9,"key":"Lantern"},{"floor":12,"key":"Shuriken"}],"event_choices":[{"event_name":"World of Goop","player_choice":"Gather Gold","floor":4,"damage_taken":0},{"event_name":"Liars Game","player_choice":"agreed","floor":8,"damage_taken":0},{"event_name":"N\u0027loth","player_choice":"Ignored","floor":22,"damage_taken":0}],"boss_relics":[{"not_picked":["Runic Pyramid","Lizard Tail"],"picked":"Black Star"}],"items_purged_floors":[3,20],"is_endless":false,"potions_floor_spawned":[5,11,14,19,21],"killed_by":"Book of Stabbing","ascension_level":1}