{"path_per_floor":["M","M","M","?","?","E","M","M","T","?","R","M","$"],"character_chosen":"DEFECT","items_purchased":["Happy Flower","Capacitor","Go for the Eyes"],"gold_per_floor":[210,221,233,233,233,262,281,301,301,301,301,326,3,3],"floor_reached":14,"campfire_rested":0,"playtime":567,"current_hp_per_floor":[75,75,68,68,68,60,53,38,38,20,20,14,14,0],"items_purged":["Scrape"],"gold":3,"score":106,"play_id":"e8598dc5-d15a-4bdc-8cd4-ff597590ea38","local_time":"20180507160721","is_prod":false,"is_daily":false,"chose_seed":false,"is_ascension_mode":true,"campfire_upgraded":0,"timestamp":1525702041,"path_taken":["M","M","M","?","?","E","M","?","T","?","R","?","$","M"],"build_version":"2018-05-03","seed_source_timestamp":865106383036841,"purchased_purges":1,"victory":false,"master_deck":["Strike_B","Strike_B","Strike_B","Defend_B","Defend_B","Defend_B","Defend_B","Zap","Dualcast","Go for the Eyes","Static Discharge+1","Streamline","Sweeping Beam","Self Repair","Leap","Capacitor","Go for the Eyes"],"max_hp_per_floor":[75,75,75,75,75,75,75,75,75,75,75,75,75,75],"relics":["Cracked Core","Pantograph","Shovel","Golden Idol","Unceasing Top","Happy Flower"],"card_choices":[{"not_picked":["Loop","Melter"],"picked":"Go for the Eyes","floor":1},{"not_picked":["Capacitor","Coolheaded"],"picked":"Static Discharge","floor":2},{"not_picked":["Ball Lightning","Rebound"],"picked":"Streamline","floor":3},{"not_picked":["Barrage","Coolheaded"],"picked":"Sweeping Beam","floor":7},{"not_picked":["Fusion","Reprogram"],"picked":"Self Repair","floor":8},{"not_picked":["Self Repair","Darkness"],"picked":"Leap","floor":12}],"player_experience":88542,"potions_floor_usage":[12],"damage_taken":[{"damage":0,"enemies":"2 Louse","floor":1,"turns":4},{"damage":0,"enemies":"Small Slimes","floor":2,"turns":3},{"damage":7,"enemies":"Jaw Worm","floor":3,"turns":3},{"damage":8,"enemies":"Gremlin Nob","floor":6,"turns":3},{"damage":7,"enemies":"Blue Slaver","floor":7,"turns":3},{"damage":15,"enemies":"Red Slaver","floor":8,"turns":2},{"damage":6,"enemies":"Looter","floor":12,"turns":2},{"damage":18,"enemies":"Lots of Slimes","floor":14,"turns":2}],"event_choices":[{"event_name":"Living Wall","player_choice":"Grow","floor":4,"damage_taken":0},{"event_name":"Transmorgrifier","player_choice":"Transform","floor":5,"damage_taken":0},{"event_name":"Golden Idol","player_choice":"Take Damage","floor":10,"damage_taken":0}],"boss_relics":[],"potions_floor_spawned":[3,6],"seed_played":"-7978174216529463306","killed_by":"Lots of Slimes","ascension_level":3,"is_trial":false}