{"gold_per_floor":[115,41,41,60,135,169,186,207,287,287,68,68,85,100,100,100],"floor_reached":16,"playtime":324,"items_purged":[],"score":244,"play_id":"6245ddc8-4a01-4c2a-93e1-2def091d0edd","local_time":"20181101171640","is_ascension_mode":true,"campfire_choices":[{"floor":10,"key":"REST"},{"data":"Consume","floor":15,"key":"SMITH"}],"neow_cost":"NONE","seed_source_timestamp":371775380623767,"circlet_count":0,"master_deck":["AscendersBane","Strike_B","Strike_B","Strike_B","Defend_B","Defend_B","Defend_B","Defend_B","Zap","Dualcast","Compile Driver","Consume+1","Auto Shields","Redo","Reboot","Conserve Battery","Self Repair","Steam"],"relics":["Cracked Core","NeowsBlessing","Vajra","Odd Mushroom","Mummified Hand","Oddly Smooth Stone","Bird Faced Urn"],"potions_floor_usage":[16,16],"damage_taken":[{"damage":0,"enemies":"Cultist","floor":1,"turns":1},{"damage":0,"enemies":"Jaw Worm","floor":4,"turns":1},{"damage":0,"enemies":"Gremlin Nob","floor":6,"turns":1},{"damage":2,"enemies":"2 Louse","floor":7,"turns":2},{"damage":30,"enemies":"The Mushroom Lair","floor":8,"turns":5},{"damage":2,"enemies":"Exordium Wildlife","floor":13,"turns":4},{"damage":5,"enemies":"3 Louse","floor":14,"turns":4},{"damage":48,"enemies":"Hexaghost","floor":16,"turns":9}],"seed_played":"-8643355947732300271","potions_obtained":[{"floor":4,"key":"LiquidBronze"},{"floor":6,"key":"Swift Potion"},{"floor":13,"key":"PowerPotion"}],"is_trial":false,"path_per_floor":["M","$","?","M","?","E","M","?","T","R","$","T","M","M","R","B"],"character_chosen":"DEFECT","items_purchased":["Consume","Conserve Battery","Oddly Smooth Stone"],"campfire_rested":1,"item_purchase_floors":[2,11,11],"current_hp_per_floor":[64,64,64,64,53,53,51,21,21,42,42,42,40,44,44,0],"gold":100,"neow_bonus":"THREE_ENEMY_KILL","is_prod":false,"is_daily":false,"chose_seed":false,"campfire_upgraded":1,"win_rate":0,"timestamp":1541089000,"path_taken":["M","?","?","?","?","E","M","?","T","R","$","?","M","M","R","BOSS"],"build_version":"2018-10-31v2","purchased_purges":0,"victory":false,"max_hp_per_floor":[71,71,71,71,71,71,71,71,71,71,71,71,71,71,71,71],"card_choices":[{"not_picked":["Turbo","Beam Cell"],"picked":"Compile Driver","floor":1},{"not_picked":["Skim","Recycle"],"picked":"Auto Shields","floor":4},{"not_picked":["Turbo","Hello World"],"picked":"Redo","floor":6},{"not_picked":["Go for the Eyes","Steam"],"picked":"Reboot","floor":7},{"not_picked":["Conserve Battery","Rebound"],"picked":"Self Repair","floor":13},{"not_picked":["Auto Shields","Go for the Eyes"],"picked":"Steam","floor":14}],"player_experience":734413,"relics_obtained":[{"floor":6,"key":"Vajra"},{"floor":8,"key":"Odd Mushroom"},{"floor":9,"key":"Mummified Hand"},{"floor":12,"key":"Bird Faced Urn"}],"event_choices":[{"cards_removed":["Strike_B"],"damage_healed":0,"gold_gain":0,"player_choice":"Offered Basic","damage_taken":0,"max_hp_gain":0,"max_hp_loss":0,"event_name":"Bonfire Elementals","floor":3,"gold_loss":0},{"damage_healed":0,"gold_gain":75,"player_choice":"Gather Gold","damage_taken":11,"max_hp_gain":0,"max_hp_loss":0,"event_name":"World of Goop","floor":5,"gold_loss":0},{"damage_healed":0,"gold_gain":0,"player_choice":"Fought Mushrooms","damage_taken":0,"max_hp_gain":0,"max_hp_loss":0,"event_name":"Mushrooms","floor":8,"gold_loss":0}],"is_beta":true,"boss_relics":[],"items_purged_floors":[],"is_endless":false,"potions_floor_spawned":[4,6,13,14],"killed_by":"Hexaghost","ascension_level":19}