{"gold_per_floor":[112,112,54,69,69,96,96,124,179,179,179,192,211,223,223,298,298,315,72,72,90,90,118,118,118,148,18,31,31],"floor_reached":29,"playtime":524,"items_purged":["Strike_G+1"],"score":552,"play_id":"dbc4ec79-6926-4995-b204-a9fcc1bc4cd7","local_time":"20190418010858","is_ascension_mode":true,"campfire_choices":[{"data":"Deadly Poison","floor":7.0,"key":"SMITH"},{"data":"Deadly Poison","floor":10.0,"key":"SMITH"},{"data":"Bouncing Flask","floor":15.0,"key":"SMITH"},{"floor":24.0,"key":"REST"}],"neow_cost":"NONE","seed_source_timestamp":138022436445231,"circlet_count":0,"master_deck":["AscendersBane","Defend_G+1","Defend_G+1","Defend_G+1","Defend_G+1","Defend_G+1","Strike_G+1","Strike_G+1","Strike_G+1","Strike_G+1","Survivor+1","Neutralize","Poisoned Stab","Deadly Poison+1","Deadly Poison+1","Backflip","Bouncing Flask+1","Burst","Deadly Poison","Dodge and Roll","Corpse Explosion","Well Laid Plans","Noxious Fumes","Leg Sweep"],"special_seed":0,"relics":["Ring of the Snake","NeowsBlessing","War Paint","Boot","Bag of Preparation","Orrery","PreservedInsect","MutagenicStrength","Smiling Mask","Tiny Chest"],"potions_floor_usage":[],"damage_taken":[{"damage":0.0,"enemies":"2 Louse","floor":1.0,"turns":1.0},{"damage":0.0,"enemies":"Small Slimes","floor":4.0,"turns":1.0},{"damage":0.0,"enemies":"3 Sentries","floor":6.0,"turns":1.0},{"damage":34.0,"enemies":"Gremlin Nob","floor":8.0,"turns":4.0},{"damage":0.0,"enemies":"Jaw Worm","floor":12.0,"turns":3.0},{"damage":0.0,"enemies":"2 Fungi Beasts","floor":13.0,"turns":3.0},{"damage":3.0,"enemies":"Looter","floor":14.0,"turns":3.0},{"damage":1.0,"enemies":"Hexaghost","floor":16.0,"turns":7.0},{"damage":1.0,"enemies":"3 Byrds","floor":18.0,"turns":3.0},{"damage":25.0,"enemies":"2 Thieves","floor":21.0,"turns":4.0},{"damage":14.0,"enemies":"Slavers","floor":23.0,"turns":4.0},{"damage":23,"enemies":"Sentry and Sphere","floor":28,"turns":5},{"damage":0,"enemies":"Centurion and Healer","floor":29,"turns":1}],"seed_played":"-6540976905424042611","potions_obtained":[{"floor":4.0,"key":"Explosive Potion"},{"floor":6.0,"key":"SpeedPotion"},{"floor":14.0,"key":"Weak Potion"},{"floor":21.0,"key":"PowerPotion"},{"floor":28,"key":"AttackPotion"}],"is_trial":false,"path_per_floor":["M","?","$","M","$","E","R","E","T","R","?","M","M","M","R","B",null,"M","$","?","M","?","E","R","?","T","$","M","M"],"character_chosen":"THE_SILENT","items_purchased":["Deadly Poison","PreservedInsect","Well Laid Plans","Leg Sweep"],"campfire_rested":1,"item_purchase_floors":[3,19,19,27],"current_hp_per_floor":[59,59,59,59,59,59,59,25,25,25,25,25,25,22,22,21,55,54,54,54,29,29,15,34,34,34,34,11,11],"gold":31,"neow_bonus":"THREE_ENEMY_KILL","is_prod":false,"is_daily":false,"chose_seed":false,"campfire_upgraded":3,"win_rate":0,"timestamp":1555542538,"path_taken":["M","?","$","M","$","E","R","E","T","R","?","M","M","M","R","BOSS","M","$","?","M","?","E","R","?","T","?","M","M"],"build_version":"2019-01-23","purchased_purges":1,"victory":false,"max_hp_per_floor":[66,66,66,66,66,66,66,66,66,66,66,66,66,66,66,66,66,66,66,66,66,66,66,66,66,66,66,66,66],"card_choices":[{"not_picked":["Concentrate","Dodge and Roll"],"picked":"Poisoned Stab","floor":1.0},{"not_picked":["Sucker Punch","PiercingWail"],"picked":"Deadly Poison","floor":4.0},{"not_picked":["Quick Slash","Unload","Outmaneuver"],"picked":"SKIP","floor":6.0},{"not_picked":["Cloak And Dagger","Acrobatics","Slice"],"picked":"SKIP","floor":8.0},{"not_picked":["Dagger Throw","Predator","Choke"],"picked":"SKIP","floor":12.0},{"not_picked":["Prepared","Deflect"],"picked":"Backflip","floor":13.0},{"not_picked":["Acrobatics","Expertise"],"picked":"Bouncing Flask","floor":14.0},{"not_picked":["Die Die Die","Wraith Form v2"],"picked":"Burst","floor":16.0},{"not_picked":["Sucker Punch","Bane"],"picked":"Deadly Poison","floor":17.0},{"not_picked":["Blade Dance","Deadly Poison"],"picked":"Dodge and Roll","floor":17.0},{"not_picked":["PiercingWail","Caltrops"],"picked":"Corpse Explosion","floor":17.0},{"not_picked":["Dagger Spray","Dodge and Roll","Bane+1"],"picked":"SKIP","floor":18.0},{"not_picked":["Riddle With Holes","Expertise","Caltrops"],"picked":"SKIP","floor":21.0},{"not_picked":["Underhanded Strike","Blur"],"picked":"Noxious Fumes","floor":23.0},{"not_picked":["Deflect","Slice","Cloak And Dagger"],"picked":"SKIP","floor":28}],"player_experience":847332,"relics_obtained":[{"floor":6.0,"key":"War Paint"},{"floor":8.0,"key":"Boot"},{"floor":9.0,"key":"Bag of Preparation"},{"floor":23.0,"key":"Smiling Mask"},{"floor":26.0,"key":"Tiny Chest"}],"event_choices":[{"damage_healed":0.0,"max_hp_gain":0.0,"max_hp_loss":0.0,"gold_gain":0.0,"event_name":"The Cleric","player_choice":"Leave","floor":2.0,"gold_loss":0.0,"damage_taken":0.0},{"damage_healed":0.0,"max_hp_gain":0.0,"max_hp_loss":0.0,"gold_gain":0.0,"event_name":"Scrap Ooze","player_choice":"Fled","floor":11.0,"gold_loss":0.0,"damage_taken":0.0},{"damage_healed":0.0,"max_hp_gain":0.0,"max_hp_loss":0.0,"gold_gain":0.0,"event_name":"Ghosts","player_choice":"Ignored","floor":20.0,"gold_loss":0.0,"damage_taken":0.0},{"damage_healed":0.0,"max_hp_gain":0.0,"max_hp_loss":0.0,"gold_gain":0.0,"event_name":"Drug Dealer","player_choice":"Inject Mutagens","floor":22.0,"gold_loss":0.0,"damage_taken":0.0,"relics_obtained":["MutagenicStrength"]},{"damage_healed":0.0,"max_hp_gain":0.0,"max_hp_loss":0.0,"gold_gain":0.0,"event_name":"Back to Basics","player_choice":"Simplicity","floor":25.0,"gold_loss":0.0,"damage_taken":0.0,"cards_upgraded":["Defend_G","Defend_G","Defend_G","Defend_G","Strike_G","Strike_G","Strike_G","Strike_G","Strike_G"]}],"is_beta":false,"boss_relics":[{"not_picked":["White Beast Statue","Velvet Choker"],"picked":"Orrery"}],"items_purged_floors":[27],"is_endless":false,"potions_floor_spawned":[4,6,14,16,21,28],"killed_by":"Centurion and Healer","ascension_level":20}