{"gold_per_floor":[118,136,149,74,89,115,115,115,184,184,219,219,219,494,494,494],"floor_reached":16,"playtime":625,"items_purged":[],"score":108,"play_id":"6e30d3de-e38b-4af8-b7b7-0464145da597","local_time":"20181010000030","is_ascension_mode":false,"campfire_choices":[{"data":"Armaments","floor":7,"key":"SMITH"},{"data":"Iron Wave","floor":10,"key":"SMITH"},{"floor":13,"key":"REST"},{"data":"Flex","floor":15,"key":"SMITH"}],"neow_cost":"NONE","seed_source_timestamp":24917436804050,"circlet_count":0,"master_deck":["Strike_R","Strike_R","Strike_R","Strike_R","Strike_R","Defend_R","Defend_R","Defend_R","Defend_R","Bash","Flex","True Grit","Armaments+1","Flex+1","Iron Wave+1","Shockwave","Thunderclap","Injury","Iron Wave","Regret"],"relics":["Burning Blood","Turnip","Golden Idol","Pear","Dream Catcher"],"potions_floor_usage":[16],"damage_taken":[{"damage":0,"enemies":"Small Slimes","floor":1,"turns":3},{"damage":8,"enemies":"Jaw Worm","floor":2,"turns":3},{"damage":0,"enemies":"2 Louse","floor":3,"turns":3},{"damage":14,"enemies":"Exordium Wildlife","floor":5,"turns":6},{"damage":51,"enemies":"Gremlin Nob","floor":6,"turns":6},{"damage":27,"enemies":"Lagavulin","floor":11,"turns":7},{"damage":47,"enemies":"Hexaghost","floor":16,"turns":12}],"seed_played":"765130764943751332","potions_obtained":[{"floor":1,"key":"FearPotion"},{"floor":3,"key":"EntropicBrew"},{"floor":6,"key":"Swift Potion"}],"is_trial":false,"path_per_floor":["M","M","M","$","M","E","R","?","T","R","E","?","R","?","R"],"character_chosen":"IRONCLAD","items_purchased":["Flex","Iron Wave"],"campfire_rested":1,"item_purchase_floors":[4,4],"current_hp_per_floor":[80,78,80,80,72,27,27,27,37,37,16,16,43,43,43,0],"gold":494,"neow_bonus":"THREE_CARDS","is_prod":false,"is_daily":false,"chose_seed":false,"campfire_upgraded":3,"win_rate":0,"timestamp":1539100830,"path_taken":["M","M","M","$","M","E","R","?","T","R","E","?","R","?","R","BOSS"],"build_version":"2018-10-04v2","purchased_purges":0,"victory":false,"max_hp_per_floor":[80,80,80,80,80,80,80,80,90,90,90,90,90,90,90,90],"card_choices":[{"not_picked":["Burning Pact","Power Through"],"picked":"Flex","floor":0},{"not_picked":["Evolve","Fire Breathing","Entrench"],"picked":"SKIP","floor":1},{"not_picked":["Entrench","Warcry"],"picked":"True Grit","floor":2},{"not_picked":["Flame Barrier","Wild Strike"],"picked":"Armaments","floor":3},{"not_picked":["Twin Strike","Headbutt"],"picked":"Shockwave","floor":5},{"not_picked":["Body Slam","Wild Strike"],"picked":"Thunderclap","floor":6},{"not_picked":["Perfected Strike","Reckless Charge","Thunderclap"],"picked":"SKIP","floor":11},{"not_picked":["Havoc","Dropkick"],"picked":"Iron Wave","floor":13}],"player_experience":301562,"relics_obtained":[{"floor":6,"key":"Turnip"},{"floor":9,"key":"Pear"},{"floor":11,"key":"Dream Catcher"}],"event_choices":[{"event_name":"Golden Idol","player_choice":"Take Wound","floor":8,"damage_taken":0},{"event_name":"Shining Light","player_choice":"Ignored","floor":12,"damage_taken":0},{"event_name":"Golden Shrine","player_choice":"Desecrate","floor":14,"damage_taken":0}],"is_beta":false,"boss_relics":[],"items_purged_floors":[],"is_endless":false,"potions_floor_spawned":[1,3,6],"killed_by":"Hexaghost","ascension_level":0}