{"gold_per_floor":[119,60,77,77,3,3,35,35,117,192,222,241,257,268,268,268],"floor_reached":16,"playtime":238,"items_purged":[],"score":250,"play_id":"cdf00f1c-6e1e-484b-be56-b1ebc7f1deb7","local_time":"20190507163943","is_ascension_mode":true,"campfire_choices":[{"data":"Flame Barrier","floor":6.0,"key":"SMITH"},{"data":"Defend_R","floor":8.0,"key":"SMITH"},{"data":"Bash","floor":15,"key":"SMITH"}],"neow_cost":"NONE","seed_source_timestamp":521299429021,"circlet_count":0,"master_deck":["AscendersBane","Strike_R","Strike_R","Strike_R","Strike_R","Strike_R","Defend_R+1","Defend_R","Defend_R+1","Defend_R","Bash+1","Shrug It Off+1","Flame Barrier+1","Ghostly Armor"],"special_seed":0,"relics":["Burning Blood","NeowsBlessing","Letter Opener","Molten Egg 2"],"potions_floor_usage":[],"damage_taken":[{"damage":0.0,"enemies":"Jaw Worm","floor":1.0,"turns":1.0},{"damage":0.0,"enemies":"Small Slimes","floor":3.0,"turns":1.0},{"damage":0.0,"enemies":"Gremlin Nob","floor":7.0,"turns":1.0},{"damage":0,"enemies":"2 Louse","floor":12,"turns":3},{"damage":15,"enemies":"Blue Slaver","floor":13,"turns":4},{"damage":3,"enemies":"2 Fungi Beasts","floor":14,"turns":4},{"damage":17,"enemies":"The Guardian","floor":16,"turns":3}],"seed_played":"249056634087001873","potions_obtained":[{"floor":1.0,"key":"Weak Potion"},{"floor":12,"key":"SkillPotion"}],"is_trial":false,"path_per_floor":["M","$","M","?","$","R","E","R","T","?","?","M","M","M","R","B"],"character_chosen":"IRONCLAD","items_purchased":["Shrug It Off","Flame Barrier"],"campfire_rested":0,"item_purchase_floors":[2,5],"current_hp_per_floor":[74,74,75,52,52,52,58,58,58,47,47,53,44,47,47,30],"gold":268,"neow_bonus":"THREE_ENEMY_KILL","is_prod":false,"is_daily":false,"chose_seed":false,"campfire_upgraded":3,"win_rate":0,"timestamp":1557239983,"path_taken":["M","$","M","?","$","R","E","R","T","?","?","M","M","M","R","BOSS"],"build_version":"2019-01-23","purchased_purges":0,"victory":false,"max_hp_per_floor":[75,75,75,75,75,75,75,75,75,75,75,75,75,75,75,75],"card_choices":[{"not_picked":["Whirlwind","Bloodletting","Perfected Strike"],"picked":"SKIP","floor":1.0},{"not_picked":["Anger","Clash","Havoc"],"picked":"SKIP","floor":3.0},{"not_picked":["Spot Weakness","Feel No Pain","Havoc"],"picked":"SKIP","floor":7.0},{"not_picked":["Clothesline+1","Corruption","Intimidate"],"picked":"SKIP","floor":12},{"not_picked":["Iron Wave+1","Feel No Pain","Pommel Strike+1"],"picked":"SKIP","floor":13},{"not_picked":["Wild Strike+1","Anger+1"],"picked":"Ghostly Armor","floor":14}],"player_experience":868501,"relics_obtained":[{"floor":7.0,"key":"Letter Opener"},{"floor":9.0,"key":"Molten Egg 2"}],"event_choices":[{"damage_healed":0.0,"max_hp_gain":0.0,"max_hp_loss":0.0,"gold_gain":0.0,"event_name":"Shining Light","player_choice":"Entered Light","floor":4.0,"gold_loss":0.0,"damage_taken":23.0,"cards_upgraded":["Defend_R","Shrug It Off"]},{"damage_healed":0.0,"max_hp_gain":0.0,"max_hp_loss":0.0,"gold_gain":75.0,"event_name":"World of Goop","player_choice":"Gather Gold","floor":10.0,"gold_loss":0.0,"damage_taken":11.0},{"damage_healed":0,"gold_gain":30,"player_choice":"Searched \u00271\u0027 times","damage_taken":0,"max_hp_gain":0,"max_hp_loss":0,"event_name":"Dead Adventurer","floor":11,"gold_loss":0}],"is_beta":false,"boss_relics":[],"items_purged_floors":[],"is_endless":false,"potions_floor_spawned":[1,12,14],"killed_by":"The Guardian","ascension_level":20}