{"gold_per_floor":[111,125,139,414,424,457,457,468,493,493],"floor_reached":10,"playtime":242,"items_purged":[],"score":116,"play_id":"1768d010-51f7-4179-956b-fe1b603f92b1","local_time":"20180901225059","is_ascension_mode":true,"campfire_choices":[{"data":"Cleave","floor":7,"key":"SMITH"}],"neow_cost":"NONE","seed_source_timestamp":568586999355017,"circlet_count":0,"master_deck":["Strike_R","Strike_R","Strike_R","Strike_R","Strike_R","Defend_R","Defend_R","Defend_R","Defend_R","Bash","AscendersBane","Cleave+1","Twin Strike","Sword Boomerang","Regret","Infernal Blade"],"special_seed":0,"relics":["Burning Blood","Omamori","Dream Catcher"],"potions_floor_usage":[5,6],"damage_taken":[{"damage":8.0,"enemies":"Jaw Worm","floor":1.0,"turns":4.0},{"damage":6.0,"enemies":"Cultist","floor":2.0,"turns":3.0},{"damage":4.0,"enemies":"Small Slimes","floor":3.0,"turns":3.0},{"damage":21,"enemies":"Exordium Thugs","floor":5,"turns":4},{"damage":38,"enemies":"Lagavulin","floor":6,"turns":8},{"damage":11,"enemies":"Blue Slaver","floor":8,"turns":3},{"damage":33,"enemies":"Gremlin Nob","floor":10,"turns":3}],"seed_played":"-5827368846739358568","potions_obtained":[{"floor":1.0,"key":"Block Potion"},{"floor":3.0,"key":"Energy Potion"},{"floor":6,"key":"Energy Potion"}],"is_trial":false,"path_per_floor":["M","M","M","?","M","E","R","M","T"],"character_chosen":"IRONCLAD","items_purchased":[],"campfire_rested":0,"item_purchase_floors":[],"current_hp_per_floor":[78,78,80,80,65,33,33,28,28,0],"gold":493,"neow_bonus":"TEN_PERCENT_HP_BONUS","is_prod":false,"is_daily":false,"chose_seed":false,"campfire_upgraded":1,"win_rate":0,"timestamp":1535835059,"path_taken":["M","M","M","?","M","E","R","M","T","E"],"build_version":"2018-08-30","purchased_purges":0,"victory":false,"max_hp_per_floor":[88,88,88,88,88,88,88,88,88,88],"card_choices":[{"not_picked":["Metallicize","Ghostly Armor"],"picked":"Cleave","floor":1.0},{"not_picked":["Shrug It Off","Reckless Charge"],"picked":"Twin Strike","floor":2.0},{"not_picked":["Second Wind","Dropkick"],"picked":"Sword Boomerang","floor":3.0},{"not_picked":["Clash","Warcry"],"picked":"Infernal Blade","floor":5},{"not_picked":["Armaments","Burning Pact","Anger"],"picked":"SKIP","floor":6},{"not_picked":["Seeing Red","Havoc","Juggernaut"],"picked":"SKIP","floor":8}],"player_experience":626540,"relics_obtained":[{"floor":6,"key":"Omamori"},{"floor":9,"key":"Dream Catcher"}],"event_choices":[{"event_name":"Golden Shrine","player_choice":"Desecrate","floor":4.0,"damage_taken":0.0}],"is_beta":true,"boss_relics":[],"items_purged_floors":[],"is_endless":false,"potions_floor_spawned":[1,3,6],"killed_by":"Gremlin Nob","ascension_level":13}