{"gold_per_floor":[116,116,116,9,20,20,55,75,99,99,116,128,140,14,14,87,87,87],"floor_reached":18,"playtime":447,"items_purged":["Strike_R"],"score":374,"play_id":"399df7b9-4ee7-4f69-94bf-6a032f164dc6","local_time":"20190505142244","is_ascension_mode":true,"campfire_choices":[{"data":"True Grit","floor":6.0,"key":"SMITH"},{"data":"Armaments","floor":10.0,"key":"SMITH"},{"data":"Entrench","floor":15,"key":"SMITH"}],"neow_cost":"NONE","seed_source_timestamp":357531578882967,"circlet_count":0,"master_deck":["AscendersBane","Strike_R","Strike_R","Strike_R","Strike_R","Defend_R","Defend_R","Defend_R","Defend_R","Bash","Entrench+1","True Grit+1","Armaments+1","Shrug It Off","Offering"],"special_seed":0,"relics":["Burning Blood","NeowsBlessing","Pen Nib","Art of War","Lizard Tail"],"potions_floor_usage":[16,16,16],"damage_taken":[{"damage":0.0,"enemies":"2 Louse","floor":1.0,"turns":1.0},{"damage":0.0,"enemies":"Small Slimes","floor":5.0,"turns":1.0},{"damage":0.0,"enemies":"Gremlin Nob","floor":7.0,"turns":1.0},{"damage":11.0,"enemies":"Cultist","floor":8.0,"turns":4.0},{"damage":9,"enemies":"Exordium Thugs","floor":11,"turns":5},{"damage":8,"enemies":"Looter","floor":12,"turns":3},{"damage":0,"enemies":"3 Louse","floor":13,"turns":4},{"damage":70,"enemies":"Slime Boss","floor":16,"turns":16},{"damage":8,"enemies":"3 Byrds","floor":18,"turns":4}],"seed_played":"4389576900947224645","potions_obtained":[{"floor":5.0,"key":"Block Potion"},{"floor":7.0,"key":"EntropicBrew"}],"is_trial":false,"path_per_floor":["M","?","?","$","M","R","E","M","T","R","M","M","M","$","R","B",null,"M"],"character_chosen":"IRONCLAD","items_purchased":["Fruit Juice","Shrug It Off"],"campfire_rested":0,"item_purchase_floors":[4,14],"current_hp_per_floor":[74,79,75,80,85,85,85,80,80,80,77,75,81,81,81,17,68,60],"gold":87,"neow_bonus":"THREE_ENEMY_KILL","is_prod":false,"is_daily":false,"chose_seed":false,"campfire_upgraded":3,"win_rate":0,"timestamp":1557058964,"path_taken":["M","?","?","$","M","R","E","M","T","R","M","M","M","$","R","BOSS","M"],"build_version":"2019-01-23","purchased_purges":1,"victory":false,"max_hp_per_floor":[75,80,80,85,85,85,85,85,85,85,85,85,85,85,85,85,85,85],"card_choices":[{"not_picked":["Sword Boomerang","Burning Pact"],"picked":"Entrench","floor":1.0},{"not_picked":["Sword Boomerang","Hemokinesis"],"picked":"True Grit","floor":5.0},{"not_picked":["Reckless Charge","Disarm"],"picked":"Armaments","floor":7.0},{"not_picked":["Sword Boomerang","Armaments","Searing Blow"],"picked":"SKIP","floor":8.0},{"not_picked":["Anger","Feed","Clothesline"],"picked":"SKIP","floor":11},{"not_picked":["Infernal Blade","Thunderclap","Clothesline"],"picked":"SKIP","floor":12},{"not_picked":["True Grit","Wild Strike","Seeing Red"],"picked":"SKIP","floor":13},{"not_picked":["Berserk","Demon Form"],"picked":"Offering","floor":16}],"player_experience":861521,"relics_obtained":[{"floor":7.0,"key":"Pen Nib"},{"floor":9.0,"key":"Art of War"}],"event_choices":[{"damage_healed":0.0,"max_hp_gain":5.0,"max_hp_loss":0.0,"gold_gain":0.0,"event_name":"Big Fish","player_choice":"Donut","floor":2.0,"gold_loss":0.0,"damage_taken":0.0},{"damage_healed":0.0,"max_hp_gain":0.0,"max_hp_loss":0.0,"gold_gain":0.0,"event_name":"The Woman in Blue","player_choice":"Bought 0 Potions","floor":3.0,"gold_loss":0.0,"damage_taken":0.0}],"is_beta":false,"boss_relics":[{"not_picked":["Black Blood","Runic Dome"],"picked":"Lizard Tail"}],"items_purged_floors":[14],"is_endless":false,"potions_floor_spawned":[5,7],"killed_by":"3 Byrds","ascension_level":20}