{"gold_per_floor":[99,99,99,99,99,99,99,99,99,99,15,15,15,15,15,15,15,15,15,15,15,15,15,15,15],"floor_reached":25,"playtime":589,"items_purged":[],"score":371,"play_id":"8b798783-dfaf-4bd4-9512-7b9cef7a3ed8","local_time":"20181031114233","is_ascension_mode":true,"campfire_choices":[{"data":"Loop","floor":6,"key":"SMITH"},{"data":"Redo","floor":8,"key":"SMITH"},{"data":"Zap","floor":10,"key":"SMITH"},{"data":"Dualcast","floor":12,"key":"SMITH"},{"floor":15,"key":"REST"},{"floor":23,"key":"REST"}],"neow_cost":"NONE","seed_source_timestamp":265073184654977,"circlet_count":0,"master_deck":["Strike_B","Strike_B+1","Strike_B","Defend_B","Defend_B","Defend_B","Defend_B","Zap+1","Dualcast+1","AscendersBane","Ball Lightning+1","Loop+1","Redo+1","BootSequence","Ball Lightning","Tempest","Seek","Consume","Defragment","Conserve Battery","Turbo"],"relics":["Ectoplasm","Art of War","Inserter","Bag of Preparation"],"potions_floor_usage":[4,16,16,25,25],"damage_taken":[{"damage":2,"enemies":"Cultist","floor":1,"turns":4},{"damage":0,"enemies":"Jaw Worm","floor":2,"turns":3},{"damage":2,"enemies":"2 Louse","floor":3,"turns":3},{"damage":1,"enemies":"Blue Slaver","floor":4,"turns":3},{"damage":9,"enemies":"2 Fungi Beasts","floor":5,"turns":3},{"damage":8,"enemies":"Gremlin Gang","floor":7,"turns":6},{"damage":24,"enemies":"Hexaghost","floor":16,"turns":7},{"damage":26,"enemies":"3 Byrds","floor":18,"turns":3},{"damage":20,"enemies":"Chosen","floor":19,"turns":4},{"damage":8,"enemies":"Centurion and Healer","floor":21,"turns":4},{"damage":10,"enemies":"Snecko","floor":24,"turns":4},{"damage":23,"enemies":"3 Cultists","floor":25,"turns":3}],"seed_played":"4190744128447901284","potions_obtained":[{"floor":1,"key":"Block Potion"},{"floor":4,"key":"Poison Potion"},{"floor":5,"key":"FearPotion"},{"floor":18,"key":"FocusPotion"},{"floor":24,"key":"SkillPotion"}],"is_trial":false,"path_per_floor":["M","M","M","M","M","R","M","R","T","R","$","R","?","?","R","B",null,"M","M","?","M","?","R","M","M"],"character_chosen":"DEFECT","items_purchased":["Tempest"],"campfire_rested":2,"item_purchase_floors":[11],"current_hp_per_floor":[62,62,60,59,50,50,42,42,42,42,42,42,21,14,35,11,56,30,10,10,2,2,23,13,0],"gold":15,"neow_bonus":"BOSS_RELIC","is_prod":false,"is_daily":false,"chose_seed":false,"campfire_upgraded":4,"win_rate":0,"timestamp":1540982553,"path_taken":["M","M","M","?","M","R","M","R","T","R","$","R","?","?","R","BOSS","M","M","?","M","?","R","?","M"],"build_version":"2018-10-30","purchased_purges":0,"victory":false,"max_hp_per_floor":[71,71,71,71,71,71,71,71,71,71,71,71,71,71,71,71,71,71,71,71,71,71,71,71,71],"card_choices":[{"not_picked":["Tempest","Gash"],"picked":"Ball Lightning","floor":1},{"not_picked":["Turbo","Barrage"],"picked":"Loop","floor":2},{"not_picked":["Heatsinks","Hello World"],"picked":"Redo","floor":3},{"not_picked":["Cold Snap","Recycle","FTL"],"picked":"SKIP","floor":4},{"not_picked":["Stack","Beam Cell"],"picked":"BootSequence","floor":5},{"not_picked":["Beam Cell","Go for the Eyes"],"picked":"Ball Lightning","floor":7},{"not_picked":["Machine Learning","Core Surge"],"picked":"Seek","floor":16},{"not_picked":["FTL+1","Barrage+1"],"picked":"Consume","floor":18},{"not_picked":["Conserve Battery","Recycle"],"picked":"Defragment","floor":19},{"not_picked":["Beam Cell","Double Energy"],"picked":"Conserve Battery","floor":21},{"not_picked":["Beam Cell+1","Barrage"],"picked":"Turbo","floor":24}],"player_experience":727701,"relics_obtained":[{"floor":9,"key":"Art of War"},{"floor":22,"key":"Bag of Preparation"}],"event_choices":[{"damage_healed":0,"gold_gain":0,"player_choice":"Entered Light","damage_taken":21,"max_hp_gain":0,"max_hp_loss":0,"event_name":"Shining Light","floor":13,"gold_loss":0,"cards_upgraded":["Strike_B","Ball Lightning"]},{"cards_removed":["Strike_B"],"damage_healed":0,"gold_gain":0,"player_choice":"Card Removal","damage_taken":7,"max_hp_gain":0,"max_hp_loss":0,"event_name":"Golden Wing","floor":14,"gold_loss":0},{"damage_healed":0,"gold_gain":0,"player_choice":"Relic","damage_taken":0,"max_hp_gain":0,"max_hp_loss":0,"event_name":"Wheel of Change","floor":22,"gold_loss":0}],"is_beta":true,"boss_relics":[{"not_picked":["Nuclear Battery","Lizard Tail"],"picked":"Inserter"}],"items_purged_floors":[],"is_endless":false,"potions_floor_spawned":[1,4,5,18,24],"killed_by":"3 Cultists","ascension_level":18}