{"gold_per_floor":[118,135,60,72,86,112,112,175,198,212,212,230,265,278,278,373,403,415,433,446,466,153,181,181],"floor_reached":24,"playtime":1700,"items_purged":["Defend_R","Strike_R"],"score":292,"play_id":"4bdd8196-6a1f-45ac-add6-cb95b441a535","local_time":"20180705091523","is_ascension_mode":false,"campfire_choices":[{"data":"1","floor":7,"key":"LIFT"},{"floor":11,"key":"REST"},{"data":"2","floor":15,"key":"LIFT"}],"neow_cost":"","seed_source_timestamp":631542643888,"circlet_count":0,"master_deck":["Strike_R+1","Strike_R","Strike_R","Strike_R","Defend_R","Defend_R+1","Defend_R","Bash","Combust","Iron Wave","Spot Weakness+1","Blood for Blood","Heavy Blade","Headbutt","Sword Boomerang","Blood for Blood","Twin Strike","Thunderclap","Exhume","Burning Pact","Dropkick+1","Flex","Spot Weakness","Clash+1","Apotheosis","Twin Strike","Offering"],"relics":["Burning Blood","Girya","Tiny Chest","War Paint","Blood Vial","Tiny House","Letter Opener"],"potions_floor_usage":[8,14,18,18,19,21,24],"damage_taken":[{"damage":1,"enemies":"Cultist","floor":1,"turns":3},{"damage":2,"enemies":"Small Slimes","floor":2,"turns":4},{"damage":4,"enemies":"Jaw Worm","floor":4,"turns":4},{"damage":8,"enemies":"2 Fungi Beasts","floor":5,"turns":4},{"damage":22,"enemies":"3 Sentries","floor":6,"turns":5},{"damage":21,"enemies":"Lagavulin","floor":8,"turns":4},{"damage":16,"enemies":"Exordium Thugs","floor":10,"turns":3},{"damage":0,"enemies":"3 Louse","floor":12,"turns":2},{"damage":9,"enemies":"Gremlin Nob","floor":13,"turns":3},{"damage":0,"enemies":"Looter","floor":14,"turns":3},{"damage":4,"enemies":"Slime Boss","floor":16,"turns":5},{"damage":12,"enemies":"Shell Parasite","floor":18,"turns":3},{"damage":10,"enemies":"2 Thieves","floor":19,"turns":2},{"damage":34,"enemies":"Centurion and Healer","floor":20,"turns":5},{"damage":21,"enemies":"Snake Plant","floor":21,"turns":3},{"damage":35,"enemies":"Book of Stabbing","floor":23,"turns":4},{"damage":16,"enemies":"3 Cultists","floor":24,"turns":3}],"seed_played":"-9099045371196150245","potions_obtained":[{"floor":1,"key":"Ancient Potion"},{"floor":6,"key":"SkillPotion"},{"floor":13,"key":"Block Potion"},{"floor":16,"key":"SkillPotion"},{"floor":17,"key":"SteroidPotion"},{"floor":18,"key":"AttackPotion"},{"floor":20,"key":"AttackPotion"},{"floor":23,"key":"PowerPotion"}],"is_trial":false,"path_per_floor":["M","M","$","M","M","E","R","E","T","M","R","M","E","M","R","B",null,"M","M","M","M","$","E"],"character_chosen":"IRONCLAD","items_purchased":["Apotheosis","Twin Strike"],"campfire_rested":1,"item_purchase_floors":[22,22],"current_hp_per_floor":[80,80,80,80,78,62,62,47,47,37,61,67,64,72,72,76,85,79,77,51,38,38,11,0],"gold":181,"neow_bonus":"","is_prod":false,"is_daily":false,"chose_seed":false,"campfire_upgraded":0,"win_rate":0,"timestamp":1530753323,"path_taken":["M","M","$","M","M","E","R","E","T","M","R","M","E","M","R","BOSS","M","M","M","M","?","E","M"],"build_version":"2018-06-28","purchased_purges":2,"victory":false,"max_hp_per_floor":[80,80,80,80,80,80,80,80,80,80,80,80,80,80,80,80,85,85,85,85,85,85,85,85],"card_choices":[{"not_picked":["Hemokinesis","Rage"],"picked":"Combust","floor":1},{"not_picked":["Flame Barrier","Warcry"],"picked":"Iron Wave","floor":2},{"not_picked":["Wild Strike","Flex"],"picked":"Spot Weakness","floor":4},{"not_picked":["Body Slam","Pommel Strike"],"picked":"Blood for Blood","floor":5},{"not_picked":["Anger","Shockwave"],"picked":"Heavy Blade","floor":6},{"not_picked":["Clothesline","Second Wind"],"picked":"Headbutt","floor":8},{"not_picked":["Carnage","Havoc"],"picked":"Sword Boomerang","floor":10},{"not_picked":["Shockwave","Double Tap"],"picked":"Blood for Blood","floor":12},{"not_picked":["Dark Embrace","Combust"],"picked":"Twin Strike","floor":13},{"not_picked":["Shrug It Off","Pommel Strike"],"picked":"Thunderclap","floor":14},{"not_picked":["Bludgeon","Juggernaut"],"picked":"Exhume","floor":16},{"not_picked":["Searing Blow","Power Through"],"picked":"Burning Pact","floor":17},{"not_picked":["Metallicize","Perfected Strike+1"],"picked":"Dropkick+1","floor":18},{"not_picked":["Second Wind","Anger+1"],"picked":"Flex","floor":19},{"not_picked":["Clothesline+1","Whirlwind"],"picked":"Spot Weakness","floor":20},{"not_picked":["Fire Breathing+1","Inflame"],"picked":"Clash+1","floor":21},{"not_picked":["Havoc","Warcry"],"picked":"Offering","floor":23}],"player_experience":71853,"relics_obtained":[{"floor":6,"key":"Girya"},{"floor":8,"key":"Tiny Chest"},{"floor":9,"key":"War Paint"},{"floor":13,"key":"Blood Vial"},{"floor":23,"key":"Letter Opener"}],"event_choices":[],"boss_relics":[{"not_picked":["Cursed Key","Philosopher\u0027s Stone"],"picked":"Tiny House"}],"items_purged_floors":[3,22],"is_endless":false,"potions_floor_spawned":[1,6,13,16,18,20,23],"killed_by":"3 Cultists","ascension_level":0}