{"gold_per_floor":[114,132,144,158,172,172,229,229,303,323,48,48,68,87,87,87],"floor_reached":16,"playtime":293,"items_purged":["Defend_R"],"score":131,"play_id":"4f2ad6ed-623c-45c2-9938-293e439987ea","local_time":"20181029175512","is_ascension_mode":false,"campfire_choices":[{"data":"Flex","floor":6,"key":"SMITH"},{"data":"Heavy Blade","floor":15,"key":"SMITH"}],"neow_cost":"NONE","seed_source_timestamp":114925470269767,"circlet_count":0,"master_deck":["Strike_R","Strike_R","Strike_R","Strike_R","Strike_R","Defend_R","Defend_R","Bash","Pommel Strike","Cleave","Perfected Strike","Flex+1","Flex","Flex","Heavy Blade+1","Battle Trance"],"relics":["Burning Blood","Tiny Chest","Gremlin Horn","Paper Frog","Lee\u0027s Waffle"],"potions_floor_usage":[],"damage_taken":[{"damage":1,"enemies":"Cultist","floor":1,"turns":3},{"damage":6,"enemies":"Jaw Worm","floor":2,"turns":3},{"damage":7,"enemies":"Small Slimes","floor":3,"turns":3},{"damage":10,"enemies":"2 Fungi Beasts","floor":4,"turns":4},{"damage":21,"enemies":"Large Slime","floor":5,"turns":4},{"damage":31,"enemies":"Lagavulin","floor":7,"turns":4},{"damage":0,"enemies":"Lots of Slimes","floor":10,"turns":2},{"damage":7,"enemies":"Blue Slaver","floor":13,"turns":2},{"damage":0,"enemies":"Exordium Thugs","floor":14,"turns":3},{"damage":67,"enemies":"Hexaghost","floor":16,"turns":7}],"seed_played":"-6900825080932787980","potions_obtained":[{"floor":2,"key":"SpeedPotion"},{"floor":5,"key":"Explosive Potion"},{"floor":13,"key":"Explosive Potion"}],"is_trial":false,"path_per_floor":["M","M","M","M","M","R","E","T","T","M","$","?","M","M","R"],"character_chosen":"IRONCLAD","items_purchased":["Lee\u0027s Waffle"],"campfire_rested":0,"item_purchase_floors":[11],"current_hp_per_floor":[88,88,87,83,68,68,43,43,43,49,95,88,87,93,93,26],"gold":87,"neow_bonus":"TEN_PERCENT_HP_BONUS","is_prod":false,"is_daily":false,"chose_seed":false,"campfire_upgraded":2,"win_rate":0,"timestamp":1540832112,"path_taken":["M","M","M","M","M","R","E","?","T","M","$","?","?","M","R","BOSS"],"build_version":"2018-10-25v2","purchased_purges":1,"victory":false,"max_hp_per_floor":[88,88,88,88,88,88,88,88,88,88,95,95,95,95,95,95],"card_choices":[{"not_picked":["Sword Boomerang","Combust"],"picked":"Pommel Strike","floor":1},{"not_picked":["Fire Breathing","Havoc"],"picked":"Cleave","floor":2},{"not_picked":["Armaments","Headbutt"],"picked":"Perfected Strike","floor":3},{"not_picked":["Shrug It Off","Rampage"],"picked":"Flex","floor":4},{"not_picked":["Brutality","Wild Strike"],"picked":"Flex","floor":5},{"not_picked":["Clothesline","Dual Wield"],"picked":"Flex","floor":7},{"not_picked":["Havoc","Clothesline","Flame Barrier"],"picked":"SKIP","floor":10},{"not_picked":["Havoc","Anger"],"picked":"Heavy Blade","floor":13},{"not_picked":["Rampage","Metallicize"],"picked":"Battle Trance","floor":14}],"player_experience":720402,"relics_obtained":[{"floor":7,"key":"Tiny Chest"},{"floor":8,"key":"Gremlin Horn"},{"floor":9,"key":"Paper Frog"}],"event_choices":[{"cards_removed":["Defend_R"],"damage_healed":0,"gold_gain":0,"player_choice":"Card Removal","damage_taken":7,"max_hp_gain":0,"max_hp_loss":0,"event_name":"Golden Wing","floor":12,"gold_loss":0}],"is_beta":true,"boss_relics":[],"items_purged_floors":[11],"is_endless":false,"potions_floor_spawned":[2,5,13],"killed_by":"Hexaghost","ascension_level":0}