{"gold_per_floor":[114,127,138,150,150,150,150,191,242,267,267],"floor_reached":11,"playtime":214,"items_purged":[],"score":131,"play_id":"ced023f0-e061-46cc-bbc3-9b5ffc458003","local_time":"20181001201444","is_ascension_mode":true,"campfire_choices":[{"data":"Immolate","floor":6.0,"key":"SMITH"}],"neow_cost":"NONE","seed_source_timestamp":33355671309012,"circlet_count":0,"master_deck":["Strike_R","Strike_R","Strike_R","Strike_R","Strike_R","Defend_R","Defend_R","Defend_R","Defend_R","Bash+1","AscendersBane","Pummel","Sword Boomerang","Immolate+1","Twin Strike"],"special_seed":0,"relics":["Burning Blood","Sundial","Golden Idol","Smiling Mask","Juzu Bracelet"],"potions_floor_usage":[10],"damage_taken":[{"damage":2.0,"enemies":"Jaw Worm","floor":1.0,"turns":3.0},{"damage":1.0,"enemies":"Cultist","floor":2.0,"turns":3.0},{"damage":10.0,"enemies":"2 Louse","floor":3.0,"turns":2.0},{"damage":7.0,"enemies":"Looter","floor":4.0,"turns":3.0},{"damage":40.0,"enemies":"Lagavulin","floor":8.0,"turns":7.0},{"damage":9,"enemies":"Lots of Slimes","floor":10,"turns":2},{"damage":0,"enemies":"Lagavulin Event","floor":11,"turns":1}],"seed_played":"-4521806945892917823","potions_obtained":[{"floor":2.0,"key":"Dexterity Potion"},{"floor":4.0,"key":"EssenceOfSteel"},{"floor":8.0,"key":"Fire Potion"}],"is_trial":false,"path_per_floor":["M","M","M","M","?","R","?","E","T","M"],"character_chosen":"IRONCLAD","items_purchased":[],"campfire_rested":0,"item_purchase_floors":[],"current_hp_per_floor":[72,75,71,70,70,70,44,10,10,7,7],"gold":267,"neow_bonus":"UPGRADE_CARD","is_prod":false,"is_daily":false,"chose_seed":false,"campfire_upgraded":1,"win_rate":0,"timestamp":1538417684,"path_taken":["M","M","M","M","?","R","?","E","T","M","?"],"build_version":"2018-09-27","purchased_purges":0,"victory":false,"max_hp_per_floor":[75,75,75,75,75,75,75,75,75,75,75],"card_choices":[{"not_picked":["Body Slam","Wild Strike"],"picked":"Pummel","floor":1.0},{"not_picked":["Flame Barrier","Blood for Blood"],"picked":"Sword Boomerang","floor":2.0},{"not_picked":["True Grit","Thunderclap"],"picked":"Immolate","floor":3.0},{"not_picked":["Wild Strike","Corruption","Combust"],"picked":"SKIP","floor":4.0},{"not_picked":["Fire Breathing","Shockwave"],"picked":"Twin Strike","floor":8.0},{"not_picked":["Sword Boomerang","Clash","Cleave"],"picked":"SKIP","floor":10}],"player_experience":656526,"relics_obtained":[{"floor":8.0,"key":"Smiling Mask"},{"floor":9.0,"key":"Juzu Bracelet"}],"event_choices":[{"event_name":"WeMeetAgain","player_choice":"Potion","floor":5.0,"damage_taken":0.0},{"event_name":"Golden Idol","player_choice":"Take Damage","floor":7.0,"damage_taken":0.0},{"event_name":"Dead Adventurer","player_choice":"Searched \u00271\u0027 times","floor":11,"damage_taken":0}],"is_beta":true,"boss_relics":[],"items_purged_floors":[],"is_endless":false,"potions_floor_spawned":[2,4,8,11],"killed_by":"Lagavulin Event","ascension_level":15}