{"gold_per_floor":[112,122,141,34,50,50,76,88,112,122,122,136,136,153,153,227,227,240,240,515,218,218,218,245,264,287,287,298,298,325,340,340,412,412,422,440,455,509,509,541,541,551,574,474,474,474,92,107,107,107],"floor_reached":51,"playtime":2093,"items_purged":["Regret","Strike_B","Strike_B"],"score":1246,"play_id":"e65d6e3a-6152-4963-8474-966257b30cd2","local_time":"20180903234816","is_ascension_mode":true,"campfire_choices":[{"data":"Defragment","floor":6.0,"key":"SMITH"},{"floor":11.0,"key":"REST"},{"floor":15.0,"key":"REST"},{"floor":23.0,"key":"REST"},{"floor":29.0,"key":"REST"},{"floor":32.0,"key":"REST"},{"floor":41.0,"key":"REST"},{"floor":49.0,"key":"REST"}],"neow_cost":"PERCENT_DAMAGE","seed_source_timestamp":38076189034073,"circlet_count":0,"master_deck":["Strike_B","Strike_B","Defend_B","Defend_B","Defend_B","Defend_B","Zap","Dualcast","AscendersBane","Sweeping Beam","Defragment+1","Sunder","Coolheaded","Conserve Battery","Auto Shields","Cold Snap","White Noise","Defragment","Glacier","Electrodynamics","Blizzard","Hologram+1","Compile Driver+1","Necronomicurse","Ball Lightning+1","Glacier","Conserve Battery","Seek","Loop","Defragment","Loop","Double Energy+1","Force Field"],"special_seed":0,"relics":["Cracked Core","Lantern","Vajra","Fusion Hammer","Bag of Preparation","Cables","Ancient Tea Set","Potion Belt","Necronomicon","Bronze Scales","White Beast Statue","Torii","Centennial Puzzle","Bird Faced Urn","Art of War","Incense Burner","Toy Ornithopter"],"potions_floor_usage":[50,50],"damage_taken":[{"damage":1.0,"enemies":"Cultist","floor":1.0,"turns":3.0},{"damage":4.0,"enemies":"2 Louse","floor":2.0,"turns":3.0},{"damage":0.0,"enemies":"Small Slimes","floor":3.0,"turns":2.0},{"damage":2.0,"enemies":"2 Fungi Beasts","floor":5.0,"turns":4.0},{"damage":25.0,"enemies":"Gremlin Nob","floor":7.0,"turns":4.0},{"damage":0.0,"enemies":"Lots of Slimes","floor":8.0,"turns":1.0},{"damage":7.0,"enemies":"Red Slaver","floor":10.0,"turns":3.0},{"damage":17.0,"enemies":"Exordium Wildlife","floor":12.0,"turns":4.0},{"damage":14.0,"enemies":"Lots of Slimes","floor":14.0,"turns":2.0},{"damage":4.0,"enemies":"Hexaghost","floor":16.0,"turns":11.0},{"damage":17.0,"enemies":"Spheric Guardian","floor":18.0,"turns":4.0},{"damage":26.0,"enemies":"Book of Stabbing","floor":24.0,"turns":5.0},{"damage":2.0,"enemies":"Shell Parasite","floor":25.0,"turns":6.0},{"damage":0.0,"enemies":"Cultist and Chosen","floor":28.0,"turns":7.0},{"damage":27.0,"enemies":"Gremlin Leader","floor":30.0,"turns":6.0},{"damage":4.0,"enemies":"Snake Plant","floor":31.0,"turns":3.0},{"damage":20.0,"enemies":"Champ","floor":33.0,"turns":11.0},{"damage":6.0,"enemies":"3 Shapes","floor":35.0,"turns":3.0},{"damage":14.0,"enemies":"3 Darklings","floor":36.0,"turns":3.0},{"damage":11.0,"enemies":"Sphere and 2 Shapes","floor":37.0,"turns":5.0},{"damage":8.0,"enemies":"Mysterious Sphere","floor":38.0,"turns":4.0},{"damage":16.0,"enemies":"Giant Head","floor":40.0,"turns":12.0},{"damage":11.0,"enemies":"Transient","floor":42.0,"turns":5.0},{"damage":1.0,"enemies":"Mind Bloom Boss Battle","floor":45.0,"turns":6.0},{"damage":13.0,"enemies":"Reptomancer","floor":48.0,"turns":4.0},{"damage":34,"enemies":"Awakened One","floor":50,"turns":13}],"seed_played":"2797569873647568767","potions_obtained":[{"floor":5.0,"key":"Explosive Potion"},{"floor":8.0,"key":"Poison Potion"},{"floor":10.0,"key":"SteroidPotion"},{"floor":12.0,"key":"Fruit Juice"},{"floor":14.0,"key":"LiquidBronze"},{"floor":18.0,"key":"Block Potion"},{"floor":19.0,"key":"SneckoOil"},{"floor":28.0,"key":"Dexterity Potion"},{"floor":31.0,"key":"FairyPotion"},{"floor":33.0,"key":"Poison Potion"},{"floor":35.0,"key":"Swift Potion"},{"floor":36.0,"key":"GamblersBrew"},{"floor":37.0,"key":"SpeedPotion"},{"floor":38.0,"key":"Explosive Potion"},{"floor":40.0,"key":"FearPotion"},{"floor":42.0,"key":"SmokeBomb"},{"floor":45.0,"key":"SpeedPotion"},{"floor":48.0,"key":"FocusPotion"}],"is_trial":false,"path_per_floor":["M","M","M","$","M","R","E","M","T","M","R","M","?","M","R","B",null,"M","?","?","$","T","R","E","M","T","?","M","R","E","M","R","B",null,"M","M","M","?","?","E","R","M","T","$","?","?","$","M","R","B"],"character_chosen":"DEFECT","items_purchased":["Coolheaded","Conserve Battery","Static Discharge","Bag of Preparation","Toy Ornithopter","Weak Potion"],"campfire_rested":7,"item_purchase_floors":[4,4,21,21,47,47],"current_hp_per_floor":[56,52,52,52,50,50,25,25,25,18,43,31,31,17,44,40,78,61,61,61,61,61,88,62,60,60,39,39,66,39,35,62,42,78,72,58,47,39,39,23,50,53,53,53,72,72,72,73,90,62],"gold":107,"neow_bonus":"TWENTY_PERCENT_HP_BONUS","is_prod":false,"is_daily":false,"chose_seed":false,"campfire_upgraded":1,"win_rate":0,"timestamp":1536011296,"path_taken":["M","M","M","$","M","R","E","M","T","M","R","M","?","M","R","BOSS","M","?","?","$","?","R","E","M","T","?","M","R","E","M","R","BOSS","M","M","M","?","?","E","R","M","T","$","?","?","$","?","R","BOSS"],"build_version":"2018-08-30","purchased_purges":3,"victory":true,"max_hp_per_floor":[85,85,85,85,85,85,85,85,85,85,85,90,90,90,90,90,90,90,90,90,90,90,90,90,90,90,90,90,90,90,90,90,90,90,90,90,90,90,90,90,90,90,90,90,90,90,90,90,90,90],"card_choices":[{"not_picked":["Turbo","Stack"],"picked":"Sweeping Beam","floor":1.0},{"not_picked":["Coolheaded","Sweeping Beam"],"picked":"Defragment","floor":2.0},{"not_picked":["Aggregate","Blizzard"],"picked":"Sunder","floor":3.0},{"not_picked":["Redo","Turbo","Doom and Gloom"],"picked":"SKIP","floor":5.0},{"not_picked":["Reinforced Body","Hologram"],"picked":"Auto Shields","floor":7.0},{"not_picked":["Chaos","Go for the Eyes"],"picked":"Cold Snap","floor":8.0},{"not_picked":["Consume","Defragment"],"picked":"White Noise","floor":10.0},{"not_picked":["Steam Power","Hello World"],"picked":"Defragment","floor":12.0},{"not_picked":["Rip and Tear","Consume"],"picked":"Glacier","floor":14.0},{"not_picked":["Seek","Meteor Strike"],"picked":"Electrodynamics","floor":16.0},{"not_picked":["Aggregate","Rebound"],"picked":"Blizzard","floor":18.0},{"not_picked":["Barrage","Turbo"],"picked":"Hologram+1","floor":24.0},{"not_picked":["Turbo","Leap"],"picked":"Compile Driver+1","floor":25.0},{"not_picked":["Barrage","Turbo"],"picked":"Ball Lightning+1","floor":28.0},{"not_picked":["Conserve Battery+1","Hologram+1"],"picked":"Glacier","floor":30.0},{"not_picked":["Fission","Ball Lightning"],"picked":"Conserve Battery","floor":31.0},{"not_picked":["Electrodynamics","Rainbow"],"picked":"Seek","floor":33.0},{"not_picked":["Leap","Darkness"],"picked":"Loop","floor":35.0},{"not_picked":["Leap+1","Static Discharge"],"picked":"Defragment","floor":36.0},{"not_picked":["Redo","Rebound","Darkness"],"picked":"SKIP","floor":37.0},{"not_picked":["Reprogram+1","Redo"],"picked":"Loop","floor":38.0},{"not_picked":["Rebound","Gash+1","Go for the Eyes"],"picked":"SKIP","floor":40.0},{"not_picked":["Fission","Gash","Sweeping Beam"],"picked":"SKIP","floor":42.0},{"not_picked":["Heatsinks+1","Coolheaded"],"picked":"Double Energy+1","floor":45.0},{"not_picked":["Streamline","Darkness+1"],"picked":"Force Field","floor":48.0}],"player_experience":635202,"relics_obtained":[{"floor":7.0,"key":"Lantern"},{"floor":9.0,"key":"Vajra"},{"floor":22.0,"key":"Cables"},{"floor":24.0,"key":"Ancient Tea Set"},{"floor":26.0,"key":"Potion Belt"},{"floor":27.0,"key":"Necronomicon"},{"floor":30.0,"key":"Bronze Scales"},{"floor":38.0,"key":"Torii"},{"floor":40.0,"key":"Bird Faced Urn"},{"floor":43.0,"key":"Art of War"},{"floor":45.0,"key":"Incense Burner"}],"event_choices":[{"event_name":"Scrap Ooze","player_choice":"unsuccessful","floor":13.0,"damage_taken":0.0},{"event_name":"The Lab","player_choice":"Got Potions","floor":19.0,"damage_taken":0.0},{"event_name":"Golden Shrine","player_choice":"Desecrate","floor":20.0,"damage_taken":0.0},{"event_name":"Cursed Tome","player_choice":"Obtained Book","floor":27.0,"damage_taken":0.0},{"event_name":"Mysterious Sphere","player_choice":"Fight","floor":38.0,"damage_taken":0.0},{"event_name":"WeMeetAgain","player_choice":"Potion","floor":39.0,"damage_taken":0.0},{"event_name":"MindBloom","player_choice":"Fight","floor":45.0,"damage_taken":0.0},{"event_name":"Falling","player_choice":"Removed Power","floor":46.0,"damage_taken":0.0}],"is_beta":true,"boss_relics":[{"not_picked":["Pandora\u0027s Box","Runic Pyramid"],"picked":"Fusion Hammer"},{"not_picked":["Eternal Feather","Lizard Tail"],"picked":"White Beast Statue"}],"items_purged_floors":[21,44,47],"is_endless":false,"potions_floor_spawned":[5,8,10,12,14,18,28,31,33,35,36,37,38,40,42,45,48],"ascension_level":15}