{"gold_per_floor":[119,219,239,257,14,14,27,102,102,102,130,142,142,155,155,155],"floor_reached":16,"playtime":319,"items_purged":[],"score":204,"play_id":"ede73e27-2711-453e-9b59-1da17c8d77c7","local_time":"20181123184914","is_ascension_mode":true,"campfire_choices":[{"data":"Bouncing Flask","floor":6.0,"key":"SMITH"},{"data":"Bouncing Flask","floor":10.0,"key":"SMITH"},{"data":"Burst","floor":15.0,"key":"SMITH"}],"neow_cost":"NONE","seed_source_timestamp":287841127853206,"circlet_count":0,"master_deck":["AscendersBane","Defend_G","Defend_G","Defend_G","Defend_G","Defend_G","Strike_G","Strike_G","Strike_G","Strike_G","Strike_G","Survivor","Neutralize","Poisoned Stab","Bouncing Flask+1","Backflip","Bouncing Flask+1","Corpse Explosion","Dodge and Roll","Burst+1"],"special_seed":0,"relics":["Ring of the Snake","NeowsBlessing","Regal Pillow","Bottled Lightning","Meat on the Bone","Frozen Egg 2"],"potions_floor_usage":[],"damage_taken":[{"damage":0.0,"enemies":"2 Louse","floor":1.0,"turns":1.0},{"damage":0.0,"enemies":"Cultist","floor":3.0,"turns":1.0},{"damage":0.0,"enemies":"Jaw Worm","floor":4.0,"turns":1.0},{"damage":4.0,"enemies":"Blue Slaver","floor":7.0,"turns":3.0},{"damage":2.0,"enemies":"3 Sentries","floor":11.0,"turns":2.0},{"damage":0.0,"enemies":"3 Louse","floor":12.0,"turns":1.0},{"damage":1.0,"enemies":"2 Fungi Beasts","floor":14.0,"turns":3.0},{"damage":24,"enemies":"Slime Boss","floor":16,"turns":7}],"seed_played":"135720507714434968","potions_obtained":[{"floor":1.0,"key":"SkillPotion"},{"floor":7.0,"key":"FearPotion"},{"floor":14.0,"key":"FearPotion"}],"is_trial":false,"path_per_floor":["M","?","M","M","$","R","M","?","T","R","E","M","T","M","R","B"],"character_chosen":"THE_SILENT","items_purchased":["Bouncing Flask","Regal Pillow"],"campfire_rested":0,"item_purchase_floors":[5,5],"current_hp_per_floor":[59,59,59,59,59,59,55,44,44,44,42,42,42,41,41,17],"gold":155,"neow_bonus":"THREE_ENEMY_KILL","is_prod":false,"is_daily":false,"chose_seed":false,"campfire_upgraded":3,"win_rate":0,"timestamp":1542995354,"path_taken":["M","?","?","M","?","R","M","?","T","R","E","M","?","M","R","BOSS"],"build_version":"2018-11-15","purchased_purges":0,"victory":false,"max_hp_per_floor":[66,66,66,66,66,66,66,66,66,66,66,66,66,66,66,66],"card_choices":[{"not_picked":["Riddle With Holes","Tactician"],"picked":"Poisoned Stab","floor":1.0},{"not_picked":["Outmaneuver","Distraction"],"picked":"Bouncing Flask","floor":3.0},{"not_picked":["Dagger Throw","All Out Attack"],"picked":"Backflip","floor":4.0},{"not_picked":["Deadly Poison","Bane"],"picked":"Corpse Explosion","floor":7.0},{"not_picked":["Endless Agony","Dagger Throw"],"picked":"Dodge and Roll","floor":11.0},{"not_picked":["Backflip","Poisoned Stab"],"picked":"Burst","floor":12.0},{"not_picked":["Outmaneuver","Riddle With Holes","Prepared"],"picked":"SKIP","floor":14.0}],"player_experience":771948,"relics_obtained":[{"floor":9.0,"key":"Bottled Lightning"},{"floor":11.0,"key":"Meat on the Bone"},{"floor":13.0,"key":"Frozen Egg 2"}],"event_choices":[{"damage_healed":0.0,"max_hp_gain":0.0,"max_hp_loss":0.0,"gold_gain":100.0,"event_name":"Wheel of Change","player_choice":"Gold","floor":2.0,"gold_loss":0.0,"damage_taken":0.0},{"damage_healed":0.0,"max_hp_gain":0.0,"max_hp_loss":0.0,"gold_gain":75.0,"event_name":"World of Goop","player_choice":"Gather Gold","floor":8.0,"gold_loss":0.0,"damage_taken":11.0}],"is_beta":true,"boss_relics":[],"items_purged_floors":[],"is_endless":false,"potions_floor_spawned":[1,7,14],"killed_by":"Slime Boss","ascension_level":20}