{"gold_per_floor":[113,288,288,299,9,34,34,7,63,98,110,110,110,130,130,130],"floor_reached":16,"playtime":509,"items_purged":[],"score":133,"play_id":"37117921-bc4b-435f-855e-d90f13d925aa","local_time":"20190921153124","is_ascension_mode":false,"campfire_choices":[{"data":"Eruption","floor":7,"key":"SMITH"},{"floor":15,"key":"REST"}],"neow_cost":"NONE","seed_source_timestamp":5903896390933,"circlet_count":0,"master_deck":["Strike_P","Strike_P","Strike_P","Strike_P","Defend_P","Defend_P","Defend_P","Defend_P","Eruption+1","Vigilance","Prostrate","EmptyFist","Weave","JustLucky+1","Consecrate+1","DeusExMachina"],"relics":["PureWater","NeowsBlessing","Unceasing Top","Boot","Tiny Chest","Molten Egg 2","Bird Faced Urn","Incense Burner"],"potions_floor_usage":[16],"damage_taken":[{"damage":0,"enemies":"Jaw Worm","floor":1,"turns":1},{"damage":0,"enemies":"Small Slimes","floor":4,"turns":1},{"damage":0,"enemies":"Gremlin Nob","floor":6,"turns":1},{"damage":50,"enemies":"Lagavulin","floor":10,"turns":6},{"damage":0,"enemies":"Cultist","floor":11,"turns":3},{"damage":0,"enemies":"Red Slaver","floor":14,"turns":1},{"damage":40,"enemies":"The Guardian","floor":16,"turns":10}],"seed_played":"-5981698041907789448","potions_obtained":[{"floor":10,"key":"Explosive Potion"},{"floor":11,"key":"SkillPotion"}],"is_trial":false,"path_per_floor":["M","?","?","M","$","E","R","$","T","E","M","T","?","M","R","B"],"character_chosen":"WATCHER","items_purchased":["Unceasing Top","Weave"],"campfire_rested":1,"item_purchase_floors":[5,8],"current_hp_per_floor":[65,65,65,65,65,65,65,65,65,15,15,15,12,12,31,0],"gold":130,"neow_bonus":"THREE_ENEMY_KILL","is_prod":false,"is_daily":false,"chose_seed":false,"campfire_upgraded":1,"win_rate":0.0,"timestamp":1569047484,"path_taken":["M","?","?","M","$","E","R","?","T","E","M","?","?","M","R","BOSS"],"build_version":"2019-09-20","purchased_purges":0,"victory":false,"max_hp_per_floor":[65,65,65,65,65,65,65,65,65,65,65,65,65,65,65,65],"card_choices":[{"not_picked":["Crescendo","Sanctity"],"picked":"Prostrate","floor":1},{"not_picked":["SashWhip","ClearTheMind"],"picked":"EmptyFist","floor":4},{"not_picked":["ThirdEye","CrushJoints","EmptyBody"],"picked":"SKIP","floor":6},{"not_picked":["Alpha","Sanctity"],"picked":"JustLucky","floor":10},{"not_picked":["FlyingSleeves+1","ClearTheMind"],"picked":"Consecrate+1","floor":11},{"not_picked":["FlyingSleeves+1","JustLucky+1"],"picked":"DeusExMachina","floor":14}],"player_experience":506643,"relics_obtained":[{"floor":6,"key":"Boot"},{"floor":9,"key":"Tiny Chest"},{"floor":10,"key":"Molten Egg 2"},{"floor":12,"key":"Bird Faced Urn"}],"event_choices":[{"damage_healed":0,"gold_gain":175,"player_choice":"AGREE","damage_taken":0,"max_hp_gain":0,"max_hp_loss":0,"event_name":"Liars Game","floor":2,"gold_loss":0,"cards_obtained":["Doubt"]},{"cards_removed":["Doubt"],"damage_healed":0,"gold_gain":0,"player_choice":"Forget","damage_taken":0,"max_hp_gain":0,"max_hp_loss":0,"event_name":"Living Wall","floor":3,"gold_loss":0},{"damage_healed":0,"gold_gain":0,"player_choice":"Success","damage_taken":3,"relics_obtained":["Incense Burner"],"max_hp_gain":0,"max_hp_loss":0,"event_name":"Scrap Ooze","floor":13,"gold_loss":0}],"is_beta":true,"boss_relics":[],"items_purged_floors":[],"is_endless":false,"potions_floor_spawned":[10,11],"killed_by":"The Guardian","ascension_level":0}