{"gold_per_floor":[116,116,391,412,313,351,375,398,421,421,421,455,470,491,491,611,611,611,611,611,611,416,416,416,416,416,416,128,128,128,128,128,128,128,128,128,128,54,54,54,54,54,54,54,54,54,54,54,54,54,54,54,54,54,54],"floor_reached":55,"playtime":1234,"items_purged":["Regret","Defend_R","Defend_R"],"score":781,"play_id":"4739e476-f4d8-4cfb-8f73-1d4e8bb1ce85","local_time":"20191015203456","is_ascension_mode":false,"campfire_choices":[{"data":"Flex","floor":10,"key":"SMITH"},{"data":"Heavy Blade","floor":15,"key":"SMITH"},{"data":"Heavy Blade","floor":23,"key":"SMITH"},{"data":"Inflame","floor":27,"key":"SMITH"},{"data":"Immolate","floor":32,"key":"SMITH"},{"data":"Sword Boomerang","floor":42,"key":"SMITH"},{"floor":44,"key":"RECALL"},{"data":"Double Tap","floor":49,"key":"SMITH"},{"data":"Inflame","floor":52,"key":"SMITH"}],"neow_cost":"NONE","seed_source_timestamp":120896361514730,"circlet_count":0,"master_deck":["Strike_R","Strike_R","Strike_R","Strike_R","Bash","Sever Soul","Inflame+1","Cleave","Flex+1","Sword Boomerang+1","Heavy Blade+1","Inflame","Immolate+1","Thunderclap","Sever Soul","Heavy Blade+1","Inflame+1","Reaper","Feed","Flex+1","Flex+1","Flex+1","Double Tap+1"],"relics":["Burning Blood","NeowsBlessing","Golden Idol","Boot","Dream Catcher","Lantern","Ectoplasm","Membership Card","Blood Vial","Bottled Tornado","Brimstone","Orichalcum","Red Skull","Sozu","ClockworkSouvenir","Akabeko","Eternal Feather","Bronze Scales"],"potions_floor_usage":[12,24,50,50,50],"damage_taken":[{"damage":0,"enemies":"Jaw Worm","floor":1,"turns":1},{"damage":0,"enemies":"Cultist","floor":4,"turns":1},{"damage":0,"enemies":"Gremlin Nob","floor":6,"turns":1},{"damage":0,"enemies":"Small Slimes","floor":7,"turns":3},{"damage":11,"enemies":"Red Slaver","floor":8,"turns":5},{"damage":17,"enemies":"3 Sentries","floor":12,"turns":5},{"damage":6,"enemies":"Lots of Slimes","floor":13,"turns":2},{"damage":0,"enemies":"3 Louse","floor":14,"turns":2},{"damage":60,"enemies":"The Guardian","floor":16,"turns":8},{"damage":10,"enemies":"3 Byrds","floor":18,"turns":4},{"damage":12,"enemies":"Shell Parasite","floor":19,"turns":2},{"damage":0,"enemies":"3 Cultists","floor":21,"turns":1},{"damage":21,"enemies":"Slavers","floor":24,"turns":3},{"damage":28,"enemies":"Shelled Parasite and Fungi","floor":25,"turns":3},{"damage":0,"enemies":"Snecko","floor":29,"turns":2},{"damage":0,"enemies":"Snake Plant","floor":30,"turns":2},{"damage":16,"enemies":"Centurion and Healer","floor":31,"turns":2},{"damage":18,"enemies":"Collector","floor":33,"turns":4},{"damage":14,"enemies":"3 Darklings","floor":35,"turns":3},{"damage":0,"enemies":"3 Shapes","floor":37,"turns":1},{"damage":0,"enemies":"Spire Growth","floor":39,"turns":2},{"damage":18,"enemies":"Giant Head","floor":40,"turns":4},{"damage":0,"enemies":"Sphere and 2 Shapes","floor":45,"turns":2},{"damage":20,"enemies":"Jaw Worm Horde","floor":46,"turns":3},{"damage":48,"enemies":"Time Eater","floor":50,"turns":4},{"damage":25,"enemies":"Shield and Spear","floor":54,"turns":3},{"damage":138,"enemies":"The Heart","floor":55,"turns":3}],"seed_played":"-7149265471149867733","potions_obtained":[{"floor":1,"key":"EssenceOfSteel"},{"floor":7,"key":"DistilledChaos"},{"floor":12,"key":"Energy Potion"},{"floor":14,"key":"DistilledChaos"},{"floor":21,"key":"PowerPotion"},{"floor":24,"key":"FearPotion"},{"floor":25,"key":"Ancient Potion"}],"is_trial":false,"path_per_floor":["M","?","?","M","$","E","M","M","T","R","?","E","M","M","R","B",null,"M","M","?","M","$","R","E","M","T","R","$","M","M","M","R","B",null,"M","?","M","$","M","E","$","R","T","R","M","M","T","$","R","B",null,"R","$","E","B"],"character_chosen":"IRONCLAD","items_purchased":["Cleave","Membership Card","Brimstone","Orichalcum","Red Skull","ClockworkSouvenir"],"campfire_rested":0,"item_purchase_floors":[5,22,28,28,28,38],"current_hp_per_floor":[80,60,60,66,66,72,78,73,73,73,73,62,62,68,68,14,80,76,70,70,76,76,76,61,41,41,41,41,49,57,49,49,39,80,83,83,83,83,86,74,74,74,74,74,85,76,76,76,88,48,92,92,92,76,0],"gold":54,"neow_bonus":"THREE_ENEMY_KILL","is_prod":false,"is_daily":false,"chose_seed":false,"campfire_upgraded":8,"win_rate":0,"timestamp":1571164496,"path_taken":["M","?","?","?","$","E","M","M","T","R","?","E","M","M","R","BOSS","M","?","?","?","$","R","E","M","T","R","$","M","?","M","R","BOSS","M","?","M","$","M","E","$","R","T","R","M","?","?","$","R","BOSS","R","$","E","BOSS"],"build_version":"2019-10-14","purchased_purges":3,"victory":false,"max_hp_per_floor":[80,80,80,80,80,80,80,80,80,80,80,80,80,80,80,80,80,80,80,80,80,80,80,80,80,80,80,80,80,80,80,80,80,80,83,83,83,83,86,86,86,86,86,86,89,92,92,92,92,92,92,92,92,95,95],"card_choices":[{"not_picked":["Feel No Pain","Power Through"],"picked":"Sever Soul","floor":1},{"not_picked":["Corruption","Thunderclap"],"picked":"Inflame","floor":4},{"not_picked":["Dropkick","Pommel Strike"],"picked":"Flex","floor":6},{"not_picked":["Metallicize","Perfected Strike","Cleave"],"picked":"SKIP","floor":7},{"not_picked":["Shrug It Off","Anger"],"picked":"Sword Boomerang","floor":8},{"not_picked":["Corruption","Ghostly Armor","Dark Embrace"],"picked":"SKIP","floor":12},{"not_picked":["Headbutt","Perfected Strike"],"picked":"Heavy Blade","floor":13},{"not_picked":["Perfected Strike","Feel No Pain"],"picked":"Inflame","floor":14},{"not_picked":["Berserk","Exhume"],"picked":"Immolate","floor":16},{"not_picked":["Rupture+1","Burning Pact+1","Clash+1"],"picked":"SKIP","floor":18},{"not_picked":["Shrug It Off","Sword Boomerang"],"picked":"Thunderclap","floor":19},{"not_picked":["Wild Strike","Whirlwind"],"picked":"Heavy Blade","floor":21},{"not_picked":["Pommel Strike","Armaments"],"picked":"Inflame","floor":24},{"not_picked":["Second Wind","Wild Strike","Body Slam"],"picked":"SKIP","floor":25},{"not_picked":["Hemokinesis","Thunderclap","True Grit"],"picked":"SKIP","floor":29},{"not_picked":["Whirlwind+1","Dual Wield+1","Pommel Strike"],"picked":"SKIP","floor":30},{"not_picked":["Seeing Red","Dropkick"],"picked":"Reaper","floor":31},{"not_picked":["Juggernaut","Brutality"],"picked":"Feed","floor":33},{"not_picked":["Pommel Strike+1","True Grit+1"],"picked":"Flex+1","floor":35},{"not_picked":["Anger+1","Shrug It Off+1","Clash"],"picked":"SKIP","floor":37},{"not_picked":["Brutality","Headbutt+1"],"picked":"Flex+1","floor":39},{"not_picked":["Perfected Strike+1","Thunderclap+1"],"picked":"Flex+1","floor":40},{"not_picked":["Intimidate+1","Flex","Shrug It Off"],"picked":"SKIP","floor":45},{"not_picked":["True Grit+1","Twin Strike+1"],"picked":"Double Tap","floor":46},{"not_picked":["Sword Boomerang","Thunderclap","Burning Pact+1"],"picked":"SKIP","floor":54}],"player_experience":850301,"relics_obtained":[{"floor":6,"key":"Boot"},{"floor":9,"key":"Dream Catcher"},{"floor":12,"key":"Lantern"},{"floor":24,"key":"Blood Vial"},{"floor":26,"key":"Bottled Tornado"},{"floor":40,"key":"Akabeko"},{"floor":47,"key":"Eternal Feather"},{"floor":54,"key":"Bronze Scales"}],"event_choices":[{"damage_healed":0,"gold_gain":0,"player_choice":"Take Damage","damage_taken":20,"relics_obtained":["Golden Idol"],"max_hp_gain":0,"max_hp_loss":0,"event_name":"Golden Idol","floor":2,"gold_loss":0},{"damage_healed":0,"gold_gain":275,"player_choice":"Desecrate","damage_taken":0,"max_hp_gain":0,"max_hp_loss":0,"event_name":"Golden Shrine","floor":3,"gold_loss":0,"cards_obtained":["Regret"]},{"cards_removed":["Defend_R"],"damage_healed":0,"gold_gain":0,"player_choice":"Purged","damage_taken":0,"max_hp_gain":0,"max_hp_loss":0,"event_name":"Purifier","floor":11,"gold_loss":0},{"damage_healed":0,"gold_gain":0,"cards_transformed":["Defend_R"],"player_choice":"Transformed","damage_taken":0,"max_hp_gain":0,"max_hp_loss":0,"event_name":"Transmorgrifier","floor":20,"gold_loss":0,"cards_obtained":["Sever Soul"]},{"cards_removed":["Strike_R"],"damage_healed":0,"gold_gain":0,"player_choice":"Offered Basic","damage_taken":0,"max_hp_gain":0,"max_hp_loss":0,"event_name":"Bonfire Elementals","floor":36,"gold_loss":0}],"is_beta":true,"boss_relics":[{"not_picked":["Astrolabe","Calling Bell"],"picked":"Ectoplasm"},{"not_picked":["Velvet Choker","Runic Dome"],"picked":"Sozu"}],"items_purged_floors":[5,22,28],"is_endless":false,"potions_floor_spawned":[1,7,12,14,16,21,24,25,31,40,45,46],"killed_by":"The Heart","ascension_level":0}