{"path_per_floor":["M","M","M","?","M","R","E","$","T","?","R","M","M","M","R","B",null,"M","M","?","$","M","R","E","R","T","T","E","?"],"character_chosen":"DEFECT","items_purchased":["Bronze Scales","Capacitor","Kunai","Sweeping Beam"],"gold_per_floor":[112,122,134,134,145,145,178,8,54,154,154,171,185,195,195,293,293,310,324,324,34,52,52,83,83,83,83,116,0,0],"floor_reached":30,"campfire_rested":4,"playtime":1190,"current_hp_per_floor":[75,68,67,51,39,39,18,18,18,18,42,30,30,20,44,6,63,44,37,37,37,27,51,27,51,51,51,17,17,0],"items_purged":[],"gold":0,"score":351,"play_id":"695f45ae-aa03-49c1-aead-0a0eef87dcd6","local_time":"20180512003512","is_prod":false,"is_daily":false,"chose_seed":false,"is_ascension_mode":true,"campfire_upgraded":1,"timestamp":1526078112,"path_taken":["M","M","M","?","M","R","E","$","T","?","R","M","M","M","R","BOSS","M","M","?","$","M","R","E","R","T","?","E","?","E"],"build_version":"2018-05-10","seed_source_timestamp":132049609348240,"purchased_purges":1,"victory":false,"master_deck":["Strike_B","Strike_B+1","Strike_B","Strike_B","Defend_B","Defend_B+1","Defend_B","Defend_B","Zap+1","Dualcast","Gash","Leap","Beam Cell","Amplify","Ball Lightning","Capacitor","Leap","Storm","Darkness","Nova","Sweeping Beam","Cold Snap","Sweeping Beam","FTL","Reinforced Body","Pain","Parasite","Streamline+1"],"max_hp_per_floor":[82,82,82,82,82,82,82,82,82,82,82,82,82,82,82,82,82,82,82,82,82,82,82,82,82,82,82,82,82,82],"relics":["Cracked Core","Strawberry","Mercury Hourglass","Bronze Scales","Pen Nib","Cursed Key","Art of War","Kunai","Happy Flower","Smiling Mask","Shuriken","Bottled Flame"],"card_choices":[{"not_picked":["Axe Kick","Static Discharge"],"picked":"Gash","floor":1},{"not_picked":["Glacier","Conserve Battery"],"picked":"Leap","floor":2},{"not_picked":["Steam","Leap"],"picked":"Beam Cell","floor":3},{"not_picked":["Stack","Turbo"],"picked":"Amplify","floor":5},{"not_picked":["Rebound","Conserve Battery"],"picked":"Ball Lightning","floor":7},{"not_picked":["Turbo","Stack"],"picked":"Leap","floor":12},{"not_picked":["Barrage","Loop"],"picked":"Storm","floor":13},{"not_picked":["Barrage","Rip and Tear"],"picked":"Darkness","floor":14},{"not_picked":["Thunder Strike","Machine Learning"],"picked":"Nova","floor":16},{"not_picked":["Hologram","Chaos"],"picked":"Sweeping Beam","floor":18},{"not_picked":["Steam","Capacitor"],"picked":"Cold Snap","floor":19},{"not_picked":["Amplify","Steam"],"picked":"FTL","floor":22},{"not_picked":["Steam","Skim"],"picked":"Reinforced Body","floor":24},{"not_picked":["Tempest","Sweeping Beam"],"picked":"Streamline","floor":28}],"player_experience":128040,"potions_floor_usage":[7,13,16,22,22,24,28,30],"damage_taken":[{"damage":0,"enemies":"2 Louse","floor":1,"turns":2},{"damage":7,"enemies":"Jaw Worm","floor":2,"turns":4},{"damage":1,"enemies":"Cultist","floor":3,"turns":3},{"damage":12,"enemies":"Exordium Wildlife","floor":5,"turns":5},{"damage":21,"enemies":"Lagavulin","floor":7,"turns":5},{"damage":12,"enemies":"Exordium Thugs","floor":12,"turns":3},{"damage":0,"enemies":"Gremlin Gang","floor":13,"turns":2},{"damage":10,"enemies":"2 Fungi Beasts","floor":14,"turns":3},{"damage":38,"enemies":"Slime Boss","floor":16,"turns":8},{"damage":19,"enemies":"3 Byrds","floor":18,"turns":3},{"damage":7,"enemies":"Chosen","floor":19,"turns":4},{"damage":10,"enemies":"Slaver and Parasite","floor":22,"turns":5},{"damage":24,"enemies":"Book of Stabbing","floor":24,"turns":6},{"damage":34,"enemies":"Slavers","floor":28,"turns":3},{"damage":21,"enemies":"Gremlin Leader","floor":30,"turns":3}],"event_choices":[{"event_name":"Shining Light","player_choice":"Entered Light","floor":4,"damage_taken":0},{"event_name":"Golden Shrine","player_choice":"Pray","floor":10,"damage_taken":0},{"event_name":"Accursed Blacksmith","player_choice":"Rummage","floor":20,"damage_taken":0}],"boss_relics":[{"not_picked":["Inserter","Philosopher\u0027s Stone"],"picked":"Cursed Key"}],"potions_floor_spawned":[2,3,7,13,19,22,24,28],"seed_played":"-6281539223498811950","killed_by":"Gremlin Leader","ascension_level":6,"is_trial":false}