{"gold_per_floor":[118,138,158,177,177,208,37,37,113,146,96,110,110,110],"floor_reached":14,"playtime":490,"items_purged":["Strike_R"],"score":175,"play_id":"640295ad-bdb4-4c4c-a98b-606139021e43","local_time":"20180729023324","daily_mods":["Heirloom","Specialized","Elite Swarm","Uncertain Future"],"is_ascension_mode":false,"campfire_choices":[{"data":"Rampage","floor":8,"key":"SMITH"},{"data":"Havoc","floor":13,"key":"SMITH"}],"neow_cost":"","seed_source_timestamp":15804620789295,"circlet_count":0,"master_deck":["Strike_R","Strike_R","Strike_R","Strike_R+1","Defend_R","Defend_R","Defend_R","Defend_R","Bash","Double Tap","Double Tap","Double Tap","Double Tap","Double Tap","Rampage+1","Impervious","Sever Soul+1","Sword Boomerang","True Grit","Havoc+1"],"relics":["Burning Blood","Champion Belt","Ginger","Gremlin Horn","Whetstone"],"potions_floor_usage":[],"damage_taken":[{"damage":12,"enemies":"Jaw Worm","floor":1,"turns":4},{"damage":5,"enemies":"2 Louse","floor":2,"turns":2},{"damage":10,"enemies":"Cultist","floor":3,"turns":5},{"damage":16,"enemies":"Exordium Wildlife","floor":4,"turns":4},{"damage":26,"enemies":"Lagavulin","floor":6,"turns":5},{"damage":33,"enemies":"Gremlin Nob","floor":10,"turns":5},{"damage":14,"enemies":"Exordium Thugs","floor":12,"turns":5},{"damage":13,"enemies":"Lagavulin","floor":14,"turns":2}],"seed_played":"-1053137729010471197","potions_obtained":[{"floor":4,"key":"Strength Potion"},{"floor":6,"key":"BloodPotion"}],"is_trial":true,"path_per_floor":["M","M","M","M","?","E","$","R","T","E","$","M","R"],"character_chosen":"IRONCLAD","items_purchased":["Sever Soul","Sword Boomerang","True Grit"],"campfire_rested":0,"item_purchase_floors":[7,7,11],"current_hp_per_floor":[74,75,71,61,66,46,46,46,46,19,19,11,11,0],"gold":110,"neow_bonus":"","is_prod":false,"is_daily":false,"chose_seed":false,"campfire_upgraded":2,"win_rate":0,"timestamp":1532802804,"path_taken":["M","M","M","M","?","E","$","R","T","E","?","?","R","E"],"build_version":"2018-07-26","purchased_purges":1,"victory":false,"max_hp_per_floor":[80,80,80,80,85,85,85,85,85,85,85,85,85,85],"card_choices":[{"not_picked":["Sword Boomerang","Heavy Blade"],"picked":"Rampage","floor":1},{"not_picked":["Sever Soul","Body Slam","Cleave"],"picked":"SKIP","floor":2},{"not_picked":["Wild Strike","Sever Soul","Searing Blow"],"picked":"SKIP","floor":3},{"not_picked":["Anger","Entrench","Evolve"],"picked":"SKIP","floor":4},{"not_picked":["Berserk","Juggernaut"],"picked":"Impervious","floor":6},{"not_picked":["Double Tap","Exhume","Brutality"],"picked":"SKIP","floor":10},{"not_picked":["Sword Boomerang","Ghostly Armor"],"picked":"Havoc","floor":12}],"player_experience":244981,"relics_obtained":[{"floor":6,"key":"Ginger"},{"floor":9,"key":"Gremlin Horn"},{"floor":10,"key":"Whetstone"}],"event_choices":[{"event_name":"Big Fish","player_choice":"Donut","floor":5,"damage_taken":0}],"is_beta":false,"boss_relics":[],"items_purged_floors":[7],"is_endless":true,"potions_floor_spawned":[4,6],"killed_by":"Lagavulin","ascension_level":0}