{"gold_per_floor":[119,138,154,0,0,34,52,66,66,66],"floor_reached":10,"playtime":220,"items_purged":["Defend_R"],"score":140,"play_id":"375509f8-0711-4724-b481-912e85514dde","local_time":"20190407165758","is_ascension_mode":true,"campfire_choices":[],"neow_cost":"NONE","seed_source_timestamp":109759840558925,"circlet_count":0,"master_deck":["AscendersBane","Strike_R","Strike_R","Strike_R","Strike_R","Strike_R","Defend_R","Defend_R","Defend_R","Bash","Cleave","Berserk","Whirlwind","Spot Weakness","Flex","Shockwave"],"special_seed":0,"relics":["Burning Blood","Regal Pillow","Bronze Scales","Unceasing Top"],"potions_floor_usage":[],"damage_taken":[{"damage":1.0,"enemies":"Cultist","floor":1.0,"turns":3.0},{"damage":2.0,"enemies":"Jaw Worm","floor":2.0,"turns":3.0},{"damage":7.0,"enemies":"Small Slimes","floor":3.0,"turns":3.0},{"damage":45.0,"enemies":"3 Sentries","floor":6.0,"turns":6.0},{"damage":22.0,"enemies":"3 Louse","floor":7.0,"turns":2.0},{"damage":11.0,"enemies":"Blue Slaver","floor":8.0,"turns":4.0},{"damage":0,"enemies":"Lagavulin","floor":10,"turns":2}],"seed_played":"5549464094596960395","potions_obtained":[{"floor":1.0,"key":"Dexterity Potion"},{"floor":5.0,"key":"Dexterity Potion"},{"floor":5.0,"key":"Swift Potion"},{"floor":6.0,"key":"Weak Potion"},{"floor":8.0,"key":"SpeedPotion"}],"is_trial":false,"path_per_floor":["M","M","M","$","?","E","M","M","T","E"],"character_chosen":"IRONCLAD","items_purchased":["Spot Weakness"],"campfire_rested":0,"item_purchase_floors":[4],"current_hp_per_floor":[73,75,74,74,74,35,19,14,14,14],"gold":66,"neow_bonus":"RANDOM_COMMON_RELIC","is_prod":false,"is_daily":false,"chose_seed":false,"campfire_upgraded":0,"win_rate":0,"timestamp":1554649078,"path_taken":["M","M","?","$","?","E","?","M","T","E"],"build_version":"2019-01-23","purchased_purges":1,"victory":false,"max_hp_per_floor":[75,75,75,75,75,75,75,75,75,75],"card_choices":[{"not_picked":["Uppercut","Warcry"],"picked":"Cleave","floor":1.0},{"not_picked":["Body Slam","Havoc"],"picked":"Berserk","floor":2.0},{"not_picked":["True Grit","Searing Blow"],"picked":"Whirlwind","floor":3.0},{"not_picked":["Headbutt","Barricade"],"picked":"Flex","floor":6.0},{"not_picked":["Armaments","Anger","Wild Strike"],"picked":"SKIP","floor":7.0},{"not_picked":["Armaments","Seeing Red"],"picked":"Shockwave","floor":8.0}],"player_experience":824470,"relics_obtained":[{"floor":6.0,"key":"Bronze Scales"},{"floor":9.0,"key":"Unceasing Top"}],"event_choices":[{"damage_healed":0.0,"max_hp_gain":0.0,"max_hp_loss":0.0,"gold_gain":0.0,"event_name":"Lab","player_choice":"Got Potions","floor":5.0,"gold_loss":0.0,"damage_taken":0.0}],"is_beta":false,"boss_relics":[],"items_purged_floors":[4],"is_endless":false,"potions_floor_spawned":[1,6,8],"killed_by":"Lagavulin","ascension_level":20}