{"gold_per_floor":[113,126,126,126,137,137,169,169,196,196,231,231,255,268,268,342,342,356,61,75,85,31,62,62,93,118,118,136,136,36,50,50,122,122,135,135,185,203,27,27,27],"floor_reached":41,"playtime":1128,"items_purged":["Defend_R","Defend_R","Defend_R"],"score":973,"play_id":"5bb38fad-a164-4a2d-8cbf-74198c6db1b8","local_time":"20181017171804","is_ascension_mode":true,"campfire_choices":[{"data":"Perfected Strike","floor":6.0,"key":"SMITH"},{"data":"Flex","floor":8.0,"key":"SMITH"},{"data":"Spot Weakness","floor":10.0,"key":"SMITH"},{"floor":12.0,"key":"REST"},{"floor":15.0,"key":"REST"},{"floor":24,"key":"REST"},{"data":"Perfected Strike","floor":29,"key":"SMITH"},{"floor":32,"key":"REST"},{"data":"Limit Break","floor":40,"key":"SMITH"}],"neow_cost":"NONE","seed_source_timestamp":71920882803852,"circlet_count":0,"master_deck":["Strike_R+1","Strike_R","Strike_R","Strike_R+1","Strike_R+1","Bash+1","AscendersBane","Headbutt","Perfected Strike+1","Flex+1","Spot Weakness+1","Pommel Strike","Heavy Blade","Double Tap","Perfected Strike+1","Pommel Strike","Trip","Pommel Strike","Flex","Sword Boomerang","Limit Break+1","Twin Strike"],"special_seed":0,"relics":["Burning Blood","Lantern","Potion Belt","Ancient Tea Set","Odd Mushroom","Busted Crown","Pen Nib","Paper Frog","Prayer Wheel","Whetstone","Sozu"],"potions_floor_usage":[23,25],"damage_taken":[{"damage":6.0,"enemies":"Cultist","floor":1.0,"turns":3.0},{"damage":4.0,"enemies":"2 Louse","floor":2.0,"turns":3.0},{"damage":7.0,"enemies":"Small Slimes","floor":5.0,"turns":3.0},{"damage":8.0,"enemies":"Gremlin Nob","floor":7.0,"turns":3.0},{"damage":25.0,"enemies":"3 Sentries","floor":11.0,"turns":6.0},{"damage":20.0,"enemies":"The Mushroom Lair","floor":13.0,"turns":4.0},{"damage":11.0,"enemies":"3 Louse","floor":14.0,"turns":3.0},{"damage":54.0,"enemies":"The Guardian","floor":16.0,"turns":7.0},{"damage":39.0,"enemies":"Shell Parasite","floor":18.0,"turns":4.0},{"damage":17.0,"enemies":"2 Thieves","floor":20.0,"turns":3.0},{"damage":6,"enemies":"Shelled Parasite and Fungi","floor":21,"turns":2},{"damage":0,"enemies":"Gremlin Leader","floor":23,"turns":3},{"damage":0,"enemies":"Book of Stabbing","floor":25,"turns":1},{"damage":9,"enemies":"Centurion and Healer","floor":28,"turns":4},{"damage":0,"enemies":"Cultist and Chosen","floor":31,"turns":2},{"damage":106,"enemies":"Automaton","floor":33,"turns":7},{"damage":16,"enemies":"Orb Walker","floor":35,"turns":2},{"damage":29,"enemies":"3 Darklings","floor":38,"turns":4},{"damage":25,"enemies":"4 Shapes","floor":41,"turns":3}],"seed_played":"-4906411851104686510","potions_obtained":[{"floor":5.0,"key":"FairyPotion"},{"floor":7.0,"key":"AttackPotion"},{"floor":13.0,"key":"AttackPotion"},{"floor":20.0,"key":"SneckoOil"},{"floor":23,"key":"SneckoOil"},{"floor":25,"key":"Weak Potion"},{"floor":33,"key":"Dexterity Potion"}],"is_trial":false,"path_per_floor":["M","M","?","?","M","R","E","R","T","R","E","R","?","M","R","B",null,"M","$","M","M","$","E","R","E","T","?","M","R","$","M","R","B",null,"M","?","?","M","$","R"],"character_chosen":"IRONCLAD","items_purchased":["Perfected Strike","Pen Nib","Pommel Strike","Twin Strike"],"campfire_rested":4,"item_purchase_floors":[19,19,22,39],"current_hp_per_floor":[68,70,75,51,50,50,48,48,48,48,29,53,39,34,58,10,63,30,30,19,19,19,25,49,55,55,39,36,36,36,42,66,14,64,54,54,54,31,31,31,6],"gold":27,"neow_bonus":"TRANSFORM_CARD","is_prod":false,"is_daily":false,"chose_seed":false,"campfire_upgraded":5,"win_rate":0,"timestamp":1539789484,"path_taken":["M","M","?","?","M","R","E","R","T","R","E","R","?","M","R","BOSS","M","$","?","M","$","E","R","E","T","?","?","R","?","M","R","BOSS","M","?","?","M","?","R","M"],"build_version":"2018-10-16","purchased_purges":3,"victory":false,"max_hp_per_floor":[75,75,80,80,80,80,80,80,80,80,80,80,80,80,80,80,80,80,80,80,80,80,80,80,80,80,80,80,80,80,80,80,80,80,80,80,80,80,80,80,80],"card_choices":[{"not_picked":["Infernal Blade","Sever Soul"],"picked":"Perfected Strike","floor":1.0},{"not_picked":["Burning Pact","Thunderclap"],"picked":"Flex","floor":2.0},{"not_picked":["Battle Trance","Dual Wield","Armaments"],"picked":"SKIP","floor":5.0},{"not_picked":["Pummel","Body Slam"],"picked":"Spot Weakness","floor":7.0},{"not_picked":["Headbutt","Entrench","Iron Wave"],"picked":"SKIP","floor":11.0},{"not_picked":["Uppercut","Headbutt"],"picked":"Pommel Strike","floor":13.0},{"not_picked":["Havoc","Twin Strike"],"picked":"Heavy Blade","floor":14.0},{"not_picked":["Immolate","Demon Form"],"picked":"Double Tap","floor":16.0},{"not_picked":["Sword Boomerang"],"picked":"SKIP","floor":18.0},{"not_picked":["Shrug It Off"],"picked":"SKIP","floor":20.0},{"not_picked":["Headbutt"],"picked":"SKIP","floor":21},{"not_picked":["Warcry"],"picked":"SKIP","floor":23},{"not_picked":["Carnage"],"picked":"SKIP","floor":25},{"not_picked":[],"picked":"Pommel Strike","floor":28},{"not_picked":["Body Slam"],"picked":"SKIP","floor":28},{"not_picked":[],"picked":"Flex","floor":31},{"not_picked":["Evolve"],"picked":"SKIP","floor":31},{"not_picked":[],"picked":"Sword Boomerang","floor":35},{"not_picked":["Searing Blow"],"picked":"SKIP","floor":35},{"not_picked":["Warcry+1"],"picked":"SKIP","floor":38},{"not_picked":["Body Slam"],"picked":"SKIP","floor":38}],"player_experience":693791,"relics_obtained":[{"floor":7.0,"key":"Lantern"},{"floor":9.0,"key":"Potion Belt"},{"floor":11.0,"key":"Ancient Tea Set"},{"floor":13.0,"key":"Odd Mushroom"},{"floor":23,"key":"Paper Frog"},{"floor":25,"key":"Prayer Wheel"},{"floor":26,"key":"Whetstone"}],"event_choices":[{"damage_healed":0.0,"max_hp_gain":5.0,"max_hp_loss":0.0,"gold_gain":0.0,"event_name":"Big Fish","player_choice":"Donut","floor":3.0,"gold_loss":0.0,"damage_taken":0.0},{"damage_healed":0.0,"max_hp_gain":0.0,"max_hp_loss":0.0,"gold_gain":0.0,"event_name":"Shining Light","player_choice":"Entered Light","floor":4.0,"gold_loss":0.0,"damage_taken":24.0,"cards_upgraded":["Strike_R","Bash"]},{"damage_healed":0.0,"max_hp_gain":0.0,"max_hp_loss":0.0,"gold_gain":0.0,"event_name":"Mushrooms","player_choice":"Fought Mushrooms","floor":13.0,"gold_loss":0.0,"damage_taken":0.0},{"damage_healed":0,"gold_gain":0,"player_choice":"CARD ","damage_taken":16,"max_hp_gain":0,"max_hp_loss":0,"event_name":"Knowing Skull","floor":27,"potions_obtained":[],"gold_loss":0,"cards_obtained":["Trip"]},{"damage_healed":0,"gold_gain":0,"player_choice":"1 cards matched","damage_taken":0,"max_hp_gain":0,"max_hp_loss":0,"event_name":"Match and Keep!","floor":36,"gold_loss":0,"cards_obtained":["Limit Break"]},{"damage_healed":0,"gold_gain":100,"player_choice":"Pray","damage_taken":0,"max_hp_gain":0,"max_hp_loss":0,"event_name":"Golden Shrine","floor":37,"gold_loss":0}],"is_beta":true,"boss_relics":[{"not_picked":["Black Blood","Philosopher\u0027s Stone"],"picked":"Busted Crown"},{"not_picked":["Astrolabe","White Beast Statue"],"picked":"Sozu"}],"items_purged_floors":[19,30,39],"is_endless":false,"potions_floor_spawned":[5,7,13,20,23,25,33,35],"killed_by":"4 Shapes","ascension_level":18}