{"gold_per_floor":[114,134,206,206,281,281,308,308,381,60,95,95,95,108,108,185,185,205,215,215,2,2,2,34,48,48,48,62,108,108,127,127,127],"floor_reached":33,"playtime":827,"items_purged":["Strike_B","Strike_B"],"score":592,"play_id":"c42dd4d2-6622-45ec-aa68-7748b2bb068b","local_time":"20191008215022","is_ascension_mode":true,"campfire_choices":[{"data":"Sunder","floor":6,"key":"SMITH"},{"data":"Double Energy","floor":8,"key":"SMITH"},{"floor":12,"key":"REST"},{"data":"Static Discharge","floor":15,"key":"SMITH"},{"data":"Buffer","floor":23,"key":"SMITH"},{"data":"Amplify","floor":30,"key":"SMITH"},{"data":"Storm","floor":32,"key":"SMITH"}],"neow_cost":"NONE","seed_source_timestamp":294573073304453,"circlet_count":0,"master_deck":["AscendersBane","Strike_B","Strike_B+1","Defend_B","Defend_B","Defend_B","Defend_B+1","Zap","Dualcast","Double Energy+1","Sunder+1","Consume+1","Amplify+1","Static Discharge+1","Coolheaded","Buffer+1","Hologram","Storm+1","Loop+1"],"relics":["Cracked Core","NeowsBlessing","Cables","Incense Burner","Coffee Dripper","MutagenicStrength","Lantern","Anchor","Nloth\u0027s Gift","Boot"],"potions_floor_usage":[11,11,24,33,33],"damage_taken":[{"damage":0,"enemies":"Jaw Worm","floor":1,"turns":1},{"damage":0,"enemies":"Small Slimes","floor":2,"turns":1},{"damage":0,"enemies":"Gremlin Nob","floor":7,"turns":1},{"damage":7,"enemies":"Lagavulin","floor":11,"turns":7},{"damage":0,"enemies":"2 Louse","floor":14,"turns":1},{"damage":18,"enemies":"Slime Boss","floor":16,"turns":10},{"damage":22,"enemies":"2 Thieves","floor":18,"turns":4},{"damage":2,"enemies":"3 Byrds","floor":19,"turns":5},{"damage":13,"enemies":"Book of Stabbing","floor":24,"turns":4},{"damage":30,"enemies":"Cultist and Chosen","floor":25,"turns":5},{"damage":11,"enemies":"Centurion and Healer","floor":28,"turns":11},{"damage":0,"enemies":"Snecko","floor":31,"turns":4},{"damage":31,"enemies":"Champ","floor":33,"turns":7}],"seed_played":"4839811246485751036","potions_obtained":[{"floor":1,"key":"Swift Potion"},{"floor":7,"key":"SpeedPotion"},{"floor":11,"key":"GamblersBrew"},{"floor":25,"key":"PotionOfCapacity"},{"floor":28,"key":"Weak Potion"},{"floor":31,"key":"FocusPotion"}],"is_trial":false,"path_per_floor":["M","M","?","?","?","R","E","R","T","$","E","R","?","M","R","B",null,"M","M","?","$","?","R","E","M","T","?","M","T","R","M","R","B"],"character_chosen":"DEFECT","items_purchased":["Amplify","Static Discharge","FairyPotion"],"campfire_rested":1,"item_purchase_floors":[10,10,21],"current_hp_per_floor":[64,64,64,43,32,32,32,32,32,32,25,46,46,46,46,28,60,38,36,36,36,36,36,23,21,21,21,10,10,10,10,10,0],"gold":127,"neow_bonus":"THREE_ENEMY_KILL","is_prod":false,"is_daily":false,"chose_seed":false,"campfire_upgraded":6,"win_rate":0,"timestamp":1570564222,"path_taken":["M","M","?","?","?","R","E","R","T","$","E","R","?","M","R","BOSS","M","M","?","$","?","R","E","M","T","?","?","?","R","M","R","BOSS"],"build_version":"2019-10-08","purchased_purges":2,"victory":false,"max_hp_per_floor":[71,71,71,71,71,71,71,71,71,71,71,71,71,71,71,71,71,71,71,71,71,71,71,71,71,71,71,71,71,71,71,71,71],"card_choices":[{"not_picked":["Leap","Scrape"],"picked":"Double Energy","floor":1},{"not_picked":["Ball Lightning","Coolheaded"],"picked":"Sunder","floor":2},{"not_picked":["Steam","Turbo"],"picked":"Consume","floor":7},{"not_picked":["Genetic Algorithm","Reinforced Body","Rip and Tear"],"picked":"SKIP","floor":11},{"not_picked":["Steam","Compile Driver"],"picked":"Coolheaded","floor":14},{"not_picked":["Multi-Cast","Seek"],"picked":"Buffer","floor":16},{"not_picked":["Cold Snap","Turbo"],"picked":"Hologram","floor":18},{"not_picked":["Gash+1","Compile Driver+1","Doom and Gloom"],"picked":"SKIP","floor":19},{"not_picked":["Coolheaded","Static Discharge"],"picked":"Storm","floor":24},{"not_picked":["Double Energy","Ball Lightning","Barrage"],"picked":"SKIP","floor":25},{"not_picked":["Hologram","Fission","Barrage"],"picked":"SKIP","floor":28},{"not_picked":["Barrage","Go for the Eyes"],"picked":"Loop+1","floor":31}],"player_experience":838220,"relics_obtained":[{"floor":7,"key":"Cables"},{"floor":9,"key":"Dodecahedron"},{"floor":11,"key":"Incense Burner"},{"floor":24,"key":"Lantern"},{"floor":26,"key":"Anchor"},{"floor":29,"key":"Boot"}],"event_choices":[{"damage_healed":0,"gold_gain":72,"player_choice":"Gained Gold","damage_taken":0,"max_hp_gain":0,"max_hp_loss":0,"event_name":"Golden Wing","floor":3,"gold_loss":0},{"damage_healed":0,"gold_gain":0,"player_choice":"Entered Light","damage_taken":21,"max_hp_gain":0,"max_hp_loss":0,"event_name":"Shining Light","floor":4,"gold_loss":0,"cards_upgraded":["Defend_B","Strike_B"]},{"damage_healed":0,"gold_gain":75,"player_choice":"Gather Gold","damage_taken":11,"max_hp_gain":0,"max_hp_loss":0,"event_name":"World of Goop","floor":5,"gold_loss":0},{"damage_healed":0,"gold_gain":0,"player_choice":"Grow","damage_taken":0,"max_hp_gain":0,"max_hp_loss":0,"event_name":"Living Wall","floor":13,"gold_loss":0,"cards_upgraded":["Consume"]},{"damage_healed":0,"gold_gain":0,"player_choice":"Ignored","damage_taken":0,"max_hp_gain":0,"max_hp_loss":0,"event_name":"Cursed Tome","floor":20,"gold_loss":0},{"damage_healed":0,"gold_gain":0,"player_choice":"Inject Mutagens","damage_taken":0,"relics_obtained":["MutagenicStrength"],"max_hp_gain":0,"max_hp_loss":0,"event_name":"Drug Dealer","floor":22,"gold_loss":0},{"damage_healed":0,"gold_gain":0,"player_choice":"Traded Relic","damage_taken":0,"relics_obtained":["Nloth\u0027s Gift"],"max_hp_gain":0,"max_hp_loss":0,"event_name":"N\u0027loth","floor":27,"relics_lost":["Dodecahedron"],"gold_loss":0}],"is_beta":true,"boss_relics":[{"not_picked":["Runic Dome","Ectoplasm"],"picked":"Coffee Dripper"}],"items_purged_floors":[10,21],"is_endless":false,"potions_floor_spawned":[1,7,11,25,28,31],"killed_by":"Champ","ascension_level":20}