{"gold_per_floor":[117,117,67,18,18,51,51,70,70,70,87,103,115,115,115,194,194,204,214,139,158,174,174,208,208,208,0,15,48,66,84,84,84],"floor_reached":33,"playtime":1487,"items_purged":["Strike_B"],"score":518,"play_id":"3f0d27f3-83c6-495f-aa55-65a3d060a826","local_time":"20190803211037","is_ascension_mode":true,"campfire_choices":[{"data":"Blind","floor":7,"key":"SMITH"},{"data":"Zap","floor":10,"key":"SMITH"},{"data":"Reinforced Body","floor":15,"key":"SMITH"},{"data":"Defragment","floor":23,"key":"SMITH"},{"data":"Seek","floor":25,"key":"SMITH"},{"floor":32,"key":"REST"}],"neow_cost":"NONE","seed_source_timestamp":71352039354200,"circlet_count":0,"master_deck":["AscendersBane","Strike_B+1","Strike_B+1","Strike_B","Defend_B","Defend_B","Defend_B","Defend_B","Zap+1","Dualcast","Leap","Blind+1","Conserve Battery","Reinforced Body+1","Ball Lightning","Ball Lightning","Seek+1","Defragment+1","Recycle+1","Coolheaded","Cold Snap","Coolheaded","Go for the Eyes+1"],"relics":["Cracked Core","NeowsBlessing","Meat on the Bone","Happy Flower","Ginger","Cursed Key","Ancient Tea Set","Runic Capacitor","Potion Belt"],"potions_floor_usage":[12,19,24,24,33],"damage_taken":[{"damage":0,"enemies":"2 Louse","floor":1,"turns":1},{"damage":0,"enemies":"3 Sentries","floor":6,"turns":1},{"damage":0,"enemies":"Small Slimes","floor":8,"turns":1},{"damage":0,"enemies":"Jaw Worm","floor":11,"turns":5},{"damage":0,"enemies":"Gremlin Gang","floor":12,"turns":4},{"damage":2,"enemies":"2 Fungi Beasts","floor":13,"turns":4},{"damage":21,"enemies":"The Guardian","floor":16,"turns":13},{"damage":17,"enemies":"2 Thieves","floor":18,"turns":5},{"damage":2,"enemies":"Shell Parasite","floor":19,"turns":4},{"damage":13,"enemies":"Snake Plant","floor":21,"turns":5},{"damage":0,"enemies":"Chosen and Byrds","floor":22,"turns":6},{"damage":25,"enemies":"Book of Stabbing","floor":24,"turns":5},{"damage":24,"enemies":"Shelled Parasite and Fungi","floor":28,"turns":7},{"damage":35,"enemies":"Gremlin Leader","floor":29,"turns":9},{"damage":12,"enemies":"Snecko","floor":30,"turns":5},{"damage":0,"enemies":"Chosen and Byrds","floor":31,"turns":6},{"damage":56,"enemies":"Automaton","floor":33,"turns":6}],"seed_played":"7786572090432899901","potions_obtained":[{"floor":11,"key":"Explosive Potion"},{"floor":13,"key":"Regen Potion"},{"floor":18,"key":"Block Potion"},{"floor":21,"key":"FocusPotion"},{"floor":30,"key":"AttackPotion"},{"floor":31,"key":"SteroidPotion"}],"is_trial":false,"path_per_floor":["M","?","?","$","?","E","R","M","T","R","M","M","M","?","R","B",null,"M","M","$","M","M","R","E","R","T","$","M","E","M","M","R","B"],"character_chosen":"DEFECT","items_purchased":["Leap","Runic Capacitor"],"campfire_rested":1,"item_purchase_floors":[4,27],"current_hp_per_floor":[68,68,68,68,68,68,68,68,68,68,68,68,66,51,51,42,67,50,48,48,47,47,47,48,48,48,48,36,13,13,25,47,0],"gold":84,"neow_bonus":"THREE_ENEMY_KILL","is_prod":false,"is_daily":false,"chose_seed":false,"campfire_upgraded":5,"win_rate":0,"timestamp":1564881037,"path_taken":["M","?","?","$","?","E","R","M","T","R","?","M","M","?","R","BOSS","M","M","$","M","M","R","E","R","T","$","M","E","M","M","R","BOSS"],"build_version":"2019-07-17","purchased_purges":1,"victory":false,"max_hp_per_floor":[75,75,75,75,75,75,75,75,75,75,75,75,75,75,75,75,75,75,75,75,75,75,75,75,75,75,75,75,75,75,75,75,75],"card_choices":[{"not_picked":["Rebound","Force Field","Gash"],"picked":"SKIP","floor":1},{"not_picked":["Barrage","Loop"],"picked":"Conserve Battery","floor":6},{"not_picked":["Leap","Storm"],"picked":"Reinforced Body","floor":8},{"not_picked":["Turbo","Chaos"],"picked":"Ball Lightning","floor":11},{"not_picked":["Stack","Amplify","Rip and Tear"],"picked":"SKIP","floor":12},{"not_picked":["Stack","Leap"],"picked":"Ball Lightning","floor":13},{"not_picked":["Creative AI","Meteor Strike"],"picked":"Seek","floor":16},{"not_picked":["Ball Lightning","Compile Driver"],"picked":"Defragment","floor":18},{"not_picked":["Cold Snap","Chill","Streamline"],"picked":"SKIP","floor":19},{"not_picked":["Hologram","Conserve Battery","Barrage"],"picked":"SKIP","floor":21},{"not_picked":["Heatsinks+1","Consume","Cold Snap"],"picked":"SKIP","floor":22},{"not_picked":["Turbo","Creative AI"],"picked":"Recycle+1","floor":24},{"not_picked":["Recycle","Force Field"],"picked":"Coolheaded","floor":28},{"not_picked":["Barrage","Conserve Battery"],"picked":"Cold Snap","floor":29},{"not_picked":["Scrape","Steam"],"picked":"Coolheaded","floor":30},{"not_picked":["Beam Cell","Streamline"],"picked":"Go for the Eyes+1","floor":31}],"player_experience":652091,"relics_obtained":[{"floor":6,"key":"Happy Flower"},{"floor":9,"key":"Ginger"},{"floor":24,"key":"Ancient Tea Set"},{"floor":29,"key":"Potion Belt"}],"event_choices":[{"damage_healed":0,"gold_gain":0,"player_choice":"Box","damage_taken":0,"relics_obtained":["Meat on the Bone"],"max_hp_gain":0,"max_hp_loss":0,"event_name":"Big Fish","floor":2,"gold_loss":0,"cards_obtained":["Regret"]},{"cards_removed":["Regret"],"damage_healed":0,"gold_gain":0,"player_choice":"Card Removal","damage_taken":0,"max_hp_gain":0,"max_hp_loss":0,"event_name":"The Cleric","floor":3,"gold_loss":50},{"damage_healed":0,"gold_gain":0,"player_choice":"1 cards matched","damage_taken":0,"max_hp_gain":0,"max_hp_loss":0,"event_name":"Match and Keep!","floor":5,"gold_loss":0,"cards_obtained":["Blind"]},{"damage_healed":0,"gold_gain":0,"player_choice":"Entered Light","damage_taken":15,"max_hp_gain":0,"max_hp_loss":0,"event_name":"Shining Light","floor":14,"gold_loss":0,"cards_upgraded":["Strike_B","Strike_B"]}],"is_beta":false,"boss_relics":[{"not_picked":["Astrolabe","Busted Crown"],"picked":"Cursed Key"}],"items_purged_floors":[20],"is_endless":false,"potions_floor_spawned":[11,13,18,21,30,31],"killed_by":"Automaton","ascension_level":13}