{"gold_per_floor":[109,126,143,162,162,162,195,215,215,235,245,245,90,107,107,203,203,217,50,62,80,98,98,114,114,114,134,134,151,151,163,163,267,267,282,295,46,60,60,60,71,83,132,166,178,194,214,89,89,89],"floor_reached":51,"playtime":5240,"items_purged":["Strike_R","Strike_R","Parasite"],"score":693,"play_id":"81147f51-2850-40bf-ae4e-55cc6be0761e","local_time":"20191005210807","is_ascension_mode":false,"campfire_choices":[{"data":"Entrench","floor":6,"key":"SMITH"},{"data":"True Grit","floor":12,"key":"SMITH"},{"data":"Disarm","floor":15,"key":"SMITH"},{"data":"Flame Barrier","floor":25,"key":"SMITH"},{"data":"Berserk","floor":28,"key":"SMITH"},{"data":"Shrug It Off","floor":32,"key":"SMITH"},{"data":"Juggernaut","floor":40,"key":"SMITH"},{"data":"Shrug It Off","floor":49,"key":"SMITH"}],"neow_cost":"PERCENT_DAMAGE","seed_source_timestamp":66304215168300,"circlet_count":0,"master_deck":["Strike_R","Strike_R","Defend_R","Defend_R","Defend_R","Defend_R","Bash","Body Slam+1","True Grit+1","Flame Barrier+1","Entrench+1","Shrug It Off+1","Shrug It Off+1","Disarm+1","Impervious","Berserk+1","Evolve","Impervious","True Grit+1","Juggernaut+1","Sentinel+1","Body Slam+1","Body Slam+1","Iron Wave"],"relics":["Burning Blood","Happy Flower","Letter Opener","Coffee Dripper","Kunai","Runic Cube","Mercury Hourglass","Orichalcum","Sundial"],"potions_floor_usage":[7,14,16,24,33,35,36,36,38,41,44,44,50,50,50],"damage_taken":[{"damage":1,"enemies":"Cultist","floor":1,"turns":3},{"damage":7,"enemies":"2 Louse","floor":2,"turns":3},{"damage":5,"enemies":"Small Slimes","floor":3,"turns":4},{"damage":5,"enemies":"Gremlin Gang","floor":4,"turns":5},{"damage":15,"enemies":"3 Sentries","floor":7,"turns":12},{"damage":0,"enemies":"Blue Slaver","floor":8,"turns":3},{"damage":0,"enemies":"Lots of Slimes","floor":10,"turns":3},{"damage":8,"enemies":"Large Slime","floor":11,"turns":9},{"damage":0,"enemies":"2 Fungi Beasts","floor":14,"turns":4},{"damage":12,"enemies":"Slime Boss","floor":16,"turns":24},{"damage":0,"enemies":"Chosen","floor":18,"turns":5},{"damage":0,"enemies":"3 Byrds","floor":20,"turns":4},{"damage":6,"enemies":"Snake Plant","floor":21,"turns":4},{"damage":0,"enemies":"Centurion and Healer","floor":22,"turns":10},{"damage":1,"enemies":"Snecko","floor":24,"turns":5},{"damage":17,"enemies":"3 Cultists","floor":27,"turns":8},{"damage":0,"enemies":"Snake Plant","floor":29,"turns":5},{"damage":0,"enemies":"Sentry and Sphere","floor":31,"turns":8},{"damage":44,"enemies":"Collector","floor":33,"turns":16},{"damage":5,"enemies":"3 Darklings","floor":35,"turns":6},{"damage":29,"enemies":"3 Shapes","floor":36,"turns":4},{"damage":27,"enemies":"Spire Growth","floor":38,"turns":6},{"damage":12,"enemies":"3 Darklings","floor":41,"turns":5},{"damage":2,"enemies":"Transient","floor":42,"turns":5},{"damage":2,"enemies":"Reptomancer","floor":44,"turns":7},{"damage":0,"enemies":"Writhing Mass","floor":45,"turns":4},{"damage":9,"enemies":"3 Darklings","floor":46,"turns":6},{"damage":0,"enemies":"Transient","floor":47,"turns":5},{"damage":30,"enemies":"Awakened One","floor":50,"turns":10}],"seed_played":"5934288449178739470","potions_obtained":[{"floor":1,"key":"GamblersBrew"},{"floor":4,"key":"Poison Potion"},{"floor":7,"key":"Energy Potion"},{"floor":8,"key":"GamblersBrew"},{"floor":16,"key":"EntropicBrew"},{"floor":21,"key":"SkillPotion"},{"floor":29,"key":"Energy Potion"},{"floor":31,"key":"Fruit Juice"},{"floor":36,"key":"Dexterity Potion"},{"floor":38,"key":"Weak Potion"},{"floor":42,"key":"Explosive Potion"},{"floor":44,"key":"PowerPotion"},{"floor":46,"key":"Fire Potion"}],"is_trial":false,"path_per_floor":["M","M","M","M","?","R","E","M","T","M","M","R","$","M","R","B",null,"M","$","M","M","M","?","M","R","T","M","R","M","?","M","R","B",null,"M","M","$","M","?","R","M","M","T","E","M","M","M","$","R","B",null],"character_chosen":"IRONCLAD","items_purchased":["Impervious","Impervious","Mercury Hourglass"],"campfire_rested":0,"item_purchase_floors":[13,19,37],"current_hp_per_floor":[77,76,77,78,78,78,69,75,75,81,79,79,79,85,85,79,96,96,96,96,96,96,96,96,96,96,85,85,91,91,96,96,63,101,101,78,78,82,82,82,76,80,80,84,90,87,93,93,93,69],"gold":89,"neow_bonus":"TWENTY_PERCENT_HP_BONUS","is_prod":false,"is_daily":false,"chose_seed":false,"campfire_upgraded":8,"win_rate":0,"timestamp":1570324087,"path_taken":["M","M","M","M","?","R","E","?","T","M","M","R","$","M","R","BOSS","M","$","M","M","M","?","M","R","T","M","R","M","?","M","R","BOSS","M","M","$","?","?","R","M","M","T","E","M","M","M","$","R","BOSS"],"build_version":"2019-07-17","purchased_purges":3,"victory":true,"max_hp_per_floor":[96,96,96,96,96,96,96,96,96,96,96,96,96,96,96,96,96,96,96,96,96,96,96,96,96,96,96,96,96,96,96,96,101,101,101,101,101,101,101,101,101,101,101,101,101,101,101,98,98,98],"card_choices":[{"not_picked":["Hemokinesis","Clash"],"picked":"Body Slam","floor":1},{"not_picked":["Disarm","Shockwave"],"picked":"True Grit","floor":2},{"not_picked":["Perfected Strike","Combust"],"picked":"Flame Barrier","floor":3},{"not_picked":["Carnage","Dropkick"],"picked":"Entrench","floor":4},{"not_picked":["True Grit","Second Wind"],"picked":"Shrug It Off","floor":7},{"not_picked":["Pommel Strike","Entrench"],"picked":"Shrug It Off","floor":8},{"not_picked":["Immolate","Perfected Strike"],"picked":"Disarm","floor":10},{"not_picked":["Anger","Heavy Blade","Havoc"],"picked":"SKIP","floor":11},{"not_picked":["Fire Breathing","Infernal Blade","Blood for Blood"],"picked":"SKIP","floor":14},{"not_picked":["Offering","Exhume"],"picked":"Berserk","floor":16},{"not_picked":["Corruption+1","Uppercut"],"picked":"Evolve","floor":18},{"not_picked":["Dropkick","Warcry","Armaments"],"picked":"SKIP","floor":20},{"not_picked":["Clash","Anger+1","Thunderclap+1"],"picked":"SKIP","floor":21},{"not_picked":["Disarm","Thunderclap","Wild Strike"],"picked":"SKIP","floor":22},{"not_picked":["Blood for Blood","Demon Form","Twin Strike"],"picked":"SKIP","floor":24},{"not_picked":["Cleave","Dual Wield"],"picked":"True Grit+1","floor":27},{"not_picked":["Thunderclap","True Grit","Headbutt"],"picked":"SKIP","floor":29},{"not_picked":["Sword Boomerang","Whirlwind","Feel No Pain"],"picked":"SKIP","floor":31},{"not_picked":["Double Tap","Immolate"],"picked":"Juggernaut","floor":33},{"not_picked":["Burning Pact+1","Havoc"],"picked":"Sentinel+1","floor":35},{"not_picked":["Inflame","Clash+1","Searing Blow+1"],"picked":"SKIP","floor":36},{"not_picked":["Perfected Strike+1","Inflame","Infernal Blade"],"picked":"SKIP","floor":38},{"not_picked":["Intimidate","Perfected Strike+1","Anger+1"],"picked":"SKIP","floor":41},{"not_picked":["Bloodletting+1","Dropkick","Sword Boomerang"],"picked":"SKIP","floor":42},{"not_picked":["Corruption+1","Intimidate"],"picked":"Body Slam+1","floor":44},{"not_picked":["Sword Boomerang","Carnage+1"],"picked":"Iron Wave","floor":45},{"not_picked":["Anger+1","True Grit","Heavy Blade"],"picked":"SKIP","floor":46},{"not_picked":["Shockwave+1","Body Slam+1","Spot Weakness+1"],"picked":"SKIP","floor":47}],"player_experience":79961,"relics_obtained":[{"floor":7,"key":"Happy Flower"},{"floor":9,"key":"Letter Opener"},{"floor":26,"key":"Kunai"},{"floor":43,"key":"Orichalcum"},{"floor":44,"key":"Sundial"}],"event_choices":[{"damage_healed":0,"gold_gain":0,"player_choice":"Forge","damage_taken":0,"max_hp_gain":0,"max_hp_loss":0,"event_name":"Accursed Blacksmith","floor":5,"gold_loss":0,"cards_upgraded":["Body Slam"]},{"damage_healed":0,"gold_gain":0,"player_choice":"Ignored","damage_taken":0,"max_hp_gain":0,"max_hp_loss":0,"event_name":"Ghosts","floor":23,"gold_loss":0},{"cards_removed":["Strike_R"],"damage_healed":0,"gold_gain":0,"player_choice":"Offered Basic","damage_taken":0,"max_hp_gain":0,"max_hp_loss":0,"event_name":"Bonfire Elementals","floor":30,"gold_loss":0},{"damage_healed":0,"gold_gain":0,"player_choice":"Copied","damage_taken":0,"max_hp_gain":0,"max_hp_loss":0,"event_name":"Duplicator","floor":39,"gold_loss":0,"cards_obtained":["Body Slam"]}],"is_beta":false,"boss_relics":[{"not_picked":["Astrolabe","Calling Bell"],"picked":"Coffee Dripper"},{"not_picked":["Tiny House","Philosopher\u0027s Stone"],"picked":"Runic Cube"}],"items_purged_floors":[13,19,48],"is_endless":false,"potions_floor_spawned":[1,4,7,8,16,21,29,31,36,38,42,44,46,47],"ascension_level":0}