{"gold_per_floor":[117,3,22,22,22,22,63,81,81,81,81,51,51,95,95,224,224,164,13,13,37,37,37,58,58],"floor_reached":25,"playtime":1128,"items_purged":["Strike_B","Strike_B"],"score":370,"play_id":"0145de39-22f4-44d4-8a9f-c892974c9c97","local_time":"20190722190045","is_ascension_mode":true,"campfire_choices":[{"data":"Coolheaded","floor":6,"key":"SMITH"},{"data":"Consume","floor":10,"key":"SMITH"},{"data":"Capacitor","floor":13,"key":"SMITH"},{"data":"Turbo","floor":15,"key":"SMITH"},{"data":"Rainbow","floor":23,"key":"SMITH"}],"neow_cost":"NONE","seed_source_timestamp":101693974984100,"circlet_count":0,"master_deck":["Strike_B","Strike_B","Defend_B","Defend_B","Defend_B","Defend_B","Zap+1","Dualcast","Compile Driver","Capacitor+1","Coolheaded+1","Conserve Battery","Consume+1","Turbo+1","Rainbow+1","Hologram","Rebound","Leap"],"relics":["Lizard Tail","Golden Idol","Darkstone Periapt","Ancient Tea Set","Dodecahedron","Philosopher\u0027s Stone"],"potions_floor_usage":[16,16,16,25],"damage_taken":[{"damage":5,"enemies":"2 Louse","floor":1,"turns":3},{"damage":6,"enemies":"Jaw Worm","floor":3,"turns":5},{"damage":43,"enemies":"3 Sentries","floor":7,"turns":9},{"damage":1,"enemies":"Cultist","floor":8,"turns":5},{"damage":5,"enemies":"Lagavulin","floor":14,"turns":7},{"damage":0,"enemies":"Hexaghost","floor":16,"turns":11},{"damage":26,"enemies":"2 Thieves","floor":18,"turns":4},{"damage":0,"enemies":"Shell Parasite","floor":21,"turns":7},{"damage":40,"enemies":"Centurion and Healer","floor":24,"turns":8},{"damage":43,"enemies":"Slavers","floor":25,"turns":3}],"seed_played":"4166402213090129689","potions_obtained":[{"floor":8,"key":"SkillPotion"},{"floor":12,"key":"Regen Potion"},{"floor":12,"key":"Weak Potion"},{"floor":24,"key":"PowerPotion"}],"is_trial":false,"path_per_floor":["M","$","M","?","?","R","E","M","T","R","?","?","R","E","R","B",null,"M","$","$","M","$","R","M","E"],"character_chosen":"DEFECT","items_purchased":["Capacitor","Rebound"],"campfire_rested":0,"item_purchase_floors":[2,19],"current_hp_per_floor":[63,63,57,57,57,57,14,13,13,13,36,36,36,31,31,46,63,37,37,37,37,37,37,34,0],"gold":58,"neow_bonus":"BOSS_RELIC","is_prod":false,"is_daily":false,"chose_seed":false,"campfire_upgraded":5,"win_rate":0,"timestamp":1563836445,"path_taken":["M","$","M","?","?","R","E","?","T","R","?","?","R","E","R","BOSS","M","?","$","M","$","R","M","E"],"build_version":"2019-07-17","purchased_purges":2,"victory":false,"max_hp_per_floor":[75,75,75,69,69,69,69,69,69,69,69,69,69,69,69,69,69,69,69,69,69,69,69,69,69],"card_choices":[{"not_picked":["Beam Cell","Chaos"],"picked":"Compile Driver","floor":1},{"not_picked":["Redo","Cold Snap"],"picked":"Coolheaded","floor":3},{"not_picked":["White Noise","Auto Shields"],"picked":"Conserve Battery","floor":7},{"not_picked":["Barrage","Rip and Tear"],"picked":"Consume","floor":8},{"not_picked":["Chill","Conserve Battery"],"picked":"Turbo","floor":14},{"not_picked":["Creative AI","Multi-Cast"],"picked":"Rainbow","floor":16},{"not_picked":["Beam Cell","Sweeping Beam"],"picked":"Hologram","floor":18},{"not_picked":["Beam Cell","Consume","Go for the Eyes"],"picked":"SKIP","floor":21},{"not_picked":["Streamline+1","Beam Cell+1"],"picked":"Leap","floor":24}],"player_experience":494614,"relics_obtained":[{"floor":7,"key":"Darkstone Periapt"},{"floor":9,"key":"Ancient Tea Set"},{"floor":14,"key":"Dodecahedron"}],"event_choices":[{"damage_healed":0,"gold_gain":0,"player_choice":"Lose Max HP","damage_taken":0,"relics_obtained":["Golden Idol"],"max_hp_gain":0,"max_hp_loss":6,"event_name":"Golden Idol","floor":4,"gold_loss":0},{"damage_healed":0,"gold_gain":0,"player_choice":"Upgraded","damage_taken":0,"max_hp_gain":0,"max_hp_loss":0,"event_name":"Upgrade Shrine","floor":5,"gold_loss":0,"cards_upgraded":["Zap"]},{"damage_healed":23,"gold_gain":0,"player_choice":"Banana","damage_taken":0,"max_hp_gain":0,"max_hp_loss":0,"event_name":"Big Fish","floor":11,"gold_loss":0},{"damage_healed":0,"gold_gain":0,"player_choice":"Bought 2 Potions","damage_taken":0,"max_hp_gain":0,"max_hp_loss":0,"event_name":"The Woman in Blue","floor":12,"gold_loss":0}],"is_beta":false,"boss_relics":[{"not_picked":["Eternal Feather","Sozu"],"picked":"Philosopher\u0027s Stone"}],"items_purged_floors":[2,19],"is_endless":false,"potions_floor_spawned":[8,24],"killed_by":"Slavers","ascension_level":9}