{"gold_per_floor":[109,123,198,215,215,215,226,245,245,261,275,275,346,359,359,458,458,477,488,504,78,93,93,120,120,200,200,215,215,227,227,227,325,325,343,362,380,396,1395,1395,1395,1395,1395,1395,1414,1428,1462,530,530,530],"floor_reached":50,"playtime":2937,"items_purged":["Strike_R","Strike_R"],"score":688,"play_id":"962f5a7b-c161-42cb-bf6e-d877bfdd8feb","local_time":"20191010013814","is_ascension_mode":true,"campfire_choices":[{"data":"Iron Wave","floor":6,"key":"SMITH"},{"data":"Iron Wave","floor":12,"key":"SMITH"},{"data":"Ghostly Armor","floor":15,"key":"SMITH"},{"data":"Body Slam","floor":23,"key":"SMITH"},{"floor":25,"key":"REST"},{"data":"Body Slam","floor":27,"key":"SMITH"},{"data":"Barricade","floor":32,"key":"SMITH"},{"floor":40,"key":"REST"},{"data":"Flame Barrier","floor":42,"key":"SMITH"},{"floor":49,"key":"REST"}],"neow_cost":"NONE","seed_source_timestamp":83404051954900,"circlet_count":0,"master_deck":["Strike_R","Strike_R","Strike_R","Defend_R","Defend_R","Defend_R","Defend_R","Bash","Iron Wave+1","Body Slam+1","Iron Wave+1","Ghostly Armor+1","Shrug It Off","Barricade+1","Body Slam+1","Battle Trance","Body Slam+1","Flame Barrier+1","Shrug It Off+1","Normality","Normality","Writhe","Flame Barrier+1","Iron Wave","Demon Form","Mayhem"],"relics":["Burning Blood","Ancient Tea Set","Sundial","Singing Bowl","Sozu","OrangePellets","Regal Pillow","Red Skull","Blue Candle","Shovel","Orrery","Bottled Flame","StoneCalendar","Mercury Hourglass","Mango","Strawberry"],"potions_floor_usage":[7,16,18,50,50],"damage_taken":[{"damage":0,"enemies":"2 Louse","floor":1,"turns":2},{"damage":0,"enemies":"Small Slimes","floor":2,"turns":5},{"damage":0,"enemies":"Jaw Worm","floor":4,"turns":6},{"damage":0,"enemies":"2 Fungi Beasts","floor":7,"turns":3},{"damage":7,"enemies":"Blue Slaver","floor":8,"turns":5},{"damage":11,"enemies":"Exordium Wildlife","floor":10,"turns":3},{"damage":0,"enemies":"3 Louse","floor":11,"turns":2},{"damage":3,"enemies":"Blue Slaver","floor":14,"turns":4},{"damage":66,"enemies":"The Guardian","floor":16,"turns":13},{"damage":8,"enemies":"Spheric Guardian","floor":18,"turns":5},{"damage":9,"enemies":"Shell Parasite","floor":19,"turns":5},{"damage":21,"enemies":"Centurion and Healer","floor":20,"turns":5},{"damage":0,"enemies":"Chosen and Byrds","floor":22,"turns":6},{"damage":39,"enemies":"Book of Stabbing","floor":24,"turns":7},{"damage":0,"enemies":"Cultist and Chosen","floor":28,"turns":3},{"damage":7,"enemies":"Shelled Parasite and Fungi","floor":30,"turns":5},{"damage":25,"enemies":"Champ","floor":33,"turns":8},{"damage":6,"enemies":"3 Darklings","floor":35,"turns":6},{"damage":1,"enemies":"3 Shapes","floor":36,"turns":6},{"damage":18,"enemies":"Jaw Worm Horde","floor":37,"turns":5},{"damage":76,"enemies":"Writhing Mass","floor":38,"turns":7},{"damage":17,"enemies":"3 Darklings","floor":45,"turns":7},{"damage":17,"enemies":"4 Shapes","floor":46,"turns":6},{"damage":59,"enemies":"Reptomancer","floor":47,"turns":10},{"damage":106,"enemies":"Time Eater","floor":50,"turns":12}],"seed_played":"-8082791601476765350","potions_obtained":[{"floor":1,"key":"Block Potion"},{"floor":7,"key":"SneckoOil"},{"floor":8,"key":"LiquidBronze"},{"floor":11,"key":"Swift Potion"},{"floor":16,"key":"SkillPotion"}],"is_trial":false,"path_per_floor":["M","M","?","M","?","R","M","M","T","M","M","R","T","M","R","B",null,"M","M","M","$","M","R","E","R","T","R","M","?","M","?","R","B",null,"M","M","M","M","?","R","?","R","T","T","M","M","E","$","R","B"],"character_chosen":"IRONCLAD","items_purchased":["OrangePellets","Regal Pillow","Mango","Strawberry","Iron Wave","Demon Form","Mayhem"],"campfire_rested":3,"item_purchase_floors":[21,21,48,48,48,48,48],"current_hp_per_floor":[80,80,69,75,75,75,80,79,79,74,80,80,80,80,80,20,65,63,60,47,47,53,53,22,62,62,62,70,70,71,71,71,54,87,89,96,86,18,18,64,90,90,90,90,79,70,19,40,93,0],"gold":530,"neow_bonus":"RANDOM_COMMON_RELIC","is_prod":false,"is_daily":false,"chose_seed":false,"campfire_upgraded":7,"win_rate":0,"timestamp":1570685894,"path_taken":["M","M","?","M","?","R","M","M","T","M","M","R","?","M","R","BOSS","M","M","M","$","M","R","E","R","T","R","M","?","M","?","R","BOSS","M","M","M","M","?","R","?","R","T","?","M","?","E","$","R","BOSS"],"build_version":"2019-07-17","purchased_purges":2,"victory":false,"max_hp_per_floor":[80,80,80,80,80,80,80,80,80,80,80,80,80,80,80,80,80,80,80,82,82,82,82,84,84,84,84,86,86,88,88,88,90,96,98,100,102,104,104,104,104,104,104,104,104,106,108,129,129,129],"card_choices":[{"not_picked":["True Grit","Heavy Blade"],"picked":"Iron Wave","floor":1},{"not_picked":["Perfected Strike","Carnage"],"picked":"Body Slam","floor":2},{"not_picked":["Spot Weakness","Armaments","Corruption"],"picked":"SKIP","floor":4},{"not_picked":["Flex","Clothesline","Havoc"],"picked":"SKIP","floor":7},{"not_picked":["True Grit","Perfected Strike"],"picked":"Iron Wave","floor":8},{"not_picked":["Rage","Demon Form"],"picked":"Ghostly Armor","floor":10},{"not_picked":["Cleave","Havoc","Clothesline"],"picked":"SKIP","floor":11},{"not_picked":["Clothesline","Clash"],"picked":"Shrug It Off","floor":14},{"not_picked":["Dark Embrace","Berserk"],"picked":"Barricade","floor":16},{"not_picked":["Sword Boomerang+1","Twin Strike"],"picked":"Body Slam","floor":18},{"not_picked":["Rupture","Wild Strike"],"picked":"Battle Trance","floor":19},{"not_picked":["Reaper","Heavy Blade","Shockwave"],"picked":"Singing Bowl","floor":20},{"not_picked":["Clash","Cleave"],"picked":"Body Slam","floor":22},{"not_picked":["Warcry","Thunderclap","Disarm"],"picked":"Singing Bowl","floor":24},{"not_picked":["Headbutt","Heavy Blade","Dual Wield+1"],"picked":"Singing Bowl","floor":28},{"not_picked":["Inflame","Flex","Cleave"],"picked":"Singing Bowl","floor":30},{"not_picked":["Barricade","Immolate","Offering"],"picked":"Singing Bowl","floor":33},{"not_picked":["Feel No Pain","Body Slam"],"picked":"Flame Barrier","floor":34},{"not_picked":["Perfected Strike+1","Searing Blow"],"picked":"Shrug It Off+1","floor":34},{"not_picked":["Havoc","Thunderclap","True Grit"],"picked":"Singing Bowl","floor":34},{"not_picked":["Perfected Strike","Spot Weakness+1","Wild Strike+1"],"picked":"Singing Bowl","floor":34},{"not_picked":["True Grit","Thunderclap+1","Fiend Fire"],"picked":"Singing Bowl","floor":34},{"not_picked":["Reckless Charge+1","Clash","Twin Strike"],"picked":"Singing Bowl","floor":35},{"not_picked":["Evolve","Burning Pact","Sword Boomerang"],"picked":"Singing Bowl","floor":36},{"not_picked":["Perfected Strike","Sword Boomerang","Wild Strike"],"picked":"Singing Bowl","floor":37},{"not_picked":["Fire Breathing+1","Flex+1","Rampage+1"],"picked":"Singing Bowl","floor":38},{"not_picked":["Corruption+1","Warcry"],"picked":"Flame Barrier+1","floor":45},{"not_picked":["Anger","Clothesline+1","Wild Strike+1"],"picked":"Singing Bowl","floor":46},{"not_picked":["Cleave+1","Pommel Strike","Infernal Blade"],"picked":"Singing Bowl","floor":47}],"player_experience":130197,"relics_obtained":[{"floor":9,"key":"Sundial"},{"floor":13,"key":"Singing Bowl"},{"floor":24,"key":"Red Skull"},{"floor":26,"key":"Blue Candle"},{"floor":43,"key":"Bottled Flame"},{"floor":44,"key":"StoneCalendar"},{"floor":47,"key":"Mercury Hourglass"}],"event_choices":[{"damage_healed":0,"gold_gain":75,"player_choice":"Gather Gold","damage_taken":11,"max_hp_gain":0,"max_hp_loss":0,"event_name":"World of Goop","floor":3,"gold_loss":0},{"damage_healed":0,"gold_gain":0,"player_choice":"Grow","damage_taken":0,"max_hp_gain":0,"max_hp_loss":0,"event_name":"Living Wall","floor":5,"gold_loss":0,"cards_upgraded":["Body Slam"]},{"damage_healed":0,"gold_gain":0,"player_choice":"Opened","damage_taken":0,"relics_obtained":["Shovel"],"max_hp_gain":0,"max_hp_loss":0,"event_name":"The Mausoleum","floor":29,"gold_loss":0},{"damage_healed":0,"gold_gain":0,"player_choice":"Ignored","damage_taken":0,"max_hp_gain":0,"max_hp_loss":0,"event_name":"Ghosts","floor":31,"gold_loss":0},{"damage_healed":0,"gold_gain":999,"player_choice":"Gold","damage_taken":0,"max_hp_gain":0,"max_hp_loss":0,"event_name":"MindBloom","floor":39,"gold_loss":0,"cards_obtained":["Normality","Normality"]},{"damage_healed":26,"gold_gain":0,"player_choice":"Writhe","damage_taken":0,"max_hp_gain":0,"max_hp_loss":0,"event_name":"Winding Halls","floor":41,"gold_loss":0,"cards_obtained":["Writhe"]}],"is_beta":false,"boss_relics":[{"not_picked":["Tiny House","Black Star"],"picked":"Sozu"},{"not_picked":["Eternal Feather","Snecko Eye"],"picked":"Orrery"}],"items_purged_floors":[21,48],"is_endless":false,"potions_floor_spawned":[1,7,8,11,16,18,22,24,36,45],"killed_by":"Time Eater","ascension_level":5}