{"gold_per_floor":[113,126,142,154,166,166,195,195,218,235,269,269,279,314,314,390,390,406,60,33,33,233,233,268,279,326,343,393,37,51,83,83,158,158,178,178,22,39,39,39,72,72,72,72],"floor_reached":44,"playtime":2316,"items_purged":["Strike_R"],"score":994,"play_id":"15340bfb-0236-435a-ac83-ac2b81cec715","local_time":"20190824184351","is_ascension_mode":true,"campfire_choices":[{"data":"Uppercut","floor":6,"key":"SMITH"},{"data":"Anger","floor":8,"key":"SMITH"},{"data":"Inflame","floor":12,"key":"SMITH"},{"data":"Evolve","floor":15,"key":"SMITH"},{"data":"Limit Break","floor":23,"key":"SMITH"},{"data":"Shockwave","floor":32,"key":"SMITH"},{"data":"Whirlwind","floor":40,"key":"SMITH"},{"data":"Flame Barrier","floor":42,"key":"SMITH"}],"neow_cost":"PERCENT_DAMAGE","seed_source_timestamp":0,"circlet_count":0,"master_deck":["AscendersBane","Strike_R","Strike_R","Defend_R+1","Defend_R","Defend_R","Defend_R+1","Bash","Power Through","Ghostly Armor","Headbutt","Uppercut+1","Anger+1","Inflame+1","Thunderclap","Reaper","Spot Weakness","True Grit","Evolve+1","Limit Break+1","Flame Barrier+1","Shockwave+1","Whirlwind+1","Battle Trance","Sword Boomerang","Dual Wield","Barricade+1","Shrug It Off","Writhe","Bandage Up","Shrug It Off","Shrug It Off"],"special_seed":0,"relics":["Burning Blood","War Paint","Regal Pillow","Lantern","Centennial Puzzle","Coffee Dripper","Shuriken","Kunai","Bronze Scales","Mummified Hand","Frozen Egg 2","Philosopher\u0027s Stone","Red Skull","Meat on the Bone"],"potions_floor_usage":[5,11,11,14,16,24,27,30],"damage_taken":[{"damage":1.0,"enemies":"Cultist","floor":1.0,"turns":3.0},{"damage":0.0,"enemies":"2 Louse","floor":2.0,"turns":5.0},{"damage":18.0,"enemies":"Jaw Worm","floor":3.0,"turns":8.0},{"damage":10.0,"enemies":"Red Slaver","floor":4.0,"turns":4.0},{"damage":13,"enemies":"Gremlin Gang","floor":5,"turns":4},{"damage":20,"enemies":"3 Sentries","floor":7,"turns":8},{"damage":1,"enemies":"2 Fungi Beasts","floor":10,"turns":3},{"damage":0,"enemies":"Lagavulin","floor":11,"turns":6},{"damage":0,"enemies":"Large Slime","floor":13,"turns":3},{"damage":10,"enemies":"3 Sentries","floor":14,"turns":4},{"damage":41,"enemies":"Slime Boss","floor":16,"turns":7},{"damage":18,"enemies":"Chosen","floor":18,"turns":5},{"damage":4,"enemies":"2 Thieves","floor":20,"turns":4},{"damage":20,"enemies":"Book of Stabbing","floor":24,"turns":5},{"damage":51,"enemies":"Centurion and Healer","floor":25,"turns":8},{"damage":24,"enemies":"Shelled Parasite and Fungi","floor":27,"turns":6},{"damage":29,"enemies":"Sentry and Sphere","floor":30,"turns":6},{"damage":24,"enemies":"Slavers","floor":31,"turns":5},{"damage":27,"enemies":"Champ","floor":33,"turns":9},{"damage":39,"enemies":"3 Darklings","floor":35,"turns":5},{"damage":5,"enemies":"Orb Walker","floor":38,"turns":4},{"damage":50,"enemies":"Reptomancer","floor":41,"turns":6},{"damage":48,"enemies":"Giant Head","floor":44,"turns":6}],"seed_played":"4548882384511355991","potions_obtained":[{"floor":2.0,"key":"SkillPotion"},{"floor":4.0,"key":"Poison Potion"},{"floor":10,"key":"Ancient Potion"},{"floor":11,"key":"Swift Potion"},{"floor":13,"key":"SteroidPotion"},{"floor":16,"key":"GamblersBrew"},{"floor":18,"key":"Block Potion"},{"floor":25,"key":"BloodPotion"},{"floor":33,"key":"SpeedPotion"}],"is_trial":false,"path_per_floor":["M","M","M","M","M","R","E","R","T","M","E","R","M","E","R","B",null,"M","$","M","$","?","R","E","M","T","M","?","$","M","E","R","B",null,"M","?","$","M","$","R","E","R","T","E"],"character_chosen":"IRONCLAD","items_purchased":["Shuriken","Flame Barrier","Mummified Hand","Bandage Up","Shrug It Off"],"campfire_rested":0,"item_purchase_floors":[19,19,29,37,37],"current_hp_per_floor":[55,61,49,45,38,38,24,24,24,29,35,35,47,70,70,59,71,66,66,68,68,68,68,75,60,60,42,42,42,37,37,37,35,65,42,57,57,62,62,62,44,44,44,0],"gold":72,"neow_bonus":"TRANSFORM_TWO_CARDS","is_prod":false,"is_daily":false,"chose_seed":false,"campfire_upgraded":8,"win_rate":0,"timestamp":1566686631,"path_taken":["M","M","M","M","M","R","E","R","T","M","E","R","M","E","R","BOSS","M","$","M","$","?","R","E","M","T","?","?","$","M","E","R","BOSS","M","?","$","M","$","R","E","R","T","E"],"build_version":"2019-07-17","purchased_purges":1,"victory":false,"max_hp_per_floor":[75,75,75,75,75,75,75,75,75,75,75,75,75,75,75,75,75,75,75,75,75,75,75,75,75,75,75,75,75,75,75,75,75,75,75,75,75,75,75,75,75,75,75,75],"card_choices":[{"not_picked":["Armaments","Dropkick","Body Slam"],"picked":"SKIP","floor":1.0},{"not_picked":["Twin Strike","Body Slam"],"picked":"Headbutt","floor":2.0},{"not_picked":["Flame Barrier","Exhume"],"picked":"Uppercut","floor":3.0},{"not_picked":["Flame Barrier","Warcry"],"picked":"Anger","floor":4.0},{"not_picked":["Shockwave","Rampage"],"picked":"Inflame","floor":5},{"not_picked":["Power Through","Blood for Blood"],"picked":"Thunderclap","floor":7},{"not_picked":["Corruption","Searing Blow"],"picked":"Reaper","floor":10},{"not_picked":["Uppercut","Thunderclap"],"picked":"Spot Weakness","floor":11},{"not_picked":["Inflame","Searing Blow"],"picked":"True Grit","floor":13},{"not_picked":["Armaments","Impervious"],"picked":"Evolve","floor":14},{"not_picked":["Berserk","Bludgeon"],"picked":"Limit Break","floor":16},{"not_picked":["Anger","Blood for Blood","Clothesline"],"picked":"SKIP","floor":18},{"not_picked":["Iron Wave","Metallicize+1"],"picked":"Shockwave","floor":20},{"not_picked":["Dark Embrace","Spot Weakness+1","Warcry"],"picked":"SKIP","floor":24},{"not_picked":["Infernal Blade","Sword Boomerang"],"picked":"Whirlwind","floor":25},{"not_picked":["Sword Boomerang+1","Combust"],"picked":"Battle Trance","floor":27},{"not_picked":["Clothesline+1","Armaments"],"picked":"Sword Boomerang","floor":30},{"not_picked":["Hemokinesis","Iron Wave"],"picked":"Dual Wield","floor":31},{"not_picked":["Immolate","Fiend Fire"],"picked":"Barricade+1","floor":33},{"not_picked":["Pommel Strike","Flex"],"picked":"Shrug It Off","floor":35},{"not_picked":["Twin Strike","Clothesline+1"],"picked":"Shrug It Off","floor":38},{"not_picked":["Twin Strike+1","Iron Wave","Perfected Strike"],"picked":"SKIP","floor":41}],"player_experience":907797,"relics_obtained":[{"floor":7,"key":"War Paint"},{"floor":9,"key":"Regal Pillow"},{"floor":11,"key":"Lantern"},{"floor":14,"key":"Centennial Puzzle"},{"floor":24,"key":"Kunai"},{"floor":26,"key":"Bronze Scales"},{"floor":31,"key":"Frozen Egg 2"},{"floor":41,"key":"Red Skull"},{"floor":43,"key":"Meat on the Bone"}],"event_choices":[{"damage_healed":0,"gold_gain":200,"player_choice":"Gold","damage_taken":0,"max_hp_gain":0,"max_hp_loss":0,"event_name":"Wheel of Change","floor":22,"gold_loss":0},{"damage_healed":0,"gold_gain":50,"player_choice":"Stole From Cult","damage_taken":0,"max_hp_gain":0,"max_hp_loss":0,"event_name":"Nest","floor":28,"gold_loss":0},{"damage_healed":15,"gold_gain":0,"player_choice":"Writhe","damage_taken":0,"max_hp_gain":0,"max_hp_loss":0,"event_name":"Winding Halls","floor":36,"gold_loss":0,"cards_obtained":["Writhe"]}],"is_beta":false,"boss_relics":[{"not_picked":["Black Star","White Beast Statue"],"picked":"Coffee Dripper"},{"not_picked":["Velvet Choker","Lizard Tail"],"picked":"Philosopher\u0027s Stone"}],"items_purged_floors":[29],"is_endless":false,"potions_floor_spawned":[2,4,10,11,13,16,18,20,25,33],"killed_by":"Giant Head","ascension_level":18}