{"gold_per_floor":[113,124,124,8,27,60,60,90,117,117,136,136,136,136],"floor_reached":14,"playtime":460,"items_purged":[],"score":137,"play_id":"67cc1da9-6322-43bf-b968-c68a346254f9","local_time":"20190722101220","is_ascension_mode":true,"campfire_choices":[{"floor":7,"key":"REST"},{"data":"Defragment","floor":10,"key":"SMITH"},{"data":"Steam","floor":12,"key":"SMITH"}],"neow_cost":"NONE","seed_source_timestamp":70655908814900,"circlet_count":0,"master_deck":["Strike_B","Strike_B","Strike_B","Strike_B","Defend_B","Defend_B+1","Defend_B","Defend_B+1","Zap+1","Dualcast","Leap","Steam+1","Defragment+1","Conserve Battery","Loop","Capacitor","Self Repair","Streamline"],"relics":["Cracked Core","Boot","Omamori","Darkstone Periapt","War Paint"],"potions_floor_usage":[11],"damage_taken":[{"damage":8,"enemies":"2 Louse","floor":1,"turns":2},{"damage":0,"enemies":"Cultist","floor":2,"turns":4},{"damage":0,"enemies":"Small Slimes","floor":5,"turns":3},{"damage":46,"enemies":"Gremlin Nob","floor":6,"turns":5},{"damage":16,"enemies":"3 Sentries","floor":8,"turns":8},{"damage":12,"enemies":"Gremlin Gang","floor":11,"turns":6},{"damage":9,"enemies":"Blue Slaver","floor":14,"turns":3}],"seed_played":"5956984207344419934","potions_obtained":[{"floor":6,"key":"SpeedPotion"}],"is_trial":false,"path_per_floor":["M","M","?","$","M","E","R","E","T","R","M","R","?","M"],"character_chosen":"DEFECT","items_purchased":["Defragment","Conserve Battery"],"campfire_rested":1,"item_purchase_floors":[4,4],"current_hp_per_floor":[60,60,57,57,57,11,33,17,17,17,12,12,5,0],"gold":136,"neow_bonus":"UPGRADE_CARD","is_prod":false,"is_daily":false,"chose_seed":false,"campfire_upgraded":2,"win_rate":0,"timestamp":1563804740,"path_taken":["M","M","?","$","M","E","R","E","T","R","M","R","?","M"],"build_version":"2019-07-17","purchased_purges":0,"victory":false,"max_hp_per_floor":[75,75,75,75,75,75,75,75,75,75,75,75,75,75],"card_choices":[{"not_picked":["Streamline","Barrage"],"picked":"Leap","floor":1},{"not_picked":["FTL","Hologram"],"picked":"Steam","floor":2},{"not_picked":["Genetic Algorithm","Capacitor"],"picked":"Loop","floor":5},{"not_picked":["Ball Lightning","Amplify"],"picked":"Capacitor","floor":6},{"not_picked":["Rebound","Compile Driver"],"picked":"Self Repair","floor":8},{"not_picked":["Gash","Scrape"],"picked":"Streamline","floor":11}],"player_experience":476525,"relics_obtained":[{"floor":6,"key":"Omamori"},{"floor":8,"key":"Darkstone Periapt"},{"floor":9,"key":"War Paint"}],"event_choices":[{"damage_healed":0,"gold_gain":0,"player_choice":"Success","damage_taken":3,"relics_obtained":["Boot"],"max_hp_gain":0,"max_hp_loss":0,"event_name":"Scrap Ooze","floor":3,"gold_loss":0},{"damage_healed":0,"gold_gain":0,"player_choice":"Damaged","damage_taken":7,"max_hp_gain":0,"max_hp_loss":0,"event_name":"Wheel of Change","floor":13,"gold_loss":0}],"is_beta":false,"boss_relics":[],"items_purged_floors":[],"is_endless":false,"potions_floor_spawned":[6],"killed_by":"Blue Slaver","ascension_level":8}