{"gold_per_floor":[115,135,150,160,160,160,178,233,315,315,328,341,4,30,30,105,105,125,25,91,62,112,112,175,203,203,232,232,282,247,265,265,340,340,357,407,457,475,525,552,552,563,563,235,235,270,320,470,470,470,470],"floor_reached":52,"playtime":2469,"items_purged":["Strike_R","Strike_R","Decay"],"score":1966,"play_id":"2ffd19ec-1b41-4b95-8cd3-be4d113bca2f","local_time":"20191011231747","is_ascension_mode":true,"campfire_choices":[{"data":"Carnage","floor":6.0,"key":"SMITH"},{"data":"Uppercut","floor":10.0,"key":"SMITH"},{"data":"Whirlwind","floor":15.0,"key":"SMITH"},{"data":"Corruption","floor":23,"key":"SMITH"},{"floor":28,"key":"REST"},{"data":"Feel No Pain","floor":32,"key":"SMITH"},{"data":"Demon Form","floor":41,"key":"SMITH"},{"data":"Panache","floor":45,"key":"SMITH"},{"data":"Feel No Pain","floor":49,"key":"SMITH"}],"neow_cost":"TEN_PERCENT_HP_LOSS","seed_source_timestamp":133351560183900,"circlet_count":0,"master_deck":["AscendersBane","Defend_R","Defend_R","Defend_R","Bash","Metallicize","Brutality","Thunderclap","Carnage+1","Iron Wave","Clothesline","Uppercut+1","Whirlwind+1","Disarm","Feel No Pain+1","Shrug It Off","Demon Form+1","Sword Boomerang+1","Shrug It Off","Corruption+1","Injury","Shockwave","Shrug It Off","Flame Barrier","Inflame","Fiend Fire","Reaper","CurseOfTheBell","Heavy Blade+1","Panache+1","Shockwave+1","Feel No Pain+1","Warcry+1","Blind+1","Impervious+1","Writhe","Dual Wield+1"],"special_seed":0,"relics":["Burning Blood","SsserpentHead","Tiny Chest","Pantograph","Chemical X","Turnip","Cursed Key","Red Skull","Du-Vu Doll","Dream Catcher","Singing Bowl","Calling Bell","Strawberry","HornCleat","WingedGreaves","Toxic Egg 2","Dead Branch","Letter Opener","StoneCalendar"],"potions_floor_usage":[20,22,24,25],"damage_taken":[{"damage":8.0,"enemies":"Jaw Worm","floor":1.0,"turns":5.0},{"damage":10.0,"enemies":"Cultist","floor":2.0,"turns":4.0},{"damage":9.0,"enemies":"Small Slimes","floor":3.0,"turns":6.0},{"damage":10.0,"enemies":"Exordium Thugs","floor":4.0,"turns":4.0},{"damage":9.0,"enemies":"Blue Slaver","floor":7.0,"turns":2.0},{"damage":15.0,"enemies":"Lagavulin","floor":8.0,"turns":6.0},{"damage":7.0,"enemies":"Large Slime","floor":11.0,"turns":7.0},{"damage":0.0,"enemies":"2 Fungi Beasts","floor":12.0,"turns":2.0},{"damage":27.0,"enemies":"Gremlin Nob","floor":14.0,"turns":4.0},{"damage":24.0,"enemies":"The Guardian","floor":16.0,"turns":10.0},{"damage":16.0,"enemies":"Shell Parasite","floor":18.0,"turns":5.0},{"damage":21,"enemies":"3 Byrds","floor":20,"turns":4},{"damage":18,"enemies":"Snake Plant","floor":24,"turns":3},{"damage":15,"enemies":"Gremlin Leader","floor":25,"turns":7},{"damage":11,"enemies":"Book of Stabbing","floor":27,"turns":5},{"damage":1,"enemies":"Cultist and Chosen","floor":31,"turns":2},{"damage":47,"enemies":"Automaton","floor":33,"turns":7},{"damage":33,"enemies":"3 Shapes","floor":35,"turns":13},{"damage":12,"enemies":"Orb Walker","floor":38,"turns":5},{"damage":47,"enemies":"Giant Head","floor":40,"turns":7},{"damage":27,"enemies":"3 Darklings","floor":42,"turns":8},{"damage":83,"enemies":"Reptomancer","floor":46,"turns":6},{"damage":0,"enemies":"Mind Bloom Boss Battle","floor":48,"turns":5},{"damage":62,"enemies":"Time Eater","floor":50,"turns":12},{"damage":36,"enemies":"Donu and Deca","floor":51,"turns":5}],"seed_played":"3702422071546061350","potions_obtained":[{"floor":2.0,"key":"Block Potion"},{"floor":4.0,"key":"GamblersBrew"},{"floor":7.0,"key":"Explosive Potion"},{"floor":16.0,"key":"LiquidBronze"},{"floor":20,"key":"SmokeBomb"},{"floor":22,"key":"Fruit Juice"},{"floor":22,"key":"LiquidBronze"},{"floor":35,"key":"Fire Potion"},{"floor":38,"key":"FairyPotion"}],"is_trial":false,"path_per_floor":["M","M","M","M","?","R","M","E","T","R","M","M","$","E","R","B",null,"M","$","M","$","?","R","M","E","T","E","R","?","?","M","R","B",null,"M","?","?","M","T","E","R","M","T","$","R","E","?","?","R","B","B",null],"character_chosen":"IRONCLAD","items_purchased":["Feel No Pain","Chemical X","Shrug It Off","Corruption","Feel No Pain","Warcry+1","Blind+1"],"campfire_rested":1,"item_purchase_floors":[13,13,13,21,44,44,44],"current_hp_per_floor":[66,62,59,55,55,55,52,43,43,43,42,48,48,27,27,34,60,50,50,35,35,40,40,28,19,19,14,35,35,35,40,40,24,68,54,54,48,57,57,55,55,43,43,43,43,13,31,62,62,88,58],"gold":470,"neow_bonus":"TRANSFORM_TWO_CARDS","is_prod":false,"is_daily":false,"chose_seed":false,"campfire_upgraded":8,"win_rate":0,"timestamp":1570850267,"path_taken":["M","M","M","M","?","R","M","E","T","R","M","M","$","E","R","BOSS","M","$","?","?","?","R","?","E","T","E","R","?","?","M","R","BOSS","M","?","?","M","?","E","R","M","T","$","R","E","?","?","R","BOSS","BOSS"],"build_version":"2019-10-11","purchased_purges":3,"victory":true,"max_hp_per_floor":[68,68,68,68,68,68,68,68,68,68,68,68,68,68,68,68,68,68,68,68,68,73,73,73,73,73,73,73,73,73,73,73,73,80,80,80,84,84,84,86,86,88,88,88,88,88,88,88,88,88,88],"card_choices":[{"not_picked":["Entrench","Shrug It Off"],"picked":"Thunderclap","floor":1.0},{"not_picked":["Clash","Sword Boomerang"],"picked":"Carnage","floor":2.0},{"not_picked":["Searing Blow","Anger"],"picked":"Iron Wave","floor":3.0},{"not_picked":["Body Slam","Flex"],"picked":"Clothesline","floor":4.0},{"not_picked":["Burning Pact","Body Slam","Heavy Blade"],"picked":"SKIP","floor":7.0},{"not_picked":["Evolve","Metallicize"],"picked":"Uppercut","floor":8.0},{"not_picked":["Metallicize","Headbutt"],"picked":"Whirlwind","floor":11.0},{"not_picked":["Brutality","Cleave"],"picked":"Disarm","floor":12.0},{"not_picked":["Reckless Charge","Body Slam","Twin Strike"],"picked":"SKIP","floor":14.0},{"not_picked":["Exhume","Offering"],"picked":"Demon Form","floor":16.0},{"not_picked":["Heavy Blade","Twin Strike"],"picked":"Sword Boomerang+1","floor":18.0},{"not_picked":["Flex+1","Iron Wave"],"picked":"Shrug It Off","floor":20},{"not_picked":["Perfected Strike+1","Headbutt","Wild Strike"],"picked":"SKIP","floor":24},{"not_picked":["Reckless Charge","Anger","Havoc"],"picked":"SKIP","floor":25},{"not_picked":["Armaments","Clothesline"],"picked":"Shockwave","floor":27},{"not_picked":["Carnage","True Grit"],"picked":"Shrug It Off","floor":28},{"not_picked":["Bloodletting","Perfected Strike"],"picked":"Fiend Fire","floor":31},{"not_picked":["Feed","Bludgeon"],"picked":"Reaper","floor":33},{"not_picked":["Headbutt","Ghostly Armor"],"picked":"Heavy Blade+1","floor":35},{"not_picked":["Good Instincts","Blind"],"picked":"Panache","floor":37},{"not_picked":["HandOfGreed","Mind Blast","Secret Technique"],"picked":"Singing Bowl","floor":37},{"not_picked":["Impatience","Mind Blast","Madness"],"picked":"Singing Bowl","floor":37},{"not_picked":["Thunderclap+1","Pommel Strike"],"picked":"Shockwave+1","floor":38},{"not_picked":["Shockwave+1","Second Wind+1","Havoc+1"],"picked":"Singing Bowl","floor":40},{"not_picked":["Havoc+1","Heavy Blade","Pommel Strike"],"picked":"Singing Bowl","floor":42},{"not_picked":["Shrug It Off+1","Perfected Strike+1"],"picked":"Impervious+1","floor":46},{"not_picked":["Whirlwind+1","Cleave"],"picked":"Dual Wield+1","floor":48}],"player_experience":1305984,"relics_obtained":[{"floor":8.0,"key":"Tiny Chest"},{"floor":9.0,"key":"Pantograph"},{"floor":14.0,"key":"Turnip"},{"floor":25,"key":"Red Skull"},{"floor":26,"key":"Du-Vu Doll"},{"floor":27,"key":"Dream Catcher"},{"floor":34,"key":"Strawberry"},{"floor":34,"key":"HornCleat"},{"floor":34,"key":"WingedGreaves"},{"floor":39,"key":"Toxic Egg 2"},{"floor":40,"key":"Dead Branch"},{"floor":46,"key":"Letter Opener"},{"floor":48,"key":"StoneCalendar"}],"event_choices":[{"damage_healed":0.0,"max_hp_gain":0.0,"max_hp_loss":0.0,"gold_gain":0.0,"event_name":"FaceTrader","player_choice":"Trade","floor":5.0,"gold_loss":0.0,"damage_taken":0.0,"relics_obtained":["SsserpentHead"]},{"damage_healed":0,"gold_gain":0,"player_choice":"Got Potions","damage_taken":0,"max_hp_gain":0,"max_hp_loss":0,"event_name":"Lab","floor":22,"gold_loss":0},{"damage_healed":0,"gold_gain":0,"cards_transformed":["Strike_R","Defend_R"],"player_choice":"Became Test Subject","damage_taken":0,"max_hp_gain":0,"max_hp_loss":0,"event_name":"Drug Dealer","floor":29,"gold_loss":0,"cards_obtained":["Flame Barrier","Inflame"]},{"damage_healed":0,"gold_gain":0,"player_choice":"Obtained Relic","damage_taken":0,"relics_obtained":["Singing Bowl"],"max_hp_gain":0,"max_hp_loss":0,"event_name":"Addict","floor":30,"gold_loss":85},{"damage_healed":0,"gold_gain":0,"player_choice":"Ignored","damage_taken":0,"max_hp_gain":0,"max_hp_loss":0,"event_name":"Tomb of Lord Red Mask","floor":36,"gold_loss":0},{"damage_healed":0,"gold_gain":0,"player_choice":"Memory 3","damage_taken":10,"max_hp_gain":0,"max_hp_loss":0,"event_name":"SensoryStone","floor":37,"gold_loss":0},{"damage_healed":18,"gold_gain":0,"player_choice":"Writhe","damage_taken":0,"max_hp_gain":0,"max_hp_loss":0,"event_name":"Winding Halls","floor":47,"gold_loss":0,"cards_obtained":["Writhe"]},{"damage_healed":0,"gold_gain":0,"player_choice":"Fight","damage_taken":0,"max_hp_gain":0,"max_hp_loss":0,"event_name":"MindBloom","floor":48,"gold_loss":0}],"is_beta":true,"boss_relics":[{"not_picked":["Fusion Hammer","Velvet Choker"],"picked":"Cursed Key"},{"not_picked":["Runic Dome","Philosopher\u0027s Stone"],"picked":"Calling Bell"}],"items_purged_floors":[13,19,44],"is_endless":false,"potions_floor_spawned":[2,4,7,16,18,20,35,38,42,48],"ascension_level":20}