{"gold_per_floor":[109,184,198,212,223,223,250,269,269,269,269,303,317,327,327,428,428,441,452,452,452,463,463,496,496,496,496,514,531,558,571,571,571],"floor_reached":33,"playtime":1663,"items_purged":[],"score":342,"play_id":"b9d701a2-9b19-4758-b6b1-8605d8b82b41","local_time":"20191017000847","is_ascension_mode":true,"campfire_choices":[{"data":"Dodge and Roll","floor":6,"key":"SMITH"},{"floor":10,"key":"REST"},{"data":"Poisoned Stab","floor":15,"key":"SMITH"},{"floor":23,"key":"REST"},{"data":"Envenom","floor":25,"key":"SMITH"},{"data":"Phantasmal Killer","floor":27,"key":"SMITH"},{"floor":32,"key":"REST"}],"neow_cost":"NONE","seed_source_timestamp":6725806704800,"circlet_count":0,"master_deck":["Strike_G","Strike_G","Strike_G","Strike_G","Strike_G","Defend_G","Defend_G","Defend_G","Defend_G","Defend_G","Survivor","Neutralize","Poisoned Stab+1","Quick Slash","Poisoned Stab","Dodge and Roll+1","Sucker Punch+1","PiercingWail","Backstab","Prepared","Cloak And Dagger","Phantasmal Killer+1","PiercingWail","Noxious Fumes","Envenom+1","Deflect","Leg Sweep","Dodge and Roll","Caltrops","Blur"],"relics":["Ring of the Snake","Snake Skull","Incense Burner","Regal Pillow","Smiling Mask","SacredBark","Question Card","Ornamental Fan","Dream Catcher"],"potions_floor_usage":[12,16,16,22,24,30,31,33],"damage_taken":[{"damage":1,"enemies":"Cultist","floor":1,"turns":4},{"damage":3,"enemies":"Jaw Worm","floor":3,"turns":4},{"damage":5,"enemies":"Small Slimes","floor":4,"turns":3},{"damage":5,"enemies":"Looter","floor":5,"turns":3},{"damage":29,"enemies":"3 Sentries","floor":7,"turns":9},{"damage":3,"enemies":"Red Slaver","floor":8,"turns":4},{"damage":0,"enemies":"Lagavulin","floor":12,"turns":5},{"damage":0,"enemies":"Large Slime","floor":13,"turns":6},{"damage":0,"enemies":"2 Fungi Beasts","floor":14,"turns":2},{"damage":52,"enemies":"Slime Boss","floor":16,"turns":18},{"damage":15,"enemies":"Shell Parasite","floor":18,"turns":6},{"damage":8,"enemies":"2 Thieves","floor":19,"turns":5},{"damage":48,"enemies":"3 Cultists","floor":22,"turns":10},{"damage":11,"enemies":"Gremlin Leader","floor":24,"turns":6},{"damage":6,"enemies":"Chosen and Byrds","floor":28,"turns":5},{"damage":23,"enemies":"Sentry and Sphere","floor":29,"turns":7},{"damage":18,"enemies":"Book of Stabbing","floor":30,"turns":7},{"damage":3,"enemies":"3 Cultists","floor":31,"turns":5},{"damage":49,"enemies":"Champ","floor":33,"turns":18}],"seed_played":"-6185129343111802486","potions_obtained":[{"floor":4,"key":"SteroidPotion"},{"floor":7,"key":"Block Potion"},{"floor":12,"key":"Regen Potion"},{"floor":14,"key":"Regen Potion"},{"floor":16,"key":"Poison Potion"},{"floor":18,"key":"Strength Potion"},{"floor":28,"key":"Fire Potion"},{"floor":30,"key":"Block Potion"}],"is_trial":false,"path_per_floor":["M","?","M","M","M","R","E","M","T","R","?","E","M","M","R","B",null,"M","M","?","?","M","R","E","R","T","R","M","M","E","M","R","B"],"character_chosen":"THE_SILENT","items_purchased":[],"campfire_rested":3,"item_purchase_floors":[],"current_hp_per_floor":[69,58,55,50,45,45,16,13,13,49,49,49,49,49,49,12,70,55,47,47,47,39,70,59,59,59,59,53,30,12,9,45,0],"gold":571,"neow_bonus":"RANDOM_COMMON_RELIC","is_prod":false,"is_daily":false,"chose_seed":false,"campfire_upgraded":4,"win_rate":0,"timestamp":1571285327,"path_taken":["M","?","M","M","M","R","E","M","T","R","?","E","M","M","R","BOSS","M","?","?","?","M","R","E","R","T","R","?","M","E","M","R","BOSS"],"build_version":"2019-10-16","purchased_purges":0,"victory":false,"max_hp_per_floor":[70,70,70,70,70,70,70,70,70,70,70,70,70,70,70,70,70,70,70,70,70,70,70,70,70,70,70,70,70,70,70,70,70],"card_choices":[{"not_picked":["Slice","Dagger Throw"],"picked":"Poisoned Stab","floor":1},{"not_picked":["Deflect","Prepared"],"picked":"Quick Slash","floor":3},{"not_picked":["Acrobatics","Dagger Spray"],"picked":"Poisoned Stab","floor":4},{"not_picked":["PiercingWail","Slice"],"picked":"Dodge and Roll","floor":5},{"not_picked":["Corpse Explosion","Heel Hook"],"picked":"Sucker Punch","floor":7},{"not_picked":["Blur","Distraction"],"picked":"PiercingWail","floor":8},{"not_picked":["Phantasmal Killer","Endless Agony"],"picked":"Backstab","floor":12},{"not_picked":["Poisoned Stab","Cloak And Dagger"],"picked":"Prepared","floor":13},{"not_picked":["Infinite Blades","Tactician"],"picked":"Cloak And Dagger","floor":14},{"not_picked":["Storm of Steel","Doppelganger"],"picked":"Phantasmal Killer","floor":16},{"not_picked":["Escape Plan","Quick Slash"],"picked":"PiercingWail","floor":18},{"not_picked":["Slice","Dagger Spray","Backstab"],"picked":"SKIP","floor":19},{"not_picked":["Prepared","Blade Dance","PiercingWail"],"picked":"SKIP","floor":22},{"not_picked":["PiercingWail","Finisher+1"],"picked":"Envenom","floor":24},{"not_picked":["Masterful Stab","Predator","Dagger Throw"],"picked":"Deflect","floor":28},{"not_picked":["Blur+1","Choke","Flying Knee+1"],"picked":"Leg Sweep","floor":29},{"not_picked":["Blade Dance","Deflect+1","Distraction"],"picked":"Dodge and Roll","floor":30},{"not_picked":["Accuracy","Tactician","Infinite Blades"],"picked":"Caltrops","floor":31},{"not_picked":["Acrobatics+1","Prepared","Expertise"],"picked":"Blur","floor":32}],"player_experience":114656,"relics_obtained":[{"floor":7,"key":"Incense Burner"},{"floor":9,"key":"Regal Pillow"},{"floor":12,"key":"Smiling Mask"},{"floor":24,"key":"Question Card"},{"floor":26,"key":"Ornamental Fan"},{"floor":30,"key":"Dream Catcher"}],"event_choices":[{"damage_healed":0,"gold_gain":75,"player_choice":"Gather Gold","damage_taken":11,"max_hp_gain":0,"max_hp_loss":0,"event_name":"World of Goop","floor":2,"gold_loss":0},{"damage_healed":0,"gold_gain":0,"player_choice":"Forge","damage_taken":0,"max_hp_gain":0,"max_hp_loss":0,"event_name":"Accursed Blacksmith","floor":11,"gold_loss":0,"cards_upgraded":["Sucker Punch"]},{"damage_healed":0,"gold_gain":0,"player_choice":"Read","damage_taken":0,"max_hp_gain":0,"max_hp_loss":0,"event_name":"The Library","floor":20,"gold_loss":0,"cards_obtained":["Noxious Fumes"]},{"damage_healed":0,"gold_gain":0,"player_choice":"Got Potions","damage_taken":0,"max_hp_gain":0,"max_hp_loss":0,"event_name":"Lab","floor":21,"gold_loss":0}],"is_beta":true,"boss_relics":[{"not_picked":["WristBlade","Tiny House"],"picked":"SacredBark"}],"items_purged_floors":[],"is_endless":false,"potions_floor_spawned":[4,7,12,14,16,18,19,28,30],"killed_by":"Champ","ascension_level":1}