{"gold_per_floor":[113,69,69,86,104,132,132,157,157,157,168,168,126,161,161,237,237,177,177,177,177,177,177,177,177,177,177,177,177,13,13,13,13,13,13,0,0,0,0,0,0,0],"floor_reached":42,"playtime":2150,"items_purged":[],"score":941,"play_id":"8b85bae3-4da7-4ab9-90ae-86a01f4a478e","local_time":"20191013173822","is_ascension_mode":true,"campfire_choices":[{"data":"Pain","floor":7,"key":"PURGE"},{"data":"Eruption","floor":12,"key":"SMITH"},{"data":"FlurryOfBlows","floor":15,"key":"SMITH"},{"data":"Judgement","floor":23,"key":"SMITH"},{"data":"Scrawl","floor":25,"key":"SMITH"},{"data":"Shame","floor":32,"key":"PURGE"},{"floor":40,"key":"DIG"}],"neow_cost":"NONE","seed_source_timestamp":104380493413600,"circlet_count":0,"master_deck":["AscendersBane","Defend_P+1","Defend_P+1","Defend_P+1","Defend_P+1","Eruption+1","Vigilance","Conclude","InnerPeace","FlurryOfBlows+1","SashWhip","TalkToTheHand","Wireheading+1","Judgement+1","LikeWater+1","Bite","Bite","Bite","Bite","Scrawl+1","Ragnarok","LessonLearned","CurseOfTheBell","EmptyBody","Weave"],"special_seed":0,"relics":["PureWater","NeowsBlessing","WarpedTongs","Peace Pipe","Letter Opener","Frozen Egg 2","Shovel","Ectoplasm","Unceasing Top","MawBank","Akabeko","Calling Bell","Toy Ornithopter","Mercury Hourglass","GoldenEye","Red Mask","Question Card"],"potions_floor_usage":[8,18,24,35,41,41,42],"damage_taken":[{"damage":0.0,"enemies":"Jaw Worm","floor":1.0,"turns":1.0},{"damage":1.0,"enemies":"Cultist","floor":4.0,"turns":1.0},{"damage":2.0,"enemies":"Small Slimes","floor":5.0,"turns":1.0},{"damage":36,"enemies":"Lagavulin","floor":6,"turns":9},{"damage":12,"enemies":"Gremlin Nob","floor":8,"turns":3},{"damage":6,"enemies":"3 Louse","floor":11,"turns":3},{"damage":4,"enemies":"Lagavulin","floor":14,"turns":6},{"damage":0,"enemies":"Slime Boss","floor":16,"turns":6},{"damage":11,"enemies":"2 Thieves","floor":18,"turns":4},{"damage":6,"enemies":"3 Byrds","floor":22,"turns":4},{"damage":13,"enemies":"Gremlin Leader","floor":24,"turns":4},{"damage":20,"enemies":"Shelled Parasite and Fungi","floor":27,"turns":3},{"damage":3,"enemies":"Snake Plant","floor":28,"turns":5},{"damage":71,"enemies":"Automaton","floor":33,"turns":12},{"damage":8,"enemies":"Orb Walker","floor":35,"turns":2},{"damage":5,"enemies":"3 Darklings","floor":39,"turns":4},{"damage":30,"enemies":"Transient","floor":41,"turns":6},{"damage":50,"enemies":"Nemesis","floor":42,"turns":7}],"seed_played":"1131370948491017373","potions_obtained":[{"floor":5,"key":"StancePotion"},{"floor":8,"key":"Energy Potion"},{"floor":16,"key":"Block Potion"},{"floor":22,"key":"EssenceOfSteel"},{"floor":33,"key":"StancePotion"},{"floor":37,"key":"GamblersBrew"},{"floor":41,"key":"Dexterity Potion"}],"is_trial":false,"path_per_floor":["M","$","?","M","M","E","R","E","T","?","M","R","?","E","R","B",null,"M","?","?","?","M","R","E","R","T","M","M","?","$","?","R","B",null,"M","?","?","$","M","R","M","E"],"character_chosen":"WATCHER","items_purchased":["InnerPeace","Ragnarok"],"campfire_rested":0,"item_purchase_floors":[2,30],"current_hp_per_floor":[61,61,61,60,58,22,22,10,10,32,26,26,26,22,22,22,57,46,46,46,47,41,41,41,41,41,31,42,42,42,42,42,13,39,41,41,41,41,44,44,17,0],"gold":0,"neow_bonus":"THREE_ENEMY_KILL","is_prod":false,"is_daily":false,"chose_seed":false,"campfire_upgraded":4,"win_rate":0,"timestamp":1571002702,"path_taken":["M","$","?","?","M","E","R","E","T","?","M","R","?","E","R","BOSS","M","?","?","?","M","R","E","R","T","M","?","?","$","?","R","BOSS","M","?","?","$","M","R","M","E"],"build_version":"2019-10-11","purchased_purges":0,"victory":false,"max_hp_per_floor":[68,68,68,68,68,68,68,68,68,68,68,68,68,68,68,68,68,68,47,47,47,47,47,47,47,47,47,47,47,47,47,47,47,47,47,47,47,47,47,47,47,47],"card_choices":[{"not_picked":["Prostrate","ForeignInfluence"],"picked":"Conclude","floor":1.0},{"not_picked":["InnerPeace","Halt"],"picked":"FlurryOfBlows","floor":4.0},{"not_picked":["Meditate","ThirdEye"],"picked":"SashWhip","floor":5},{"not_picked":["EmptyMind","Conclude"],"picked":"TalkToTheHand","floor":6},{"not_picked":["ClearTheMind","FlyingSleeves","DevaForm"],"picked":"SKIP","floor":8},{"not_picked":["Conclude","EmptyFist"],"picked":"Wireheading+1","floor":11},{"not_picked":["Prostrate","EmptyBody"],"picked":"Judgement","floor":14},{"not_picked":["ThirdEye","Protect"],"picked":"LikeWater+1","floor":18},{"not_picked":["CrushJoints","Consecrate","FlyingSleeves"],"picked":"SKIP","floor":22},{"not_picked":["EmptyBody","Pray"],"picked":"Scrawl","floor":24},{"not_picked":["Conclude","ClearTheMind+1","WindmillStrike"],"picked":"SKIP","floor":27},{"not_picked":["FlyingSleeves","Perseverance","Sanctity"],"picked":"SKIP","floor":28},{"not_picked":["Wish","Devotion+1"],"picked":"LessonLearned","floor":33},{"not_picked":["DeceiveReality","Consecrate+1"],"picked":"EmptyBody","floor":35},{"not_picked":["ThirdEye","Protect","PathToVictory"],"picked":"SKIP","floor":39},{"not_picked":["Protect","BowlingBash","FollowUp"],"picked":"Weave","floor":41}],"player_experience":1322337,"relics_obtained":[{"floor":6,"key":"Peace Pipe"},{"floor":8,"key":"Letter Opener"},{"floor":9,"key":"Frozen Egg 2"},{"floor":14,"key":"Shovel"},{"floor":24,"key":"Unceasing Top"},{"floor":26,"key":"MawBank"},{"floor":34,"key":"Toy Ornithopter"},{"floor":34,"key":"Mercury Hourglass"},{"floor":34,"key":"GoldenEye"},{"floor":40,"key":"Question Card"}],"event_choices":[{"damage_healed":0.0,"max_hp_gain":0.0,"max_hp_loss":0.0,"gold_gain":0.0,"event_name":"Accursed Blacksmith","player_choice":"Rummage","floor":3.0,"gold_loss":0.0,"damage_taken":0.0,"relics_obtained":["WarpedTongs"],"cards_obtained":["Pain"]},{"damage_healed":22,"gold_gain":0,"player_choice":"Banana","damage_taken":0,"max_hp_gain":0,"max_hp_loss":0,"event_name":"Big Fish","floor":10,"gold_loss":0},{"damage_healed":0,"gold_gain":0,"player_choice":"Left Gold","damage_taken":0,"max_hp_gain":0,"max_hp_loss":0,"event_name":"World of Goop","floor":13,"gold_loss":42},{"damage_healed":0,"gold_gain":0,"player_choice":"Became a vampire","damage_taken":0,"max_hp_gain":0,"max_hp_loss":21,"event_name":"Vampires","floor":19,"gold_loss":0,"cards_obtained":["Bite","Bite","Bite","Bite","Bite"]},{"damage_healed":0,"gold_gain":0,"player_choice":"Simplicity","damage_taken":0,"max_hp_gain":0,"max_hp_loss":0,"event_name":"Back to Basics","floor":20,"gold_loss":0,"cards_upgraded":["Defend_P","Defend_P","Defend_P","Defend_P"]},{"cards_removed":["Bite"],"damage_healed":5,"gold_gain":0,"player_choice":"Offered Special","damage_taken":0,"max_hp_gain":0,"max_hp_loss":0,"event_name":"Bonfire Elementals","floor":21,"gold_loss":0},{"damage_healed":0,"gold_gain":0,"player_choice":"Stole Relic","damage_taken":0,"relics_obtained":["Akabeko"],"max_hp_gain":0,"max_hp_loss":0,"event_name":"Addict","floor":29,"gold_loss":0,"cards_obtained":["Shame"]},{"damage_healed":0,"gold_gain":0,"player_choice":"Ignored","damage_taken":0,"max_hp_gain":0,"max_hp_loss":0,"event_name":"Ghosts","floor":31,"gold_loss":0},{"damage_healed":0,"gold_gain":0,"player_choice":"Paid","damage_taken":0,"relics_obtained":["Red Mask"],"max_hp_gain":0,"max_hp_loss":0,"event_name":"Tomb of Lord Red Mask","floor":36,"gold_loss":13},{"damage_healed":0,"gold_gain":0,"player_choice":"Got Potions","damage_taken":0,"max_hp_gain":0,"max_hp_loss":0,"event_name":"Lab","floor":37,"gold_loss":0}],"is_beta":true,"boss_relics":[{"not_picked":["Tiny House","Velvet Choker"],"picked":"Ectoplasm"},{"not_picked":["Busted Crown","Runic Dome"],"picked":"Calling Bell"}],"items_purged_floors":[],"is_endless":false,"potions_floor_spawned":[5,8,16,22,33,41],"killed_by":"Nemesis","ascension_level":18}