{"gold_per_floor":[16,28,47,65,76,104,104,104,104,119,152,152,186,42,42,143,143,159,258,269,269,246,276,346,346],"floor_reached":25,"playtime":1729,"items_purged":["Strike_P"],"score":364,"play_id":"11bc3e15-2903-4cf6-9581-890ff73591e2","local_time":"20190930205631","is_ascension_mode":true,"campfire_choices":[{"data":"Eruption","floor":7.0,"key":"SMITH"},{"floor":12.0,"key":"REST"},{"data":"CrushJoints","floor":15.0,"key":"SMITH"}],"neow_cost":"NO_GOLD","seed_source_timestamp":0,"circlet_count":0,"master_deck":["Eruption+1","Vigilance","Crescendo","Sanctity","SashWhip","WaveOfTheHand","Consecrate","CutThroughFate","CrushJoints+1","Tantrum","Protect","Wireheading","DeusExMachina","EmptyMind","Indignation","Nirvana","Perseverance","Halt","CutThroughFate","Consecrate","FollowUp","EmptyBody"],"special_seed":0,"relics":["PureWater","CaptainsWheel","Oddly Smooth Stone","Dodecahedron","Gremlin Horn","Vajra","Pear","Pandora\u0027s Box","Bottled Flame","Sundial"],"potions_floor_usage":[23,25,25],"damage_taken":[{"damage":0.0,"enemies":"Jaw Worm","floor":1.0,"turns":3.0},{"damage":0.0,"enemies":"2 Louse","floor":2.0,"turns":3.0},{"damage":0.0,"enemies":"Cultist","floor":3.0,"turns":4.0},{"damage":13.0,"enemies":"3 Louse","floor":4.0,"turns":5.0},{"damage":3.0,"enemies":"2 Fungi Beasts","floor":5.0,"turns":3.0},{"damage":32.0,"enemies":"3 Sentries","floor":6.0,"turns":7.0},{"damage":3.0,"enemies":"Blue Slaver","floor":10.0,"turns":4.0},{"damage":11.0,"enemies":"Gremlin Nob","floor":11.0,"turns":4.0},{"damage":2.0,"enemies":"3 Sentries","floor":13.0,"turns":2.0},{"damage":0.0,"enemies":"Slime Boss","floor":16.0,"turns":4.0},{"damage":27,"enemies":"2 Thieves","floor":18,"turns":4},{"damage":16,"enemies":"Spheric Guardian","floor":20,"turns":3},{"damage":20,"enemies":"Slavers","floor":23,"turns":4},{"damage":7,"enemies":"Book of Stabbing","floor":25,"turns":4}],"seed_played":"2779434304606373285","potions_obtained":[{"floor":4.0,"key":"Ancient Potion"},{"floor":5.0,"key":"GamblersBrew"},{"floor":6.0,"key":"Energy Potion"},{"floor":11.0,"key":"EssenceOfSteel"},{"floor":20,"key":"Fire Potion"},{"floor":23,"key":"Swift Potion"}],"is_trial":false,"path_per_floor":["M","M","M","M","M","E","R","?","T","M","E","R","E","$","R","B",null,"M","?","M","?","$","E","T","E"],"character_chosen":"WATCHER","items_purchased":["Wireheading","FollowUp"],"campfire_rested":1,"item_purchase_floors":[14,22],"current_hp_per_floor":[72,72,72,59,56,24,24,17,17,14,3,24,32,32,32,32,70,43,43,27,27,27,7,7,0],"gold":346,"neow_bonus":"ONE_RARE_RELIC","is_prod":false,"is_daily":false,"chose_seed":false,"campfire_upgraded":2,"win_rate":0,"timestamp":1569891391,"path_taken":["M","M","M","M","M","E","R","?","T","M","E","R","E","$","R","BOSS","M","?","M","?","$","E","?","E"],"build_version":"2019-09-27","purchased_purges":1,"victory":false,"max_hp_per_floor":[72,72,72,72,72,72,72,72,72,72,72,72,82,82,82,82,82,82,82,82,82,82,82,82,82],"card_choices":[{"not_picked":["FlyingSleeves","EmptyFist"],"picked":"Crescendo","floor":1.0},{"not_picked":["Fasting","MasterReality"],"picked":"Sanctity","floor":2.0},{"not_picked":["Prostrate","Weave"],"picked":"SashWhip","floor":3.0},{"not_picked":["Halt","Consecrate"],"picked":"WaveOfTheHand","floor":4.0},{"not_picked":["Weave","Halt"],"picked":"Consecrate","floor":5.0},{"not_picked":["Establishment","ClearTheMind"],"picked":"CutThroughFate","floor":6.0},{"not_picked":["Sanctity","ClearTheMind"],"picked":"CrushJoints","floor":10.0},{"not_picked":["CutThroughFate","SashWhip"],"picked":"Tantrum","floor":11.0},{"not_picked":["Worship","CarveReality"],"picked":"Protect","floor":13.0},{"not_picked":["SignatureMove","Vault"],"picked":"Alpha","floor":16.0},{"not_picked":["WreathOfFlame","FlyingSleeves","WindmillStrike+1"],"picked":"SKIP","floor":18},{"not_picked":["Sanctity","BattleHymn"],"picked":"Consecrate","floor":20},{"not_picked":["Tantrum+1","Wireheading"],"picked":"EmptyBody","floor":23}],"player_experience":1184547,"relics_obtained":[{"floor":6.0,"key":"Oddly Smooth Stone"},{"floor":9.0,"key":"Gremlin Horn"},{"floor":11.0,"key":"Vajra"},{"floor":13.0,"key":"Pear"},{"floor":23,"key":"Bottled Flame"},{"floor":24,"key":"Sundial"}],"event_choices":[{"damage_healed":0.0,"max_hp_gain":0.0,"max_hp_loss":0.0,"gold_gain":0.0,"event_name":"Scrap Ooze","player_choice":"Success","floor":8.0,"gold_loss":0.0,"damage_taken":7.0,"relics_obtained":["Dodecahedron"]},{"damage_healed":0,"gold_gain":99,"player_choice":"Stole From Cult","damage_taken":0,"max_hp_gain":0,"max_hp_loss":0,"event_name":"Nest","floor":19,"gold_loss":0},{"cards_removed":["Alpha"],"damage_healed":0,"gold_gain":0,"player_choice":"Elegance","damage_taken":0,"max_hp_gain":0,"max_hp_loss":0,"event_name":"Back to Basics","floor":21,"gold_loss":0}],"is_beta":true,"boss_relics":[{"not_picked":["Velvet Choker","Runic Dome"],"picked":"Pandora\u0027s Box"}],"items_purged_floors":[14],"is_endless":false,"potions_floor_spawned":[4,5,6,11,20,23],"killed_by":"Book of Stabbing","ascension_level":5}