{"gold_per_floor":[116,116,136,151,326,357,357,380,435,435,179,179,197,226,226,322,322,333,351,366,79,97,126,126,126,174,174,187,187,205,234,234,334,334,350,364,378,396,142,168,184,201,269,269,269,296,24,24,24,24],"floor_reached":51,"playtime":3443,"items_purged":["Doubt","Bash","Armaments"],"score":782,"play_id":"4876751c-e144-4936-8c08-559704f900d3","local_time":"20190918203304","is_ascension_mode":false,"campfire_choices":[{"data":"Heavy Blade","floor":7,"key":"SMITH"},{"data":"Inflame","floor":10,"key":"SMITH"},{"data":"Flex","floor":12,"key":"SMITH"},{"data":"Twin Strike","floor":15,"key":"SMITH"},{"floor":24,"key":"REST"},{"data":"Bandage Up","floor":29,"key":"SMITH"},{"data":"Spot Weakness","floor":32,"key":"SMITH"},{"data":"Demon Form","floor":44,"key":"SMITH"},{"floor":49,"key":"REST"}],"neow_cost":"NONE","seed_source_timestamp":501097662106300,"circlet_count":0,"master_deck":["Strike_R+1","Strike_R+1","Strike_R+1","Strike_R+1","Defend_R+1","Defend_R+1","Defend_R+1","Inflame+1","Twin Strike+1","Heavy Blade+1","Flex+1","Spot Weakness+1","Inflame","Double Tap","Twin Strike+1","Pummel","Bandage Up+1","Pommel Strike+1","Headbutt","Pommel Strike+1","Demon Form+1","Heavy Blade+1"],"relics":["Burning Blood","Regal Pillow","Bag of Marbles","Boot","Red Skull","Blood Vial","Empty Cage","TheAbacus","Dodecahedron","Strawberry","Pen Nib","Busted Crown","Vajra","Dream Catcher","Bottled Tornado","Mercury Hourglass","Centennial Puzzle","Lantern"],"potions_floor_usage":[23,33,46,50],"damage_taken":[{"damage":6,"enemies":"Cultist","floor":1,"turns":5},{"damage":10,"enemies":"Jaw Worm","floor":3,"turns":4},{"damage":8,"enemies":"2 Louse","floor":4,"turns":4},{"damage":35,"enemies":"3 Sentries","floor":6,"turns":10},{"damage":16,"enemies":"Gremlin Gang","floor":13,"turns":5},{"damage":5,"enemies":"Gremlin Nob","floor":14,"turns":3},{"damage":39,"enemies":"Hexaghost","floor":16,"turns":6},{"damage":9,"enemies":"Chosen","floor":18,"turns":5},{"damage":19,"enemies":"Spheric Guardian","floor":19,"turns":4},{"damage":10,"enemies":"3 Cultists","floor":20,"turns":4},{"damage":25,"enemies":"Snecko","floor":22,"turns":4},{"damage":43,"enemies":"Slavers","floor":23,"turns":5},{"damage":4,"enemies":"Centurion and Healer","floor":28,"turns":3},{"damage":0,"enemies":"Snake Plant","floor":30,"turns":1},{"damage":79,"enemies":"Gremlin Leader","floor":31,"turns":6},{"damage":60,"enemies":"Automaton","floor":33,"turns":6},{"damage":10,"enemies":"3 Shapes","floor":35,"turns":2},{"damage":17,"enemies":"Orb Walker","floor":36,"turns":3},{"damage":41,"enemies":"Maw","floor":37,"turns":5},{"damage":24,"enemies":"Jaw Worm Horde","floor":38,"turns":4},{"damage":2,"enemies":"Reptomancer","floor":40,"turns":2},{"damage":0,"enemies":"Transient","floor":41,"turns":5},{"damage":32,"enemies":"Spire Growth","floor":42,"turns":3},{"damage":50,"enemies":"Nemesis","floor":46,"turns":3},{"damage":56,"enemies":"Donu and Deca","floor":50,"turns":5}],"seed_played":"6625310114541366227","potions_obtained":[{"floor":13,"key":"Fire Potion"},{"floor":14,"key":"Fire Potion"},{"floor":16,"key":"Strength Potion"},{"floor":27,"key":"FairyPotion"},{"floor":30,"key":"BloodPotion"},{"floor":33,"key":"FearPotion"},{"floor":36,"key":"Energy Potion"},{"floor":38,"key":"SteroidPotion"},{"floor":46,"key":"Fire Potion"}],"is_trial":false,"path_per_floor":["M","?","M","M","?","E","R","T","T","R","$","R","M","E","R","B",null,"M","M","M","$","M","E","R","?","T","?","M","R","M","E","R","B",null,"M","M","M","M","$","E","M","M","T","R","T","E","$","?","R","B",null],"character_chosen":"IRONCLAD","items_purchased":["Flex","Red Skull","TheAbacus","Bandage Up","Vajra","Lantern"],"campfire_rested":2,"item_purchase_floors":[11,11,21,21,39,47],"current_hp_per_floor":[88,93,89,87,87,58,58,58,58,58,58,58,48,49,49,18,93,90,79,77,77,60,29,71,71,78,78,82,82,90,25,25,14,100,96,87,60,50,50,56,70,52,52,52,52,16,16,16,61,19],"gold":24,"neow_bonus":"TEN_PERCENT_HP_BONUS","is_prod":false,"is_daily":false,"chose_seed":false,"campfire_upgraded":7,"win_rate":0,"timestamp":1568853184,"path_taken":["M","?","M","M","?","E","R","?","T","R","$","R","M","E","R","BOSS","M","M","M","$","M","E","R","?","T","?","M","R","M","E","R","BOSS","M","M","M","M","$","E","?","M","T","R","?","E","$","?","R","BOSS"],"build_version":"2019-07-17","purchased_purges":3,"victory":true,"max_hp_per_floor":[88,93,93,93,93,93,93,93,93,93,93,93,93,93,93,93,93,93,93,93,93,93,93,93,93,100,100,100,100,100,100,100,100,100,100,100,100,100,100,100,100,100,100,100,100,100,100,100,100,100],"card_choices":[{"not_picked":["Flex","Pommel Strike"],"picked":"Inflame","floor":1},{"not_picked":["Rupture","Power Through"],"picked":"Armaments","floor":3},{"not_picked":["Disarm","Cleave"],"picked":"Twin Strike","floor":4},{"not_picked":["Shrug It Off","Double Tap"],"picked":"Heavy Blade","floor":6},{"not_picked":["Sword Boomerang","Feel No Pain"],"picked":"Spot Weakness","floor":13},{"not_picked":["Second Wind","Berserk"],"picked":"Inflame","floor":14},{"not_picked":["Barricade","Dark Embrace"],"picked":"Double Tap","floor":16},{"not_picked":["Dropkick+1","Dual Wield+1"],"picked":"Twin Strike+1","floor":18},{"not_picked":["Armaments","Searing Blow","Reckless Charge"],"picked":"SKIP","floor":19},{"not_picked":["Spot Weakness","Armaments+1"],"picked":"Pummel","floor":20},{"not_picked":["Iron Wave+1","Pommel Strike","Flame Barrier+1"],"picked":"SKIP","floor":22},{"not_picked":["Rupture+1","Warcry"],"picked":"Pommel Strike+1","floor":23},{"not_picked":["Perfected Strike","Body Slam+1"],"picked":"Headbutt","floor":28},{"not_picked":["Thunderclap","Fire Breathing"],"picked":"Pommel Strike+1","floor":30},{"not_picked":["Uppercut","Warcry","Offering"],"picked":"SKIP","floor":31},{"not_picked":["Barricade","Dark Embrace"],"picked":"Demon Form","floor":33},{"not_picked":["Clothesline"],"picked":"SKIP","floor":35},{"not_picked":["Anger"],"picked":"SKIP","floor":36},{"not_picked":["Flame Barrier"],"picked":"SKIP","floor":37},{"not_picked":[],"picked":"Heavy Blade+1","floor":38},{"not_picked":["Perfected Strike+1"],"picked":"SKIP","floor":40},{"not_picked":["Thunderclap+1"],"picked":"SKIP","floor":41},{"not_picked":["Carnage+1"],"picked":"SKIP","floor":42},{"not_picked":["Uppercut+1"],"picked":"SKIP","floor":46}],"player_experience":15816,"relics_obtained":[{"floor":6,"key":"Regal Pillow"},{"floor":8,"key":"Bag of Marbles"},{"floor":9,"key":"Boot"},{"floor":14,"key":"Blood Vial"},{"floor":23,"key":"Dodecahedron"},{"floor":26,"key":"Strawberry"},{"floor":31,"key":"Pen Nib"},{"floor":40,"key":"Dream Catcher"},{"floor":43,"key":"Bottled Tornado"},{"floor":45,"key":"Mercury Hourglass"},{"floor":46,"key":"Centennial Puzzle"}],"event_choices":[{"damage_healed":0,"gold_gain":0,"player_choice":"Donut","damage_taken":0,"max_hp_gain":5,"max_hp_loss":0,"event_name":"Big Fish","floor":2,"gold_loss":0},{"damage_healed":0,"gold_gain":175,"player_choice":"AGREE","damage_taken":0,"max_hp_gain":0,"max_hp_loss":0,"event_name":"Liars Game","floor":5,"gold_loss":0,"cards_obtained":["Doubt"]},{"damage_healed":0,"gold_gain":0,"player_choice":"Simplicity","damage_taken":0,"max_hp_gain":0,"max_hp_loss":0,"event_name":"Back to Basics","floor":25,"gold_loss":0,"cards_upgraded":["Strike_R","Strike_R","Strike_R","Strike_R","Defend_R","Defend_R","Defend_R"]},{"damage_healed":0,"gold_gain":0,"player_choice":"Got Potions","damage_taken":0,"max_hp_gain":0,"max_hp_loss":0,"event_name":"Lab","floor":27,"gold_loss":0},{"damage_healed":0,"gold_gain":0,"player_choice":"Ignored","damage_taken":0,"max_hp_gain":0,"max_hp_loss":0,"event_name":"Mysterious Sphere","floor":48,"gold_loss":0}],"is_beta":false,"boss_relics":[{"not_picked":["Philosopher\u0027s Stone","Runic Dome"],"picked":"Empty Cage"},{"not_picked":["White Beast Statue","Sozu"],"picked":"Busted Crown"}],"items_purged_floors":[11,39,47],"is_endless":false,"potions_floor_spawned":[13,14,16,22,28,30,31,33,36,38,41,46],"ascension_level":0}