{"gold_per_floor":[112,187,200,216,228,228,240,240,240,259,275,293,307,318,318,419,419,433,433,452,377,396,396,446,463,463,463,481,481,500,500],"floor_reached":31,"playtime":2789,"items_purged":[],"score":261,"play_id":"5bbb8f09-d959-435c-a1fb-09721bdc232a","local_time":"20191006194112","is_ascension_mode":true,"campfire_choices":[{"data":"Chill","floor":6,"key":"SMITH"},{"data":"Loop","floor":8,"key":"SMITH"},{"data":"Buffer","floor":15,"key":"SMITH"},{"data":"White Noise","floor":23,"key":"SMITH"},{"data":"Conserve Battery","floor":27,"key":"SMITH"},{"data":"Loop","floor":29,"key":"SMITH"}],"neow_cost":"NONE","seed_source_timestamp":149970105716500,"circlet_count":0,"master_deck":["Strike_B","Strike_B","Defend_B","Defend_B","Defend_B","Defend_B","Zap","Dualcast","Streamline","Coolheaded","Chill+1","Streamline","Loop+1","White Noise+1","Force Field","Conserve Battery+1","Buffer+1","Reboot","Capacitor+1","Loop+1","Conserve Battery+1","Coolheaded","White Noise"],"relics":["Cracked Core","NeowsBlessing","Pen Nib","Philosopher\u0027s Stone","Shuriken"],"potions_floor_usage":[11,11,13,16,16],"damage_taken":[{"damage":0,"enemies":"Small Slimes","floor":1,"turns":1},{"damage":0,"enemies":"2 Louse","floor":3,"turns":1},{"damage":0,"enemies":"Cultist","floor":4,"turns":1},{"damage":11,"enemies":"2 Fungi Beasts","floor":5,"turns":3},{"damage":0,"enemies":"Lots of Slimes","floor":7,"turns":4},{"damage":1,"enemies":"Blue Slaver","floor":10,"turns":4},{"damage":0,"enemies":"Gremlin Gang","floor":11,"turns":3},{"damage":1,"enemies":"2 Fungi Beasts","floor":12,"turns":3},{"damage":8,"enemies":"Exordium Wildlife","floor":13,"turns":3},{"damage":4,"enemies":"Looter","floor":14,"turns":3},{"damage":14,"enemies":"The Guardian","floor":16,"turns":13},{"damage":26,"enemies":"Shell Parasite","floor":18,"turns":6},{"damage":11,"enemies":"Spheric Guardian","floor":20,"turns":6},{"damage":0,"enemies":"Snecko","floor":22,"turns":5},{"damage":0,"enemies":"Centurion and Healer","floor":25,"turns":7},{"damage":6,"enemies":"Sentry and Sphere","floor":28,"turns":10},{"damage":11,"enemies":"Shelled Parasite and Fungi","floor":30,"turns":11},{"damage":30,"enemies":"Cultist and Chosen","floor":31,"turns":6}],"seed_played":"3993622532386269649","potions_obtained":[{"floor":1,"key":"Swift Potion"},{"floor":3,"key":"GamblersBrew"},{"floor":7,"key":"Poison Potion"},{"floor":10,"key":"Explosive Potion"},{"floor":11,"key":"AttackPotion"},{"floor":13,"key":"SteroidPotion"},{"floor":25,"key":"Energy Potion"},{"floor":28,"key":"SteroidPotion"},{"floor":30,"key":"Strength Potion"}],"is_trial":false,"path_per_floor":["M","?","M","M","M","R","M","R","T","M","M","M","M","M","R","B",null,"M","?","M","?","M","R","?","M","T","R","M","R","M","M"],"character_chosen":"DEFECT","items_purchased":[],"campfire_rested":0,"item_purchase_floors":[],"current_hp_per_floor":[75,64,64,64,53,53,53,53,53,52,52,51,43,39,39,25,75,49,49,38,38,38,38,38,38,38,38,32,32,21,0],"gold":500,"neow_bonus":"THREE_ENEMY_KILL","is_prod":false,"is_daily":false,"chose_seed":false,"campfire_upgraded":6,"win_rate":0,"timestamp":1570405272,"path_taken":["M","?","M","M","M","R","M","R","T","M","M","M","M","M","R","BOSS","M","?","M","?","M","R","?","M","T","R","M","R","?","M"],"build_version":"2019-07-17","purchased_purges":0,"victory":false,"max_hp_per_floor":[75,75,75,75,75,75,75,75,75,75,75,75,75,75,75,75,75,75,75,75,75,75,75,75,75,75,75,75,75,75,75],"card_choices":[{"not_picked":["Double Energy","Compile Driver"],"picked":"Streamline","floor":1},{"not_picked":["Steam","Hello World"],"picked":"Coolheaded","floor":3},{"not_picked":["Darkness","Redo"],"picked":"Chill","floor":4},{"not_picked":["FTL","Compile Driver"],"picked":"Streamline","floor":5},{"not_picked":["Turbo","Go for the Eyes"],"picked":"Loop","floor":7},{"not_picked":["Skim","Fission","Beam Cell"],"picked":"SKIP","floor":10},{"not_picked":["Force Field","Gash"],"picked":"White Noise","floor":11},{"not_picked":["Sweeping Beam","Compile Driver"],"picked":"Force Field","floor":12},{"not_picked":["FTL","Recycle"],"picked":"Conserve Battery","floor":13},{"not_picked":["Stack","Blizzard"],"picked":"Buffer","floor":14},{"not_picked":["Rainbow","Meteor Strike"],"picked":"Reboot","floor":16},{"not_picked":["Hologram+1","Barrage+1"],"picked":"Capacitor+1","floor":18},{"not_picked":["Blizzard","Sweeping Beam","Rebound"],"picked":"SKIP","floor":20},{"not_picked":["Sunder","Skim"],"picked":"Conserve Battery+1","floor":22},{"not_picked":["Compile Driver+1","Sweeping Beam+1"],"picked":"Coolheaded","floor":25},{"not_picked":["Go for the Eyes","Sweeping Beam","Lockon"],"picked":"SKIP","floor":28},{"not_picked":["Biased Cognition","Storm"],"picked":"White Noise","floor":30}],"player_experience":101791,"relics_obtained":[{"floor":9,"key":"Pen Nib"},{"floor":26,"key":"Shuriken"}],"event_choices":[{"damage_healed":0,"gold_gain":75,"player_choice":"Gather Gold","damage_taken":11,"max_hp_gain":0,"max_hp_loss":0,"event_name":"World of Goop","floor":2,"gold_loss":0},{"damage_healed":0,"gold_gain":0,"cards_transformed":["Strike_B","Strike_B"],"player_choice":"Became Test Subject","damage_taken":0,"max_hp_gain":0,"max_hp_loss":0,"event_name":"Drug Dealer","floor":19,"gold_loss":0,"cards_obtained":["Fission","Loop"]},{"cards_removed":["Fission"],"damage_healed":0,"gold_gain":0,"player_choice":"Gave Gold","damage_taken":0,"max_hp_gain":0,"max_hp_loss":0,"event_name":"Beggar","floor":21,"gold_loss":75},{"damage_healed":0,"gold_gain":100,"player_choice":"Bet on Murderer","damage_taken":0,"max_hp_gain":0,"max_hp_loss":0,"event_name":"The Joust","floor":24,"gold_loss":50}],"is_beta":false,"boss_relics":[{"not_picked":["Inserter","Fusion Hammer"],"picked":"Philosopher\u0027s Stone"}],"items_purged_floors":[],"is_endless":false,"potions_floor_spawned":[1,3,7,10,11,13,25,28,30],"killed_by":"Cultist and Chosen","ascension_level":2}