{"gold_per_floor":[118,118,118,11,30,57,69,93,131,155,167,254,298,67,67,146,146,122,122,22,22,42,42,57,76,99,115,115,115],"floor_reached":29,"playtime":870,"items_purged":["Strike_R","Strike_R"],"score":454,"play_id":"b6bcad8f-2e98-40b0-af9e-c75a9054ec83","local_time":"20190831002312","is_ascension_mode":true,"campfire_choices":[{"data":"Bash","floor":7.0,"key":"SMITH"},{"data":"Hemokinesis","floor":11,"key":"SMITH"},{"data":"Demon Form","floor":15,"key":"SMITH"},{"data":"Clothesline","floor":23,"key":"SMITH"},{"floor":28,"key":"REST"}],"neow_cost":"NONE","seed_source_timestamp":148205183263800,"circlet_count":0,"master_deck":["AscendersBane","Strike_R","Defend_R","Defend_R","Defend_R","Defend_R","Bash+1","Hemokinesis+1","Demon Form+1","Cleave+1","Shrug It Off","Sword Boomerang","Thunderclap","Heavy Blade+1","Impervious","Clothesline+1"],"special_seed":0,"relics":["Burning Blood","Omamori","MawBank","Strawberry","Singing Bowl","Whetstone","Snecko Eye","Nilry\u0027s Codex","Boot"],"potions_floor_usage":[13,13,13,16,27,27],"damage_taken":[{"damage":4.0,"enemies":"2 Louse","floor":1.0,"turns":3.0},{"damage":19.0,"enemies":"Jaw Worm","floor":5.0,"turns":5.0},{"damage":35.0,"enemies":"Gremlin Nob","floor":6.0,"turns":4.0},{"damage":4.0,"enemies":"Cultist","floor":8.0,"turns":3.0},{"damage":12,"enemies":"Exordium Wildlife","floor":10,"turns":4},{"damage":7,"enemies":"Lagavulin","floor":13,"turns":5},{"damage":17,"enemies":"Hexaghost","floor":16,"turns":7},{"damage":29,"enemies":"2 Thieves","floor":18,"turns":4},{"damage":13,"enemies":"Spheric Guardian","floor":22,"turns":4},{"damage":14,"enemies":"Centurion and Healer","floor":24,"turns":4},{"damage":12,"enemies":"Snecko","floor":25,"turns":4},{"damage":5,"enemies":"Cultist and Chosen","floor":27,"turns":4},{"damage":53,"enemies":"Slavers","floor":29,"turns":4}],"seed_played":"7378302440028463023","potions_obtained":[{"floor":1.0,"key":"LiquidBronze"},{"floor":10,"key":"EntropicBrew"},{"floor":13,"key":"Strength Potion"},{"floor":18,"key":"Ancient Potion"}],"is_trial":false,"path_per_floor":["M","?","?","$","M","E","R","M","T","M","R","?","E","$","R","B",null,"M","?","$","?","M","R","M","M","T","M","R","E"],"character_chosen":"IRONCLAD","items_purchased":["Cleave","Shrug It Off","Whetstone"],"campfire_rested":1,"item_purchase_floors":[4,4,14],"current_hp_per_floor":[70,70,70,70,57,28,28,30,37,31,31,20,19,19,19,8,64,43,60,60,39,32,32,26,22,22,25,52,0],"gold":115,"neow_bonus":"RANDOM_COMMON_RELIC","is_prod":false,"is_daily":false,"chose_seed":false,"campfire_upgraded":4,"win_rate":0,"timestamp":1567225392,"path_taken":["M","?","?","$","M","E","R","?","T","M","R","?","E","$","R","BOSS","M","?","$","?","M","R","M","M","T","M","R","E"],"build_version":"2019-07-17","purchased_purges":2,"victory":false,"max_hp_per_floor":[75,75,75,75,75,75,75,75,82,82,82,82,82,82,82,82,82,84,84,84,84,84,84,86,88,88,90,90,90],"card_choices":[{"not_picked":["Havoc","Bloodletting"],"picked":"Hemokinesis","floor":1.0},{"not_picked":["Cleave","Pommel Strike"],"picked":"Sword Boomerang","floor":5.0},{"not_picked":["Burning Pact","Pommel Strike","Warcry"],"picked":"SKIP","floor":6.0},{"not_picked":["Headbutt","Power Through","Iron Wave"],"picked":"SKIP","floor":8.0},{"not_picked":["Body Slam","Perfected Strike"],"picked":"Thunderclap","floor":10},{"not_picked":["Body Slam","Iron Wave"],"picked":"Heavy Blade","floor":13},{"not_picked":["Juggernaut","Exhume"],"picked":"Impervious","floor":16},{"not_picked":["Wild Strike","Feel No Pain","Clash"],"picked":"Singing Bowl","floor":18},{"not_picked":["Warcry","Heavy Blade"],"picked":"Clothesline","floor":22},{"not_picked":["Clothesline","Dropkick","Second Wind"],"picked":"Singing Bowl","floor":24},{"not_picked":["Metallicize","Wild Strike","Reckless Charge"],"picked":"Singing Bowl","floor":25},{"not_picked":["Entrench","Rage","Clothesline"],"picked":"Singing Bowl","floor":27}],"player_experience":935864,"relics_obtained":[{"floor":6.0,"key":"MawBank"},{"floor":9.0,"key":"Strawberry"},{"floor":13,"key":"Singing Bowl"},{"floor":21,"key":"Nilry\u0027s Codex"},{"floor":26,"key":"Boot"}],"event_choices":[{"cards_removed":["Strike_R"],"damage_healed":0.0,"max_hp_gain":0.0,"max_hp_loss":0.0,"gold_gain":0.0,"event_name":"Living Wall","player_choice":"Forget","floor":2.0,"gold_loss":0.0,"damage_taken":0.0},{"damage_healed":0.0,"max_hp_gain":0.0,"max_hp_loss":0.0,"gold_gain":0.0,"cards_transformed":["Strike_R"],"event_name":"Transmorgrifier","player_choice":"Transformed","floor":3.0,"gold_loss":0.0,"damage_taken":0.0,"cards_obtained":["Demon Form"]},{"damage_healed":0,"gold_gain":75,"player_choice":"Gather Gold","damage_taken":11,"max_hp_gain":0,"max_hp_loss":0,"event_name":"World of Goop","floor":12,"gold_loss":0},{"damage_healed":17,"gold_gain":0,"player_choice":"Heal","damage_taken":0,"max_hp_gain":0,"max_hp_loss":0,"event_name":"The Library","floor":19,"gold_loss":0},{"damage_healed":0,"gold_gain":0,"player_choice":"Obtained Book","damage_taken":21,"max_hp_gain":0,"max_hp_loss":0,"event_name":"Cursed Tome","floor":21,"gold_loss":0}],"is_beta":false,"boss_relics":[{"not_picked":["Runic Pyramid","Runic Cube"],"picked":"Snecko Eye"}],"items_purged_floors":[14,20],"is_endless":false,"potions_floor_spawned":[1,10,13,18,24],"killed_by":"Slavers","ascension_level":19}