{"gold_per_floor":[111,36,36,53,71,106,106,121,144,176,176,196,210,190,190,267,267,286,127,142,142,142,142],"floor_reached":23,"playtime":899,"items_purged":["Strike_R"],"score":386,"play_id":"a07dafe7-9c3e-40c9-a7d0-15b420d9d9c9","local_time":"20190828193758","is_ascension_mode":true,"campfire_choices":[{"data":"Bash","floor":7,"key":"SMITH"},{"floor":11,"key":"REST"},{"data":"True Grit","floor":15,"key":"SMITH"}],"neow_cost":"NONE","seed_source_timestamp":412340709613700,"circlet_count":0,"master_deck":["AscendersBane","Strike_R","Strike_R","Strike_R","Strike_R","Defend_R","Defend_R+1","Defend_R+1","Defend_R","Bash+1","Infernal Blade","Rampage","Ghostly Armor","Shrug It Off","Pommel Strike","Clothesline","Feed","True Grit+1","Metallicize","Impervious","Headbutt","Spot Weakness","Thunderclap","Ghostly","Ghostly","Ghostly"],"relics":["Burning Blood","NeowsBlessing","FaceOfCleric","Bag of Marbles","Vajra","War Paint","Velvet Choker"],"potions_floor_usage":[8,10,16,21],"damage_taken":[{"damage":0,"enemies":"Small Slimes","floor":1,"turns":1},{"damage":0,"enemies":"Cultist","floor":4,"turns":1},{"damage":3,"enemies":"Jaw Worm","floor":5,"turns":1},{"damage":46,"enemies":"Lagavulin","floor":6,"turns":7},{"damage":29,"enemies":"Gremlin Gang","floor":8,"turns":6},{"damage":12,"enemies":"3 Sentries","floor":10,"turns":9},{"damage":0,"enemies":"3 Louse","floor":12,"turns":3},{"damage":0,"enemies":"Large Slime","floor":13,"turns":4},{"damage":11,"enemies":"The Guardian","floor":16,"turns":15},{"damage":16,"enemies":"Shell Parasite","floor":18,"turns":11},{"damage":26,"enemies":"Spheric Guardian","floor":20,"turns":10},{"damage":0,"enemies":"Cultist and Chosen","floor":21,"turns":3},{"damage":52,"enemies":"Gremlin Leader","floor":23,"turns":3}],"seed_played":"-3271410846674354083","potions_obtained":[{"floor":1,"key":"FearPotion"},{"floor":8,"key":"SteroidPotion"},{"floor":10,"key":"SteroidPotion"},{"floor":14,"key":"SmokeBomb"},{"floor":16,"key":"Energy Potion"}],"is_trial":false,"path_per_floor":["M","$","?","M","M","E","R","M","T","E","R","M","M","?","R","B",null,"M","$","M","M","?","E"],"character_chosen":"IRONCLAD","items_purchased":["Rampage","Spot Weakness"],"campfire_rested":1,"item_purchase_floors":[2,19],"current_hp_per_floor":[74,74,74,76,77,38,38,16,16,11,35,42,49,49,49,45,74,68,68,52,62,47,0],"gold":142,"neow_bonus":"THREE_ENEMY_KILL","is_prod":false,"is_daily":false,"chose_seed":false,"campfire_upgraded":2,"win_rate":0,"timestamp":1567035478,"path_taken":["M","$","?","M","?","E","R","M","T","E","R","M","?","?","R","BOSS","M","$","M","?","?","E"],"build_version":"2019-07-17","purchased_purges":1,"victory":false,"max_hp_per_floor":[75,75,75,76,77,78,78,79,79,80,80,81,82,82,82,83,83,87,87,91,95,47,47],"card_choices":[{"not_picked":["Bloodletting","Entrench"],"picked":"Infernal Blade","floor":1},{"not_picked":["Pummel","Warcry"],"picked":"Ghostly Armor","floor":4},{"not_picked":["Metallicize","Rampage"],"picked":"Shrug It Off","floor":5},{"not_picked":["Heavy Blade","Body Slam"],"picked":"Pommel Strike","floor":6},{"not_picked":["Rupture","Searing Blow"],"picked":"Clothesline","floor":8},{"not_picked":["Perfected Strike","Armaments"],"picked":"Feed","floor":10},{"not_picked":["Entrench","Perfected Strike"],"picked":"True Grit","floor":12},{"not_picked":["Carnage","Havoc"],"picked":"Metallicize","floor":13},{"not_picked":["Berserk","Exhume"],"picked":"Impervious","floor":16},{"not_picked":["Evolve","Body Slam"],"picked":"Headbutt","floor":18},{"not_picked":["Dropkick","Fire Breathing"],"picked":"Thunderclap","floor":20}],"player_experience":923428,"relics_obtained":[{"floor":6,"key":"Bag of Marbles"},{"floor":9,"key":"Vajra"},{"floor":10,"key":"War Paint"}],"event_choices":[{"damage_healed":0,"gold_gain":0,"player_choice":"Trade","damage_taken":0,"relics_obtained":["FaceOfCleric"],"max_hp_gain":0,"max_hp_loss":0,"event_name":"FaceTrader","floor":3,"gold_loss":0},{"damage_healed":0,"gold_gain":0,"player_choice":"Bought 1 Potion","damage_taken":0,"max_hp_gain":0,"max_hp_loss":0,"event_name":"The Woman in Blue","floor":14,"gold_loss":0},{"damage_healed":0,"gold_gain":0,"player_choice":"Became a Ghost","damage_taken":0,"max_hp_gain":0,"max_hp_loss":48,"event_name":"Ghosts","floor":22,"gold_loss":0,"cards_obtained":["Ghostly","Ghostly","Ghostly"]}],"is_beta":false,"boss_relics":[{"not_picked":["Lizard Tail","Coffee Dripper"],"picked":"Velvet Choker"}],"items_purged_floors":[19],"is_endless":false,"potions_floor_spawned":[1,8,10,16,21],"killed_by":"Gremlin Leader","ascension_level":18}