{"gold_per_floor":[118,43,43,118,189,189,109,109,136,166,184,184,184,196,196,196],"floor_reached":16,"playtime":551,"items_purged":["Strike_R","Strike_R"],"score":178,"play_id":"a54fd166-ccd2-494f-9e84-88b322ab9dda","local_time":"20190117221736","is_ascension_mode":true,"campfire_choices":[{"data":"Bash","floor":6.0,"key":"SMITH"},{"data":"Spot Weakness","floor":8.0,"key":"SMITH"},{"data":"Pommel Strike","floor":13.0,"key":"SMITH"},{"data":"Defend_R","floor":15.0,"key":"SMITH"}],"neow_cost":"NONE","seed_source_timestamp":439739185925205,"circlet_count":0,"master_deck":["AscendersBane","Strike_R","Strike_R","Defend_R","Defend_R","Defend_R","Defend_R+1","Bash+1","Spot Weakness+1","Pommel Strike+1"],"special_seed":0,"relics":["Burning Blood","The Courier","Potion Belt","Orichalcum"],"potions_floor_usage":[16],"damage_taken":[{"damage":9.0,"enemies":"Small Slimes","floor":1.0,"turns":4.0},{"damage":45.0,"enemies":"3 Sentries","floor":10.0,"turns":11.0},{"damage":9.0,"enemies":"Jaw Worm","floor":11.0,"turns":4.0},{"damage":1.0,"enemies":"Cultist","floor":14.0,"turns":3.0},{"damage":24,"enemies":"Hexaghost","floor":16,"turns":9}],"seed_played":"6474178052438154065","potions_obtained":[{"floor":11.0,"key":"GamblersBrew"}],"is_trial":false,"path_per_floor":["M","$","?","?","T","R","$","R","T","E","M","?","R","M","R","B"],"character_chosen":"IRONCLAD","items_purchased":[],"campfire_rested":0,"item_purchase_floors":[],"current_hp_per_floor":[72,72,72,61,61,61,61,61,61,22,19,19,19,24,24,0],"gold":196,"neow_bonus":"TEN_PERCENT_HP_BONUS","is_prod":false,"is_daily":false,"chose_seed":false,"campfire_upgraded":4,"win_rate":0,"timestamp":1547759856,"path_taken":["M","$","?","?","?","R","$","R","T","E","?","?","R","M","R","BOSS"],"build_version":"2019-01-10","purchased_purges":2,"victory":false,"max_hp_per_floor":[82,82,82,82,82,82,82,82,82,82,82,82,82,82,82,82],"card_choices":[{"not_picked":["Flex","Rupture"],"picked":"Spot Weakness","floor":1.0},{"not_picked":["Body Slam","Twin Strike"],"picked":"Pommel Strike","floor":10.0},{"not_picked":["Flex","Sword Boomerang","Rupture"],"picked":"SKIP","floor":11.0},{"not_picked":["Headbutt","Armaments","Pummel"],"picked":"SKIP","floor":14.0}],"player_experience":517445,"relics_obtained":[{"floor":5.0,"key":"The Courier"},{"floor":9.0,"key":"Potion Belt"},{"floor":10.0,"key":"Orichalcum"}],"event_choices":[{"damage_healed":0.0,"max_hp_gain":0.0,"max_hp_loss":0.0,"gold_gain":0.0,"event_name":"Liars Game","player_choice":"Ignored","floor":3.0,"gold_loss":0.0,"damage_taken":0.0},{"damage_healed":0.0,"max_hp_gain":0.0,"max_hp_loss":0.0,"gold_gain":75.0,"event_name":"World of Goop","player_choice":"Gather Gold","floor":4.0,"gold_loss":0.0,"damage_taken":11.0},{"cards_removed":["Strike_R"],"damage_healed":0.0,"max_hp_gain":0.0,"max_hp_loss":0.0,"gold_gain":0.0,"event_name":"Living Wall","player_choice":"Forget","floor":12.0,"gold_loss":0.0,"damage_taken":0.0}],"is_beta":false,"boss_relics":[],"items_purged_floors":[2,7],"is_endless":false,"potions_floor_spawned":[11],"killed_by":"Hexaghost","ascension_level":17}