{"gold_per_floor":[118,30,105,105,125,125,154,154,227,241,272,283,314,332,332,407,407,418,418,430,430,446,446,478,478,478,243,243,257,286,286,286,286],"floor_reached":33,"playtime":1288,"items_purged":["Strike_R"],"score":591,"play_id":"ef1b5a91-4fe4-4ba5-8f29-c372324c3488","local_time":"20190831093318","is_ascension_mode":true,"campfire_choices":[{"data":"Bash","floor":6.0,"key":"SMITH"},{"data":"True Grit","floor":15.0,"key":"SMITH"},{"floor":23.0,"key":"REST"},{"data":"Demon Form","floor":25.0,"key":"SMITH"},{"data":"True Grit","floor":28.0,"key":"SMITH"},{"floor":32.0,"key":"REST"}],"neow_cost":"PERCENT_DAMAGE","seed_source_timestamp":180724239150900,"circlet_count":0,"master_deck":["AscendersBane","Strike_R","Strike_R+1","Strike_R","Strike_R+1","Defend_R","Defend_R","Defend_R","Defend_R+1","Bash+1","Shrug It Off+1","Inflame","Sword Boomerang+1","Clothesline+1","Cleave+1","Metallicize","True Grit+1","Demon Form+1","Pummel+1","Immolate+1","Flame Barrier","Thunderclap+1","True Grit+1","Shrug It Off"],"special_seed":0,"relics":["Burning Blood","Incense Burner","Molten Egg 2","FossilizedHelix","Matryoshka","Potion Belt","Gambling Chip","Mark of Pain","Enchiridion","Art of War","Vajra","The Courier","Medical Kit","War Paint","Meat on the Bone","Whetstone"],"potions_floor_usage":[33],"damage_taken":[{"damage":1.0,"enemies":"2 Louse","floor":1.0,"turns":3.0},{"damage":7.0,"enemies":"Jaw Worm","floor":5.0,"turns":4.0},{"damage":21.0,"enemies":"Lagavulin","floor":7.0,"turns":6.0},{"damage":0.0,"enemies":"Cultist","floor":10.0,"turns":3.0},{"damage":21.0,"enemies":"3 Sentries","floor":11.0,"turns":5.0},{"damage":5.0,"enemies":"Looter","floor":12.0,"turns":3.0},{"damage":21.0,"enemies":"Gremlin Nob","floor":13.0,"turns":4.0},{"damage":3.0,"enemies":"3 Louse","floor":14.0,"turns":5.0},{"damage":9.0,"enemies":"The Guardian","floor":16.0,"turns":12.0},{"damage":0.0,"enemies":"Chosen","floor":18.0,"turns":3.0},{"damage":13.0,"enemies":"3 Byrds","floor":20.0,"turns":5.0},{"damage":26.0,"enemies":"Snake Plant","floor":22.0,"turns":4.0},{"damage":7.0,"enemies":"Slavers","floor":24.0,"turns":4.0},{"damage":15.0,"enemies":"Chosen and Byrds","floor":29.0,"turns":4.0},{"damage":16.0,"enemies":"Book of Stabbing","floor":30.0,"turns":6.0},{"damage":70,"enemies":"Collector","floor":33,"turns":9}],"seed_played":"8820654035615029827","potions_obtained":[{"floor":7.0,"key":"Regen Potion"},{"floor":10.0,"key":"PowerPotion"},{"floor":11.0,"key":"GamblersBrew"},{"floor":16.0,"key":"Fire Potion"},{"floor":20.0,"key":"LiquidBronze"},{"floor":29.0,"key":"Block Potion"}],"is_trial":false,"path_per_floor":["M","$","?","T","M","R","E","?","T","M","E","M","E","M","R","B",null,"M","?","M","?","M","R","E","R","T","$","R","M","E","T","R","B"],"character_chosen":"IRONCLAD","items_purchased":["Inflame","Medical Kit"],"campfire_rested":2,"item_purchase_floors":[2,27],"current_hp_per_floor":[55,55,44,44,43,43,28,53,53,59,44,45,30,33,33,45,68,74,75,68,47,27,49,48,48,48,48,48,39,29,29,51,0],"gold":286,"neow_bonus":"ONE_RARE_RELIC","is_prod":false,"is_daily":false,"chose_seed":false,"campfire_upgraded":4,"win_rate":0,"timestamp":1567258398,"path_taken":["M","$","?","?","?","R","E","?","T","M","E","M","E","M","R","BOSS","M","?","?","?","M","R","E","R","T","$","R","M","E","?","R","BOSS"],"build_version":"2019-07-17","purchased_purges":1,"victory":false,"max_hp_per_floor":[75,75,75,75,75,75,75,75,75,75,75,75,75,75,75,75,75,75,75,75,75,75,75,75,75,75,75,75,75,75,75,75,75],"card_choices":[{"not_picked":["Flex","Pommel Strike"],"picked":"Shrug It Off","floor":1.0},{"not_picked":["Fire Breathing","Pommel Strike+1"],"picked":"Sword Boomerang+1","floor":5.0},{"not_picked":["Brutality","Dual Wield"],"picked":"Clothesline+1","floor":7.0},{"not_picked":["Shockwave","Combust"],"picked":"Cleave+1","floor":10.0},{"not_picked":["Hemokinesis+1","Armaments"],"picked":"Metallicize","floor":11.0},{"not_picked":["Sword Boomerang+1","Shrug It Off"],"picked":"True Grit","floor":12.0},{"not_picked":["Intimidate","Burning Pact"],"picked":"Demon Form","floor":13.0},{"not_picked":["Armaments","Searing Blow+1"],"picked":"Pummel+1","floor":14.0},{"not_picked":["Impervious","Offering"],"picked":"Immolate+1","floor":16.0},{"not_picked":["Second Wind","Evolve"],"picked":"Flame Barrier","floor":18.0},{"not_picked":["Headbutt+1","Blood for Blood+1"],"picked":"Thunderclap+1","floor":20.0},{"not_picked":["Pommel Strike+1","Cleave+1"],"picked":"True Grit","floor":22.0},{"not_picked":["Flex","Pummel+1"],"picked":"Shrug It Off","floor":24.0},{"not_picked":["Armaments","Flame Barrier","Anger+1"],"picked":"SKIP","floor":29.0},{"not_picked":["Perfected Strike+1","Immolate+1","Thunderclap+1"],"picked":"SKIP","floor":30.0}],"player_experience":937185,"relics_obtained":[{"floor":4.0,"key":"Molten Egg 2"},{"floor":7.0,"key":"FossilizedHelix"},{"floor":9.0,"key":"Matryoshka"},{"floor":11.0,"key":"Potion Belt"},{"floor":13.0,"key":"Gambling Chip"},{"floor":21.0,"key":"Enchiridion"},{"floor":24.0,"key":"Art of War"},{"floor":26.0,"key":"Vajra"},{"floor":26.0,"key":"The Courier"},{"floor":30.0,"key":"War Paint"},{"floor":31.0,"key":"Meat on the Bone"},{"floor":31.0,"key":"Whetstone"}],"event_choices":[{"damage_healed":0.0,"max_hp_gain":0.0,"max_hp_loss":0.0,"gold_gain":75.0,"event_name":"World of Goop","player_choice":"Gather Gold","floor":3.0,"gold_loss":0.0,"damage_taken":11.0},{"damage_healed":25.0,"max_hp_gain":0.0,"max_hp_loss":0.0,"gold_gain":0.0,"event_name":"Big Fish","player_choice":"Banana","floor":8.0,"gold_loss":0.0,"damage_taken":0.0},{"damage_healed":1.0,"max_hp_gain":0.0,"max_hp_loss":0.0,"gold_gain":0.0,"event_name":"Wheel of Change","player_choice":"Full Heal","floor":19.0,"gold_loss":0.0,"damage_taken":0.0},{"damage_healed":0.0,"max_hp_gain":0.0,"max_hp_loss":0.0,"gold_gain":0.0,"event_name":"Cursed Tome","player_choice":"Obtained Book","floor":21.0,"gold_loss":0.0,"damage_taken":21.0}],"is_beta":false,"boss_relics":[{"not_picked":["Runic Cube","Orrery"],"picked":"Mark of Pain"}],"items_purged_floors":[27],"is_endless":false,"potions_floor_spawned":[7,10,11,16,20,29],"killed_by":"Collector","ascension_level":19}