{"gold_per_floor":[109,122,136,153,153,187,187,213,238,249,262,86,100,114,114,186,186,160,160,106,156,174,174,174,174,242,242,260,280,296,296,296,296],"floor_reached":33,"playtime":1460,"items_purged":["Strike_R"],"score":521,"play_id":"cc28a478-d749-432b-b009-aa609471babe","local_time":"20190826110311","is_ascension_mode":true,"campfire_choices":[{"floor":7.0,"key":"REST"},{"data":"True Grit","floor":15.0,"key":"SMITH"},{"data":"Immolate","floor":23,"key":"SMITH"},{"data":"Demon Form","floor":25,"key":"SMITH"},{"data":"True Grit","floor":27,"key":"SMITH"},{"data":"Whirlwind","floor":32,"key":"SMITH"}],"neow_cost":"NONE","seed_source_timestamp":208062829590400,"circlet_count":0,"master_deck":["AscendersBane","Defend_R+1","Defend_R+1","Defend_R+1","Defend_R+1","Bash+1","Headbutt+1","Battle Trance","True Grit+1","Twin Strike","Demon Form+1","Shrug It Off","Thunderclap","Battle Trance","Heavy Blade","Metallicize","True Grit+1","Immolate+1","Clothesline+1","Bite","Bite","Bite","Bite","Shrug It Off","Whirlwind+1","Shrug It Off"],"special_seed":0,"relics":["Burning Blood","Oddly Smooth Stone","Bottled Lightning","Anchor","Centennial Puzzle","Eternal Feather","Meat on the Bone"],"potions_floor_usage":[33,33],"damage_taken":[{"damage":12.0,"enemies":"Small Slimes","floor":1.0,"turns":5.0},{"damage":0.0,"enemies":"Cultist","floor":2.0,"turns":4.0},{"damage":0.0,"enemies":"2 Louse","floor":3.0,"turns":3.0},{"damage":3.0,"enemies":"Red Slaver","floor":4.0,"turns":6.0},{"damage":46.0,"enemies":"Lagavulin","floor":6.0,"turns":7.0},{"damage":20.0,"enemies":"3 Sentries","floor":8.0,"turns":9.0},{"damage":4.0,"enemies":"Looter","floor":10.0,"turns":3.0},{"damage":8.0,"enemies":"3 Louse","floor":11.0,"turns":3.0},{"damage":4.0,"enemies":"Red Slaver","floor":13.0,"turns":4.0},{"damage":2.0,"enemies":"Large Slime","floor":14.0,"turns":5.0},{"damage":14.0,"enemies":"Hexaghost","floor":16.0,"turns":8.0},{"damage":17.0,"enemies":"2 Thieves","floor":18.0,"turns":5.0},{"damage":55,"enemies":"Spheric Guardian","floor":22,"turns":12},{"damage":0,"enemies":"Centurion and Healer","floor":28,"turns":8},{"damage":26,"enemies":"Cultist and Chosen","floor":29,"turns":4},{"damage":46,"enemies":"Chosen and Byrds","floor":30,"turns":11},{"damage":68,"enemies":"Collector","floor":33,"turns":8}],"seed_played":"3727320467337010109","potions_obtained":[{"floor":6.0,"key":"Block Potion"},{"floor":8.0,"key":"AttackPotion"},{"floor":10.0,"key":"Weak Potion"},{"floor":11.0,"key":"SmokeBomb"},{"floor":14.0,"key":"LiquidBronze"},{"floor":22,"key":"EssenceOfSteel"},{"floor":28,"key":"LiquidBronze"},{"floor":30,"key":"Fire Potion"}],"is_trial":false,"path_per_floor":["M","M","M","M","?","E","R","E","T","M","M","$","M","M","R","B",null,"M","?","$","?","M","R","?","R","T","R","M","M","M","?","R","B"],"character_chosen":"IRONCLAD","items_purchased":["Heavy Blade","Metallicize","Shrug It Off"],"campfire_rested":1,"item_purchase_floors":[12,12,20],"current_hp_per_floor":[62,68,74,75,52,12,34,20,20,22,20,20,22,26,26,18,61,50,50,50,50,21,36,36,51,51,52,52,36,24,24,39,0],"gold":296,"neow_bonus":"RANDOM_COMMON_RELIC","is_prod":false,"is_daily":false,"chose_seed":false,"campfire_upgraded":5,"win_rate":0,"timestamp":1566831791,"path_taken":["M","M","M","M","?","E","R","E","T","M","M","$","M","M","R","BOSS","M","?","$","?","?","R","?","R","T","R","M","?","M","?","R","BOSS"],"build_version":"2019-07-17","purchased_purges":1,"victory":false,"max_hp_per_floor":[75,75,75,75,75,75,75,75,75,75,75,75,75,75,75,75,75,75,52,52,52,52,52,52,52,52,52,52,52,52,52,52,52],"card_choices":[{"not_picked":["Twin Strike","Dropkick"],"picked":"Headbutt","floor":1.0},{"not_picked":["Headbutt","Wild Strike"],"picked":"Battle Trance","floor":2.0},{"not_picked":["Rage","Wild Strike"],"picked":"True Grit","floor":3.0},{"not_picked":["Flex","Wild Strike"],"picked":"Twin Strike","floor":4.0},{"not_picked":["Evolve","Warcry"],"picked":"Demon Form","floor":6.0},{"not_picked":["Sentinel","Exhume"],"picked":"Shrug It Off","floor":8.0},{"not_picked":["Dropkick","Anger"],"picked":"Thunderclap","floor":10.0},{"not_picked":["Sword Boomerang","Second Wind"],"picked":"Battle Trance","floor":11.0},{"not_picked":["Twin Strike","Flex","Searing Blow"],"picked":"SKIP","floor":13.0},{"not_picked":["Dropkick","Perfected Strike"],"picked":"True Grit","floor":14.0},{"not_picked":["Dark Embrace","Barricade"],"picked":"Immolate","floor":16.0},{"not_picked":["Intimidate","Shockwave"],"picked":"Clothesline+1","floor":18.0},{"not_picked":["Thunderclap","Shrug It Off"],"picked":"Whirlwind","floor":22},{"not_picked":["Cleave","Combust"],"picked":"Shrug It Off","floor":28},{"not_picked":["Disarm","Iron Wave","Perfected Strike+1"],"picked":"SKIP","floor":29},{"not_picked":["Ghostly Armor","True Grit","Dual Wield"],"picked":"SKIP","floor":30}],"player_experience":913113,"relics_obtained":[{"floor":6.0,"key":"Bottled Lightning"},{"floor":8.0,"key":"Anchor"},{"floor":9.0,"key":"Centennial Puzzle"},{"floor":26,"key":"Meat on the Bone"}],"event_choices":[{"damage_healed":0.0,"max_hp_gain":0.0,"max_hp_loss":0.0,"gold_gain":0.0,"event_name":"Shining Light","player_choice":"Entered Light","floor":5.0,"gold_loss":0.0,"damage_taken":23.0,"cards_upgraded":["Headbutt","Bash"]},{"damage_healed":0,"gold_gain":0,"player_choice":"Became a vampire","damage_taken":0,"max_hp_gain":0,"max_hp_loss":23,"event_name":"Vampires","floor":19,"gold_loss":0,"cards_obtained":["Bite","Bite","Bite","Bite","Bite"]},{"damage_healed":0,"gold_gain":50,"player_choice":"Pray","damage_taken":0,"max_hp_gain":0,"max_hp_loss":0,"event_name":"Golden Shrine","floor":21,"gold_loss":0},{"cards_removed":["Bite"],"damage_healed":0,"gold_gain":0,"player_choice":"Purged","damage_taken":0,"max_hp_gain":0,"max_hp_loss":0,"event_name":"Purifier","floor":24,"gold_loss":0},{"damage_healed":0,"gold_gain":0,"player_choice":"Simplicity","damage_taken":0,"max_hp_gain":0,"max_hp_loss":0,"event_name":"Back to Basics","floor":31,"gold_loss":0,"cards_upgraded":["Defend_R","Defend_R","Defend_R","Defend_R"]}],"is_beta":false,"boss_relics":[{"not_picked":["Lizard Tail","Runic Cube"],"picked":"Eternal Feather"}],"items_purged_floors":[12],"is_endless":false,"potions_floor_spawned":[6,8,10,11,14,22,28,30],"killed_by":"Collector","ascension_level":18}