{"gold_per_floor":[113,125,138,149,160,160,160,160,184,212,212,228,7,33,33,133,133,143,43,43,63,76,76,107,123,123,133,146,181,198,215,215,318,318,330,349,365,380,390,390,390,390,468,40,74,74,74,91,91,91],"floor_reached":51,"playtime":4131,"items_purged":["Strike_R","Strike_R","Strike_R"],"score":994,"play_id":"76443981-0f5b-4bf3-a705-f78b239299c1","local_time":"20191019225003","is_ascension_mode":true,"campfire_choices":[{"data":"Body Slam","floor":6,"key":"SMITH"},{"data":"Body Slam","floor":8,"key":"SMITH"},{"data":"Body Slam","floor":11,"key":"SMITH"},{"data":"True Grit","floor":15,"key":"SMITH"},{"data":"Iron Wave","floor":23,"key":"SMITH"},{"data":"Shrug It Off","floor":32,"key":"SMITH"},{"data":"Shrug It Off","floor":40,"key":"SMITH"},{"data":"Iron Wave","floor":42,"key":"SMITH"},{"data":"Metallicize","floor":46,"key":"SMITH"},{"data":"Defend_R","floor":49,"key":"SMITH"}],"neow_cost":"NONE","seed_source_timestamp":936228320770800,"circlet_count":0,"master_deck":["Strike_R","Strike_R","Defend_R+1","Defend_R","Defend_R","Defend_R","Bash","Metallicize+1","Body Slam+1","Body Slam+1","True Grit+1","Iron Wave+1","Body Slam+1","Iron Wave+1","Sentinel+1","Body Slam+1","Shrug It Off+1","Ghostly Armor+1","Shrug It Off+1","Power Through+1","Shrug It Off+1","Flame Barrier+1","Master of Strategy+1","Impervious+1","Blind+1","Thinking Ahead+1"],"relics":["Burning Blood","Oddly Smooth Stone","Lantern","Anchor","PreservedInsect","Black Star","Self Forming Clay","Calipers","Potion Belt","The Courier","Blood Vial","Molten Egg 2","Eternal Feather","Toxic Egg 2","Gremlin Horn","Pantograph","Torii"],"potions_floor_usage":[4,10,10,14,18,21,22,24,27,33,39],"damage_taken":[{"damage":2,"enemies":"Jaw Worm","floor":1,"turns":4},{"damage":3,"enemies":"Cultist","floor":2,"turns":3},{"damage":0,"enemies":"Small Slimes","floor":3,"turns":5},{"damage":11,"enemies":"Exordium Thugs","floor":4,"turns":5},{"damage":0,"enemies":"Large Slime","floor":5,"turns":6},{"damage":6,"enemies":"Lagavulin","floor":10,"turns":8},{"damage":0,"enemies":"3 Louse","floor":12,"turns":2},{"damage":9,"enemies":"3 Sentries","floor":14,"turns":6},{"damage":60,"enemies":"Hexaghost","floor":16,"turns":11},{"damage":3,"enemies":"Chosen","floor":18,"turns":6},{"damage":14,"enemies":"3 Byrds","floor":21,"turns":6},{"damage":24,"enemies":"Snecko","floor":22,"turns":7},{"damage":14,"enemies":"Slavers","floor":24,"turns":7},{"damage":1,"enemies":"Centurion and Healer","floor":25,"turns":9},{"damage":15,"enemies":"Sentry and Sphere","floor":27,"turns":7},{"damage":0,"enemies":"Snecko","floor":28,"turns":4},{"damage":0,"enemies":"Book of Stabbing","floor":29,"turns":2},{"damage":0,"enemies":"3 Cultists","floor":30,"turns":5},{"damage":0,"enemies":"Snake Plant","floor":31,"turns":3},{"damage":89,"enemies":"Collector","floor":33,"turns":22},{"damage":6,"enemies":"3 Darklings","floor":35,"turns":13},{"damage":0,"enemies":"Orb Walker","floor":36,"turns":1},{"damage":8,"enemies":"Writhing Mass","floor":37,"turns":5},{"damage":0,"enemies":"Spire Growth","floor":38,"turns":3},{"damage":0,"enemies":"Transient","floor":39,"turns":5},{"damage":0,"enemies":"Nemesis","floor":45,"turns":3},{"damage":0,"enemies":"4 Shapes","floor":48,"turns":3},{"damage":99,"enemies":"Donu and Deca","floor":50,"turns":16}],"seed_played":"9093665339130917403","potions_obtained":[{"floor":1,"key":"FearPotion"},{"floor":4,"key":"AttackPotion"},{"floor":7,"key":"Regen Potion"},{"floor":7,"key":"Weak Potion"},{"floor":10,"key":"PowerPotion"},{"floor":14,"key":"FearPotion"},{"floor":18,"key":"AttackPotion"},{"floor":22,"key":"EssenceOfSteel"},{"floor":24,"key":"Fire Potion"},{"floor":27,"key":"Strength Potion"},{"floor":36,"key":"GamblersBrew"},{"floor":38,"key":"FairyPotion"},{"floor":39,"key":"SpeedPotion"}],"is_trial":false,"path_per_floor":["M","M","M","M","M","R","?","R","T","E","R","M","$","E","R","B",null,"M","$","T","M","M","R","E","M","T","M","M","E","M","M","R","B",null,"M","M","M","M","M","R","?","R","T","$","E","R","?","M","R","B",null],"character_chosen":"IRONCLAD","items_purchased":["Anchor","Master of Strategy+1","Gremlin Horn"],"campfire_rested":0,"item_purchase_floors":[13,44,44],"current_hp_per_floor":[83,86,89,87,95,95,95,95,95,98,98,98,98,95,95,41,84,96,96,96,88,70,70,62,70,70,61,67,76,87,98,98,17,87,89,97,97,105,110,110,110,110,110,110,110,110,105,110,110,17],"gold":91,"neow_bonus":"ONE_RANDOM_RARE_CARD","is_prod":false,"is_daily":false,"chose_seed":false,"campfire_upgraded":10,"win_rate":0,"timestamp":1571539803,"path_taken":["M","M","M","M","M","R","?","R","T","E","R","M","$","E","R","BOSS","M","$","?","M","M","R","E","M","T","M","?","E","M","M","R","BOSS","M","M","M","M","M","R","?","R","T","$","E","R","?","M","R","BOSS"],"build_version":"2019-07-17","purchased_purges":3,"victory":true,"max_hp_per_floor":[83,86,89,92,95,95,95,95,95,98,98,98,98,98,98,98,98,98,98,98,98,98,98,98,101,101,101,101,104,107,110,110,110,110,110,110,110,110,110,110,110,110,110,110,110,110,110,110,110,110],"card_choices":[{"not_picked":["Reckless Charge","Clothesline"],"picked":"Metallicize","floor":1},{"not_picked":["Carnage","Pommel Strike"],"picked":"Body Slam","floor":2},{"not_picked":["Heavy Blade","Immolate"],"picked":"Body Slam","floor":3},{"not_picked":["Clothesline","Dual Wield"],"picked":"True Grit","floor":4},{"not_picked":["Shockwave","Anger"],"picked":"Iron Wave","floor":5},{"not_picked":["Infernal Blade","Headbutt"],"picked":"Body Slam","floor":10},{"not_picked":["Metallicize","Thunderclap","Perfected Strike"],"picked":"SKIP","floor":12},{"not_picked":["Heavy Blade","Pummel","Flex"],"picked":"SKIP","floor":14},{"not_picked":["Infernal Blade","Combust","Cleave"],"picked":"SKIP","floor":18},{"not_picked":["Shockwave","Blood for Blood"],"picked":"Iron Wave","floor":21},{"not_picked":["Metallicize","Evolve"],"picked":"Sentinel+1","floor":22},{"not_picked":["Anger","Demon Form","Headbutt+1"],"picked":"SKIP","floor":24},{"not_picked":["Heavy Blade+1","Perfected Strike+1"],"picked":"Body Slam+1","floor":25},{"not_picked":["Anger+1","Thunderclap","Perfected Strike"],"picked":"SKIP","floor":27},{"not_picked":["Fire Breathing","Warcry+1"],"picked":"Shrug It Off","floor":28},{"not_picked":["Exhume","Corruption","Perfected Strike"],"picked":"SKIP","floor":29},{"not_picked":["Heavy Blade+1","Thunderclap+1"],"picked":"Ghostly Armor+1","floor":30},{"not_picked":["Headbutt+1","Reckless Charge+1","Warcry"],"picked":"SKIP","floor":31},{"not_picked":["Shockwave","Rage"],"picked":"Shrug It Off","floor":35},{"not_picked":["Pommel Strike+1","Body Slam+1"],"picked":"Power Through+1","floor":36},{"not_picked":["Spot Weakness","True Grit"],"picked":"Shrug It Off+1","floor":37},{"not_picked":["Cleave+1","Anger+1","Inflame+1"],"picked":"SKIP","floor":38},{"not_picked":["True Grit+1","Anger+1"],"picked":"Flame Barrier+1","floor":39},{"not_picked":["Pommel Strike+1","Rage+1"],"picked":"Impervious+1","floor":45},{"not_picked":["Discovery+1","The Bomb+1"],"picked":"Blind+1","floor":47},{"not_picked":["Flash of Steel+1","The Bomb+1"],"picked":"Thinking Ahead+1","floor":47},{"not_picked":["Wild Strike+1","Dropkick+1","Dual Wield+1"],"picked":"SKIP","floor":48}],"player_experience":144434,"relics_obtained":[{"floor":9,"key":"Oddly Smooth Stone"},{"floor":10,"key":"Lantern"},{"floor":14,"key":"PreservedInsect"},{"floor":20,"key":"Self Forming Clay"},{"floor":24,"key":"Calipers"},{"floor":24,"key":"Potion Belt"},{"floor":26,"key":"The Courier"},{"floor":29,"key":"Blood Vial"},{"floor":29,"key":"Molten Egg 2"},{"floor":43,"key":"Toxic Egg 2"},{"floor":45,"key":"Pantograph"},{"floor":45,"key":"Torii"}],"event_choices":[{"damage_healed":0,"gold_gain":0,"player_choice":"Got Potions","damage_taken":0,"max_hp_gain":0,"max_hp_loss":0,"event_name":"Lab","floor":7,"gold_loss":0},{"cards_removed":["Feed"],"damage_healed":0,"gold_gain":0,"player_choice":"Removed Attack","damage_taken":0,"max_hp_gain":0,"max_hp_loss":0,"event_name":"Falling","floor":41,"gold_loss":0},{"damage_healed":0,"gold_gain":0,"player_choice":"Memory 2","damage_taken":5,"max_hp_gain":0,"max_hp_loss":0,"event_name":"SensoryStone","floor":47,"gold_loss":0}],"is_beta":false,"boss_relics":[{"not_picked":["Calling Bell","Snecko Eye"],"picked":"Black Star"},{"not_picked":["Cursed Key","Fusion Hammer"],"picked":"Eternal Feather"}],"items_purged_floors":[13,19,44],"is_endless":false,"potions_floor_spawned":[1,4,10,14,18,22,24,27,36,38,39],"ascension_level":5}