{"gold_per_floor":[111,125,125,145,2,34,34,59,82,92,92,92,92,92],"floor_reached":14,"playtime":385,"items_purged":["Strike_B"],"score":172,"play_id":"f1edda1e-9f6d-4e8d-8fd4-841aba29ca46","local_time":"20190813213702","is_ascension_mode":true,"campfire_choices":[{"data":"Static Discharge","floor":7,"key":"SMITH"},{"floor":11,"key":"REST"},{"data":"Zap","floor":13,"key":"SMITH"}],"neow_cost":"NONE","seed_source_timestamp":130109647365500,"circlet_count":0,"master_deck":["AscendersBane","Strike_B+1","Strike_B","Strike_B+1","Defend_B","Defend_B","Defend_B","Defend_B","Zap+1","Dualcast","Cold Snap","Conserve Battery","Compile Driver","Capacitor","Static Discharge+1","Barrage","Conserve Battery"],"relics":["Cracked Core","NeowsBlessing","Pen Nib","Omamori","Boot","Whetstone"],"potions_floor_usage":[],"damage_taken":[{"damage":0,"enemies":"Cultist","floor":1,"turns":1},{"damage":0,"enemies":"Small Slimes","floor":2,"turns":1},{"damage":0,"enemies":"2 Louse","floor":4,"turns":1},{"damage":21,"enemies":"Lagavulin","floor":6,"turns":8},{"damage":15,"enemies":"3 Sentries","floor":8,"turns":8},{"damage":12,"enemies":"Red Slaver","floor":10,"turns":4},{"damage":32,"enemies":"Gremlin Gang","floor":14,"turns":3}],"seed_played":"-3453616025738528113","potions_obtained":[{"floor":6,"key":"Strength Potion"},{"floor":10,"key":"Strength Potion"}],"is_trial":false,"path_per_floor":["M","M","?","M","$","E","R","E","T","M","R","?","R","M"],"character_chosen":"DEFECT","items_purchased":["Capacitor"],"campfire_rested":1,"item_purchase_floors":[5],"current_hp_per_floor":[64,64,53,53,53,32,32,17,17,5,26,31,31,0],"gold":92,"neow_bonus":"THREE_ENEMY_KILL","is_prod":false,"is_daily":false,"chose_seed":false,"campfire_upgraded":2,"win_rate":0,"timestamp":1565746622,"path_taken":["M","?","?","M","$","E","R","E","T","M","R","?","R","M"],"build_version":"2019-07-17","purchased_purges":1,"victory":false,"max_hp_per_floor":[71,71,71,71,71,71,71,71,71,71,71,76,76,76],"card_choices":[{"not_picked":["Barrage","Redo"],"picked":"Cold Snap","floor":1},{"not_picked":["Streamline","Turbo","Conserve Battery"],"picked":"SKIP","floor":2},{"not_picked":["Streamline","Turbo"],"picked":"Conserve Battery","floor":2},{"not_picked":["Rebound","Redo"],"picked":"Compile Driver","floor":4},{"not_picked":["BootSequence","Steam Power"],"picked":"Static Discharge","floor":6},{"not_picked":["Hologram","Hyperbeam"],"picked":"Barrage","floor":8},{"not_picked":["Turbo","Cold Snap"],"picked":"Conserve Battery","floor":10}],"player_experience":733937,"relics_obtained":[{"floor":6,"key":"Omamori"},{"floor":8,"key":"Boot"},{"floor":9,"key":"Whetstone"}],"event_choices":[{"damage_healed":0,"gold_gain":0,"player_choice":"Success","damage_taken":11,"relics_obtained":["Pen Nib"],"max_hp_gain":0,"max_hp_loss":0,"event_name":"Scrap Ooze","floor":3,"gold_loss":0},{"damage_healed":0,"gold_gain":0,"player_choice":"Donut","damage_taken":0,"max_hp_gain":5,"max_hp_loss":0,"event_name":"Big Fish","floor":12,"gold_loss":0}],"is_beta":false,"boss_relics":[],"items_purged_floors":[5],"is_endless":false,"potions_floor_spawned":[6,10],"killed_by":"Gremlin Gang","ascension_level":15}