{"gold_per_floor":[117,131,131,145,29,29,45,45,71,105,33,64,64,91,91,190,190,204,204,30,47,9,44,44,62,87,12,22,22,39,56,56,155,155,165,165,4,358,369,369],"floor_reached":40,"playtime":1653,"items_purged":["Defend_R","Strike_R"],"score":538,"play_id":"c0fc384a-65af-40e5-8463-7c41739edd0e","local_time":"20191019004523","is_ascension_mode":true,"campfire_choices":[{"data":"Shockwave","floor":6,"key":"SMITH"},{"data":"Combust","floor":8,"key":"SMITH"},{"floor":13,"key":"REST"},{"data":"Inflame","floor":15,"key":"SMITH"},{"floor":24,"key":"REST"},{"data":"Corruption","floor":29,"key":"SMITH"},{"floor":32,"key":"REST"}],"neow_cost":"NONE","seed_source_timestamp":12189955451500,"circlet_count":0,"master_deck":["Strike_R","Strike_R","Strike_R+1","Strike_R","Defend_R","Defend_R+1","Defend_R+1","Bash","Shockwave+1","Armaments","Infernal Blade","Combust+1","Dropkick","Flame Barrier","Fire Breathing","Inflame+1","Ghostly Armor","Spot Weakness","Fiend Fire+1","Cleave+1","Feel No Pain","Shrug It Off","Inflame","Corruption+1","Armaments","Immolate","Shrug It Off","Juggernaut","CurseOfTheBell","Dual Wield","Flex+1"],"relics":["Burning Blood","War Paint","Lantern","Darkstone Periapt","Ancient Tea Set","Philosopher\u0027s Stone","Membership Card","Whetstone","Strawberry","Toy Ornithopter","Calling Bell","Bag of Preparation","Pantograph","Shovel","Old Coin"],"potions_floor_usage":[10,19,23,28,28,28,33,33,37,40,40],"damage_taken":[{"damage":15,"enemies":"Small Slimes","floor":1,"turns":4},{"damage":2,"enemies":"Cultist","floor":2,"turns":4},{"damage":9,"enemies":"Jaw Worm","floor":4,"turns":3},{"damage":7,"enemies":"Blue Slaver","floor":7,"turns":5},{"damage":38,"enemies":"3 Sentries","floor":10,"turns":9},{"damage":17,"enemies":"Lagavulin","floor":12,"turns":5},{"damage":18,"enemies":"Gremlin Nob","floor":14,"turns":4},{"damage":19,"enemies":"The Guardian","floor":16,"turns":10},{"damage":36,"enemies":"Shell Parasite","floor":18,"turns":4},{"damage":36,"enemies":"3 Byrds","floor":21,"turns":5},{"damage":19,"enemies":"Book of Stabbing","floor":23,"turns":5},{"damage":35,"enemies":"Snecko","floor":25,"turns":5},{"damage":16,"enemies":"Centurion and Healer","floor":28,"turns":5},{"damage":9,"enemies":"Sentry and Sphere","floor":30,"turns":4},{"damage":4,"enemies":"Cultist and Chosen","floor":31,"turns":4},{"damage":62,"enemies":"Collector","floor":33,"turns":10},{"damage":3,"enemies":"3 Shapes","floor":35,"turns":2},{"damage":45,"enemies":"2 Orb Walkers","floor":38,"turns":4},{"damage":2,"enemies":"3 Darklings","floor":39,"turns":3},{"damage":90,"enemies":"Nemesis","floor":40,"turns":7}],"seed_played":"-8254716683080479895","potions_obtained":[{"floor":2,"key":"SpeedPotion"},{"floor":4,"key":"SpeedPotion"},{"floor":14,"key":"CultistPotion"},{"floor":18,"key":"Explosive Potion"},{"floor":19,"key":"Fruit Juice"},{"floor":19,"key":"EntropicBrew"},{"floor":28,"key":"Block Potion"},{"floor":33,"key":"Weak Potion"},{"floor":38,"key":"SkillPotion"}],"is_trial":false,"path_per_floor":["M","M","?","M","$","R","M","R","T","E","$","E","R","E","R","B",null,"M","?","$","M","$","E","R","M","T","$","M","R","M","M","R","B",null,"M","?","$","?","M","E"],"character_chosen":"IRONCLAD","items_purchased":["Combust","Dropkick","Inflame","Membership Card","Feel No Pain","Toy Ornithopter","Dual Wield","Fruit Juice","Weak Potion"],"campfire_rested":3,"item_purchase_floors":[5,5,11,20,20,27,37,37,37],"current_hp_per_floor":[79,83,75,72,72,72,71,71,71,39,39,28,54,42,42,29,88,58,63,63,33,33,20,47,18,25,25,50,50,47,49,79,33,106,106,106,111,72,76,0],"gold":369,"neow_bonus":"TEN_PERCENT_HP_BONUS","is_prod":false,"is_daily":false,"chose_seed":false,"campfire_upgraded":4,"win_rate":0,"timestamp":1571460323,"path_taken":["M","M","?","?","$","R","M","R","T","E","$","E","R","E","R","BOSS","M","?","$","M","?","E","R","M","T","$","M","R","?","M","R","BOSS","M","?","$","?","M","E"],"build_version":"2019-10-18","purchased_purges":2,"victory":false,"max_hp_per_floor":[88,88,88,88,88,88,88,88,88,88,88,88,88,88,88,88,88,88,93,93,93,93,93,93,93,100,100,100,100,100,100,100,100,106,106,106,111,111,111,111],"card_choices":[{"not_picked":["Anger","Rupture"],"picked":"Shockwave","floor":1},{"not_picked":["Heavy Blade","Seeing Red"],"picked":"Armaments","floor":2},{"not_picked":["Havoc","Battle Trance"],"picked":"Infernal Blade","floor":4},{"not_picked":["Sever Soul","Warcry"],"picked":"Flame Barrier","floor":7},{"not_picked":["Fiend Fire","Bloodletting"],"picked":"Fire Breathing","floor":10},{"not_picked":["Rage","Cleave"],"picked":"Ghostly Armor","floor":12},{"not_picked":["Headbutt","Flame Barrier"],"picked":"Spot Weakness","floor":14},{"not_picked":["Bludgeon","Exhume"],"picked":"Fiend Fire","floor":16},{"not_picked":["Shrug It Off+1","Armaments"],"picked":"Cleave+1","floor":18},{"not_picked":["Armaments","Twin Strike"],"picked":"Shrug It Off","floor":21},{"not_picked":["Whirlwind","Pummel+1"],"picked":"Inflame","floor":23},{"not_picked":["Pommel Strike","Wild Strike"],"picked":"Corruption","floor":25},{"not_picked":["Carnage+1","Flex+1"],"picked":"Armaments","floor":28},{"not_picked":["Flex+1","Body Slam"],"picked":"Immolate","floor":30},{"not_picked":["Sword Boomerang","Anger"],"picked":"Shrug It Off","floor":31},{"not_picked":["Feed","Fiend Fire"],"picked":"Juggernaut","floor":33},{"not_picked":["Feel No Pain","Clash+1","Carnage"],"picked":"SKIP","floor":35},{"not_picked":["Twin Strike+1","Anger+1"],"picked":"Flex+1","floor":38},{"not_picked":["Thunderclap","Shrug It Off","Burning Pact"],"picked":"SKIP","floor":39}],"player_experience":120272,"relics_obtained":[{"floor":9,"key":"War Paint"},{"floor":10,"key":"Lantern"},{"floor":12,"key":"Darkstone Periapt"},{"floor":14,"key":"Ancient Tea Set"},{"floor":23,"key":"Whetstone"},{"floor":26,"key":"Strawberry"},{"floor":34,"key":"Bag of Preparation"},{"floor":34,"key":"Pantograph"},{"floor":34,"key":"Shovel"},{"floor":38,"key":"Old Coin"}],"event_choices":[{"damage_healed":0,"gold_gain":0,"player_choice":"Damaged","damage_taken":8,"max_hp_gain":0,"max_hp_loss":0,"event_name":"Wheel of Change","floor":3,"gold_loss":0},{"damage_healed":0,"gold_gain":0,"player_choice":"Got Potions","damage_taken":0,"max_hp_gain":0,"max_hp_loss":0,"event_name":"Lab","floor":19,"gold_loss":0},{"damage_healed":0,"gold_gain":0,"player_choice":"Ignored","damage_taken":0,"max_hp_gain":0,"max_hp_loss":0,"event_name":"Tomb of Lord Red Mask","floor":36,"gold_loss":0},{"damage_healed":0,"gold_gain":0,"player_choice":"Fight","damage_taken":0,"max_hp_gain":0,"max_hp_loss":0,"event_name":"Mysterious Sphere","floor":38,"gold_loss":0}],"is_beta":true,"boss_relics":[{"not_picked":["Astrolabe","Runic Dome"],"picked":"Philosopher\u0027s Stone"},{"not_picked":["Fusion Hammer","Velvet Choker"],"picked":"Calling Bell"}],"items_purged_floors":[22,37],"is_endless":false,"potions_floor_spawned":[2,4,14,18,21,28,33,38,39],"killed_by":"Nemesis","ascension_level":3}