{"gold_per_floor":[118,118,118,95,109,145,99,99,99,117,132,132,156,181,181,301,301,325,37,55,55,55,55,78,78,104,104,139,139,164,189,189,319,319,339,360,693,706,706,706,720,740,763,763,763,863,43,57,57,57],"floor_reached":51,"playtime":4604,"items_purged":["Parasite"],"score":777,"play_id":"d8c53b08-794c-41fd-892a-5889063103da","local_time":"20190122165429","is_ascension_mode":true,"campfire_choices":[{"data":"Spot Weakness","floor":12,"key":"SMITH"},{"data":"True Grit","floor":15,"key":"SMITH"},{"floor":23,"key":"REST"},{"floor":27,"key":"REST"},{"floor":32,"key":"REST"},{"floor":40,"key":"REST"},{"floor":44,"key":"REST"},{"data":"Disarm","floor":49,"key":"SMITH"}],"neow_cost":"NONE","seed_source_timestamp":178923428019890,"circlet_count":0,"master_deck":["Strike_R","Strike_R","Strike_R","Strike_R","Defend_R","Defend_R","Defend_R","Bash","Armaments","Inflame","Disarm+1","Shrug It Off","Spot Weakness+1","Shrug It Off","True Grit+1","Heavy Blade","Feel No Pain","Twin Strike","Wild Strike+1","Feel No Pain","Iron Wave+1","Burning Pact","Evolve+1","Dark Embrace","Armaments+1","Sword Boomerang+1","Seeing Red+1","Writhe","Iron Wave+1","Seeing Red","Demon Form","Violence","Flash of Steel","Warcry","Warcry"],"relics":["Burning Blood","NeowsBlessing","Pantograph","Oddly Smooth Stone","Blood Vial","Mark of Pain","Medical Kit","Enchiridion","Red Skull","Calipers","Runic Cube","Pen Nib","Pocketwatch","Bottled Flame"],"potions_floor_usage":[16,16,18,50,50,50],"damage_taken":[{"damage":0,"enemies":"2 Louse","floor":1,"turns":1},{"damage":0,"enemies":"Jaw Worm","floor":5,"turns":1},{"damage":0,"enemies":"Gremlin Nob","floor":6,"turns":1},{"damage":0,"enemies":"Cultist","floor":10,"turns":3},{"damage":15,"enemies":"3 Louse","floor":11,"turns":4},{"damage":5,"enemies":"Lots of Slimes","floor":13,"turns":6},{"damage":20,"enemies":"Looter","floor":14,"turns":3},{"damage":57,"enemies":"Slime Boss","floor":16,"turns":19},{"damage":25,"enemies":"2 Thieves","floor":18,"turns":5},{"damage":28,"enemies":"Spheric Guardian","floor":20,"turns":6},{"damage":10,"enemies":"Cultist and Chosen","floor":24,"turns":6},{"damage":45,"enemies":"Gremlin Leader","floor":28,"turns":9},{"damage":2,"enemies":"Snake Plant","floor":30,"turns":4},{"damage":14,"enemies":"Centurion and Healer","floor":31,"turns":6},{"damage":67,"enemies":"Collector","floor":33,"turns":11},{"damage":35,"enemies":"3 Darklings","floor":35,"turns":6},{"damage":7,"enemies":"3 Shapes","floor":36,"turns":5},{"damage":10,"enemies":"Spire Growth","floor":38,"turns":8},{"damage":47,"enemies":"Writhing Mass","floor":41,"turns":7},{"damage":25,"enemies":"Transient","floor":42,"turns":5},{"damage":9,"enemies":"Mind Bloom Boss Battle","floor":46,"turns":7},{"damage":21,"enemies":"Maw","floor":48,"turns":7},{"damage":61,"enemies":"Awakened One","floor":50,"turns":11}],"seed_played":"-4620649114854777055","potions_obtained":[{"floor":6,"key":"Swift Potion"},{"floor":11,"key":"Block Potion"},{"floor":14,"key":"Fire Potion"},{"floor":24,"key":"FearPotion"},{"floor":28,"key":"Fire Potion"},{"floor":31,"key":"PowerPotion"},{"floor":33,"key":"PowerPotion"},{"floor":35,"key":"Dexterity Potion"},{"floor":36,"key":"Dexterity Potion"}],"is_trial":false,"path_per_floor":["M","?","?","$","M","E","$","?","T","M","M","R","M","M","R","B",null,"M","$","M","?","?","R","M","?","T","R","E","?","M","M","R","B",null,"M","M","?","M","?","R","M","M","T","R","?","?","$","M","R","B",null],"character_chosen":"IRONCLAD","items_purchased":["Armaments","Shrug It Off","Medical Kit","Feel No Pain","Seeing Red","Demon Form","Violence","Flash of Steel","Warcry","Bottled Flame","Strength Potion"],"campfire_rested":5,"item_purchase_floors":[4,7,19,19,47,47,47,47,47,47,47],"current_hp_per_floor":[80,73,53,53,59,65,65,65,65,73,66,66,69,57,57,29,80,61,61,41,41,25,49,47,47,47,71,34,34,40,34,58,19,80,51,52,52,50,50,74,35,18,18,42,62,77,77,62,62,22],"gold":57,"neow_bonus":"THREE_ENEMY_KILL","is_prod":false,"is_daily":false,"chose_seed":false,"campfire_upgraded":3,"win_rate":0,"timestamp":1548194069,"path_taken":["M","?","?","?","?","E","$","?","T","M","?","R","?","M","R","BOSS","M","$","M","?","?","R","M","?","T","R","E","?","M","?","R","BOSS","M","M","?","M","?","R","M","M","T","R","?","?","$","M","R","BOSS"],"build_version":"2019-01-17v2","purchased_purges":1,"victory":true,"max_hp_per_floor":[80,80,80,80,80,80,80,80,80,80,80,80,80,80,80,80,80,80,80,80,80,80,80,80,80,80,80,80,80,80,80,80,80,80,80,80,80,80,80,80,80,80,80,80,80,80,77,77,77,77],"card_choices":[{"not_picked":["Clash","Searing Blow","Cleave"],"picked":"SKIP","floor":1},{"not_picked":["Entrench","Searing Blow"],"picked":"Inflame","floor":5},{"not_picked":["Berserk","Twin Strike"],"picked":"Disarm","floor":6},{"not_picked":["Havoc","Warcry"],"picked":"Spot Weakness","floor":10},{"not_picked":["Sever Soul","Twin Strike"],"picked":"Shrug It Off","floor":11},{"not_picked":["Body Slam","Havoc","True Grit"],"picked":"SKIP","floor":13},{"not_picked":["Wild Strike","Uppercut"],"picked":"True Grit","floor":14},{"not_picked":["Twin Strike","Sword Boomerang"],"picked":"Heavy Blade","floor":18},{"not_picked":["Anger","Shrug It Off"],"picked":"Twin Strike","floor":20},{"not_picked":["Double Tap","Blood for Blood+1"],"picked":"Wild Strike+1","floor":24},{"not_picked":["Body Slam","Dropkick"],"picked":"Iron Wave+1","floor":28},{"not_picked":["Flex+1","Body Slam"],"picked":"Burning Pact","floor":30},{"not_picked":["Twin Strike","Armaments"],"picked":"Evolve+1","floor":31},{"not_picked":["Barricade","Immolate"],"picked":"Dark Embrace","floor":33},{"not_picked":["Headbutt+1","Shrug It Off+1"],"picked":"Armaments+1","floor":35},{"not_picked":["Thunderclap+1","Entrench","Shrug It Off"],"picked":"SKIP","floor":36},{"not_picked":["Thunderclap+1","Bloodletting+1","Whirlwind"],"picked":"SKIP","floor":38},{"not_picked":["Armaments+1","Thunderclap+1"],"picked":"Sword Boomerang+1","floor":41},{"not_picked":["Havoc+1","Warcry"],"picked":"Seeing Red+1","floor":42},{"not_picked":["Flame Barrier","Second Wind"],"picked":"Iron Wave+1","floor":46},{"not_picked":["Reckless Charge","Body Slam+1"],"picked":"Warcry","floor":48}],"player_experience":130736,"relics_obtained":[{"floor":6,"key":"Oddly Smooth Stone"},{"floor":9,"key":"Blood Vial"},{"floor":22,"key":"Enchiridion"},{"floor":26,"key":"Red Skull"},{"floor":28,"key":"Calipers"},{"floor":43,"key":"Pen Nib"},{"floor":46,"key":"Pocketwatch"}],"event_choices":[{"damage_healed":0,"gold_gain":0,"player_choice":"Success","damage_taken":7,"relics_obtained":["Pantograph"],"max_hp_gain":0,"max_hp_loss":0,"event_name":"Scrap Ooze","floor":2,"gold_loss":0},{"damage_healed":0,"gold_gain":0,"player_choice":"Take Damage","damage_taken":20,"relics_obtained":["Golden Idol"],"max_hp_gain":0,"max_hp_loss":0,"event_name":"Golden Idol","floor":3,"gold_loss":0},{"cards_removed":["Defend_R"],"damage_healed":0,"gold_gain":0,"player_choice":"Purged","damage_taken":0,"max_hp_gain":0,"max_hp_loss":0,"event_name":"Purifier","floor":8,"gold_loss":0},{"damage_healed":0,"gold_gain":0,"player_choice":"Ignored","damage_taken":0,"max_hp_gain":0,"max_hp_loss":0,"event_name":"Beggar","floor":21,"gold_loss":0},{"damage_healed":0,"gold_gain":0,"player_choice":"Obtained Book","damage_taken":16,"max_hp_gain":0,"max_hp_loss":0,"event_name":"Cursed Tome","floor":22,"gold_loss":0},{"damage_healed":0,"gold_gain":0,"player_choice":"Read","damage_taken":0,"max_hp_gain":0,"max_hp_loss":0,"event_name":"The Library","floor":25,"gold_loss":0,"cards_obtained":["Feel No Pain"]},{"damage_healed":0,"gold_gain":0,"player_choice":"Ignored","damage_taken":0,"max_hp_gain":0,"max_hp_loss":0,"event_name":"Ghosts","floor":29,"gold_loss":0},{"damage_healed":0,"gold_gain":333,"player_choice":"Gave Idol","damage_taken":0,"max_hp_gain":0,"max_hp_loss":0,"event_name":"The Moai Head","floor":37,"relics_lost":["Golden Idol"],"gold_loss":0},{"cards_removed":["Strike_R"],"damage_healed":0,"gold_gain":0,"player_choice":"Removed Attack","damage_taken":0,"max_hp_gain":0,"max_hp_loss":0,"event_name":"Falling","floor":39,"gold_loss":0},{"damage_healed":20,"gold_gain":0,"player_choice":"Writhe","damage_taken":0,"max_hp_gain":0,"max_hp_loss":0,"event_name":"Winding Halls","floor":45,"gold_loss":0,"cards_obtained":["Writhe"]},{"damage_healed":0,"gold_gain":0,"player_choice":"Fight","damage_taken":0,"max_hp_gain":0,"max_hp_loss":0,"event_name":"MindBloom","floor":46,"gold_loss":0}],"is_beta":false,"boss_relics":[{"not_picked":["Pandora\u0027s Box","Fusion Hammer"],"picked":"Mark of Pain"},{"not_picked":["Cursed Key","Velvet Choker"],"picked":"Runic Cube"}],"items_purged_floors":[47],"is_endless":false,"potions_floor_spawned":[6,11,14,24,28,31,33,35,36,42,48],"ascension_level":1}