{"gold_per_floor":[113,29,44,54,70,70,104,104,104,104,132,132,132,159,159,259,259,278,278,68,81,81,99,127,127,127,142,57,32,61,80,80,80],"floor_reached":33,"playtime":1569,"items_purged":[],"score":497,"play_id":"3403fb62-4b54-47a0-982e-d5eb84ca3959","local_time":"20191004085236","is_ascension_mode":true,"campfire_choices":[{"data":"Eruption","floor":6.0,"key":"SMITH"},{"data":"TalkToTheHand","floor":8.0,"key":"SMITH"},{"data":"Wireheading","floor":12.0,"key":"SMITH"},{"data":"FlurryOfBlows","floor":15.0,"key":"SMITH"},{"floor":25,"key":"REST"},{"data":"Nirvana","floor":32,"key":"SMITH"}],"neow_cost":"NONE","seed_source_timestamp":0,"circlet_count":0,"master_deck":["Strike_P+1","Defend_P","Defend_P","Defend_P","Eruption+1","Vigilance","DevaForm","Wireheading+1","FearNoEvil","JustLucky","TalkToTheHand+1","Consecrate","Sanctity+1","FlurryOfBlows+1","Judgement+1","ClearTheMind+1","Nirvana+1","EmptyBody+1","ReachHeaven+1","WreathOfFlame+1","Wallop+1","Alpha+1","Vengeance+1","Crescendo+1","EmptyBody+1"],"special_seed":0,"relics":["PureWater","Juzu Bracelet","Bag of Preparation","Toxic Egg 2","Odd Mushroom","Sozu","Oddly Smooth Stone","Whetstone","MealTicket","Potion Belt","Bottled Flame"],"potions_floor_usage":[30],"damage_taken":[{"damage":2.0,"enemies":"Cultist","floor":1.0,"turns":3.0},{"damage":3.0,"enemies":"2 Louse","floor":3.0,"turns":2.0},{"damage":0.0,"enemies":"Jaw Worm","floor":4.0,"turns":4.0},{"damage":0.0,"enemies":"3 Louse","floor":5.0,"turns":3.0},{"damage":8.0,"enemies":"Gremlin Nob","floor":7.0,"turns":3.0},{"damage":28.0,"enemies":"Lagavulin","floor":11.0,"turns":9.0},{"damage":1.0,"enemies":"The Mushroom Lair","floor":14.0,"turns":4.0},{"damage":0.0,"enemies":"Slime Boss","floor":16.0,"turns":6.0},{"damage":0.0,"enemies":"3 Byrds","floor":18.0,"turns":5.0},{"damage":0.0,"enemies":"Spheric Guardian","floor":21.0,"turns":1.0},{"damage":4,"enemies":"Centurion and Healer","floor":23,"turns":5},{"damage":30,"enemies":"Gremlin Leader","floor":24,"turns":9},{"damage":10,"enemies":"Snecko","floor":27,"turns":6},{"damage":11,"enemies":"Book of Stabbing","floor":30,"turns":6},{"damage":7,"enemies":"Snake Plant","floor":31,"turns":5},{"damage":40,"enemies":"Automaton","floor":33,"turns":6}],"seed_played":"2216060159727071110","potions_obtained":[{"floor":1.0,"key":"AttackPotion"},{"floor":11.0,"key":"Fire Potion"},{"floor":14.0,"key":"Fire Potion"},{"floor":16.0,"key":"BottledMiracle"}],"is_trial":false,"path_per_floor":["M","$","M","M","M","R","E","R","T","?","E","R","?","?","R","B",null,"M","?","$","M","?","M","E","R","T","M","?","$","E","M","R","B"],"character_chosen":"WATCHER","items_purchased":["FearNoEvil","JustLucky","Oddly Smooth Stone","EmptyBody+1","Crescendo+1"],"campfire_rested":1,"item_purchase_floors":[2,2,20,20,29],"current_hp_per_floor":[63,63,60,60,60,60,52,52,52,57,29,29,22,21,21,21,63,63,63,63,63,63,59,29,52,52,42,42,57,46,39,39,0],"gold":80,"neow_bonus":"ONE_RANDOM_RARE_CARD","is_prod":false,"is_daily":false,"chose_seed":false,"campfire_upgraded":5,"win_rate":0,"timestamp":1570193556,"path_taken":["M","$","M","M","M","R","E","R","T","?","E","R","?","?","R","BOSS","M","?","$","M","?","M","E","R","T","M","?","$","E","M","R","BOSS"],"build_version":"2019-10-03","purchased_purges":0,"victory":false,"max_hp_per_floor":[72,72,72,72,72,72,72,72,72,77,77,77,77,77,77,77,77,77,77,77,77,77,77,77,77,77,77,77,77,77,77,77,77],"card_choices":[{"not_picked":["FlowState","EmptyFist"],"picked":"Wireheading","floor":1.0},{"not_picked":["WaveOfTheHand","CrushJoints"],"picked":"TalkToTheHand","floor":3.0},{"not_picked":["BowlingBash","ClearTheMind","PathToVictory"],"picked":"SKIP","floor":4.0},{"not_picked":["EmptyBody","MasterReality"],"picked":"Consecrate","floor":5.0},{"not_picked":["EmptyFist","BowlingBash","CrushJoints"],"picked":"SKIP","floor":7.0},{"not_picked":["Alpha","FlyingSleeves"],"picked":"Sanctity","floor":11.0},{"not_picked":["SashWhip","Evaluate+1"],"picked":"FlurryOfBlows","floor":14.0},{"not_picked":["Wish+1","Blasphemy+1"],"picked":"Judgement+1","floor":16.0},{"not_picked":["Consecrate","FlyingSleeves"],"picked":"ClearTheMind+1","floor":18.0},{"not_picked":["EmptyFist","Halt+1","Protect+1"],"picked":"SKIP","floor":21.0},{"not_picked":["SpiritShield+1","WindmillStrike"],"picked":"Wallop+1","floor":23},{"not_picked":["CrushJoints","SandsOfTime"],"picked":"Alpha+1","floor":24},{"not_picked":["DeceiveReality+1","Sanctity+1"],"picked":"Vengeance+1","floor":27},{"not_picked":["FollowUp","Sanctity+1"],"picked":"EmptyBody+1","floor":30},{"not_picked":["CrushJoints","FlyingSleeves","Sanctity+1"],"picked":"SKIP","floor":31}],"player_experience":1222878,"relics_obtained":[{"floor":7.0,"key":"Juzu Bracelet"},{"floor":9.0,"key":"Bag of Preparation"},{"floor":11.0,"key":"Toxic Egg 2"},{"floor":14.0,"key":"Odd Mushroom"},{"floor":24,"key":"Whetstone"},{"floor":26,"key":"MealTicket"},{"floor":30,"key":"Bottled Flame"}],"event_choices":[{"damage_healed":0.0,"max_hp_gain":5.0,"max_hp_loss":0.0,"gold_gain":0.0,"event_name":"Big Fish","player_choice":"Donut","floor":10.0,"gold_loss":0.0,"damage_taken":0.0},{"cards_removed":["Strike_P"],"damage_healed":0.0,"max_hp_gain":0.0,"max_hp_loss":0.0,"gold_gain":0.0,"event_name":"Golden Wing","player_choice":"Card Removal","floor":13.0,"gold_loss":0.0,"damage_taken":7.0},{"damage_healed":0.0,"max_hp_gain":0.0,"max_hp_loss":0.0,"gold_gain":0.0,"event_name":"Mushrooms","player_choice":"Fought Mushrooms","floor":14.0,"gold_loss":0.0,"damage_taken":0.0},{"damage_healed":0.0,"max_hp_gain":0.0,"max_hp_loss":0.0,"gold_gain":0.0,"cards_transformed":["Strike_P"],"event_name":"Transmorgrifier","player_choice":"Transformed","floor":19.0,"gold_loss":0.0,"damage_taken":0.0,"cards_obtained":["Nirvana"]},{"damage_healed":0,"gold_gain":0,"cards_transformed":["Strike_P","Defend_P"],"player_choice":"Became Test Subject","damage_taken":0,"max_hp_gain":0,"max_hp_loss":0,"event_name":"Drug Dealer","floor":22,"gold_loss":0,"cards_obtained":["ReachHeaven","WreathOfFlame"]},{"damage_healed":0,"gold_gain":0,"player_choice":"Obtained Relic","damage_taken":0,"relics_obtained":["Potion Belt"],"max_hp_gain":0,"max_hp_loss":0,"event_name":"Addict","floor":28,"gold_loss":85}],"is_beta":true,"boss_relics":[{"not_picked":["SlaversCollar","Astrolabe"],"picked":"Sozu"}],"items_purged_floors":[],"is_endless":false,"potions_floor_spawned":[1,11,14,16,18,24,31],"killed_by":"Automaton","ascension_level":9}