{"gold_per_floor":[117,42,42,42,55,84,84,96,145,20,51,62,95,95,95,188,188,211,235,250,271,271,271],"floor_reached":23,"playtime":812,"items_purged":["Strike_R","Strike_R"],"score":460,"play_id":"02ac2b5a-ae7d-42a8-a6d0-e385c9aef51d","local_time":"20190902201058","is_ascension_mode":true,"campfire_choices":[{"data":"Bash","floor":7,"key":"SMITH"},{"data":"Whirlwind","floor":15,"key":"SMITH"}],"neow_cost":"NONE","seed_source_timestamp":251113668400,"circlet_count":0,"master_deck":["AscendersBane","Strike_R","Strike_R","Strike_R","Defend_R","Defend_R","Defend_R","Defend_R","Bash+1","Clothesline","Anger","Headbutt","Feel No Pain","Inflame","Whirlwind+1","Uppercut","Corruption","Feed","Shrug It Off","Warcry","Disarm","Warcry"],"relics":["Burning Blood","NeowsBlessing","Orichalcum","MawBank","Pen Nib","Charon\u0027s Ashes","Golden Idol","Mark of Pain","CultistMask"],"potions_floor_usage":[16,16,21],"damage_taken":[{"damage":0,"enemies":"Small Slimes","floor":1,"turns":1},{"damage":0,"enemies":"Cultist","floor":5,"turns":1},{"damage":0,"enemies":"Gremlin Nob","floor":6,"turns":1},{"damage":2,"enemies":"2 Louse","floor":8,"turns":3},{"damage":23,"enemies":"Lagavulin","floor":11,"turns":4},{"damage":12,"enemies":"Blue Slaver","floor":12,"turns":4},{"damage":16,"enemies":"3 Sentries","floor":13,"turns":7},{"damage":25,"enemies":"Slime Boss","floor":16,"turns":8},{"damage":21,"enemies":"3 Byrds","floor":18,"turns":4},{"damage":16,"enemies":"2 Thieves","floor":19,"turns":3},{"damage":15,"enemies":"Cultist and Chosen","floor":20,"turns":6},{"damage":12,"enemies":"3 Cultists","floor":21,"turns":5},{"damage":27,"enemies":"Snake Plant","floor":23,"turns":2}],"seed_played":"6806570198055954527","potions_obtained":[{"floor":1,"key":"Weak Potion"},{"floor":5,"key":"FearPotion"},{"floor":13,"key":"SteroidPotion"},{"floor":16,"key":"Poison Potion"},{"floor":20,"key":"Block Potion"}],"is_trial":false,"path_per_floor":["M","$","?","?","M","E","R","M","T","$","E","M","E","?","R","B",null,"M","M","M","M","?","M"],"character_chosen":"IRONCLAD","items_purchased":["Inflame"],"campfire_rested":0,"item_purchase_floors":[10],"current_hp_per_floor":[74,74,74,74,75,75,75,75,75,75,58,52,42,42,42,23,57,42,35,29,26,26,0],"gold":271,"neow_bonus":"THREE_ENEMY_KILL","is_prod":false,"is_daily":false,"chose_seed":false,"campfire_upgraded":2,"win_rate":0,"timestamp":1567469458,"path_taken":["M","$","?","?","M","E","R","M","T","$","E","M","E","?","R","BOSS","M","M","M","M","?","?"],"build_version":"2019-07-17","purchased_purges":2,"victory":false,"max_hp_per_floor":[75,75,75,75,75,75,75,75,75,75,75,75,75,68,68,68,68,68,71,74,77,77,77],"card_choices":[{"not_picked":["Blood for Blood","True Grit"],"picked":"Clothesline","floor":1},{"not_picked":["Searing Blow","Flex"],"picked":"Anger","floor":5},{"not_picked":["Clothesline","Heavy Blade"],"picked":"Headbutt","floor":6},{"not_picked":["Searing Blow","Pummel"],"picked":"Feel No Pain","floor":8},{"not_picked":["Wild Strike","Rupture"],"picked":"Whirlwind","floor":11},{"not_picked":["Dark Embrace","Flex"],"picked":"Uppercut","floor":12},{"not_picked":["Wild Strike","Clothesline"],"picked":"Corruption","floor":13},{"not_picked":["Double Tap","Bludgeon"],"picked":"Feed","floor":16},{"not_picked":["Havoc","Armaments"],"picked":"Shrug It Off","floor":18},{"not_picked":["Pommel Strike","Heavy Blade"],"picked":"Warcry","floor":19},{"not_picked":["Rampage+1","Thunderclap"],"picked":"Disarm","floor":20},{"not_picked":["Dropkick+1","Clothesline"],"picked":"Warcry","floor":21}],"player_experience":943556,"relics_obtained":[{"floor":6,"key":"Orichalcum"},{"floor":9,"key":"MawBank"},{"floor":11,"key":"Pen Nib"},{"floor":13,"key":"Charon\u0027s Ashes"}],"event_choices":[{"damage_healed":0,"gold_gain":0,"player_choice":"Leave","damage_taken":0,"max_hp_gain":0,"max_hp_loss":0,"event_name":"The Cleric","floor":3,"gold_loss":0},{"damage_healed":0,"gold_gain":0,"player_choice":"Ignored","damage_taken":0,"max_hp_gain":0,"max_hp_loss":0,"event_name":"Liars Game","floor":4,"gold_loss":0},{"damage_healed":0,"gold_gain":0,"player_choice":"Lose Max HP","damage_taken":0,"relics_obtained":["Golden Idol"],"max_hp_gain":0,"max_hp_loss":7,"event_name":"Golden Idol","floor":14,"gold_loss":0},{"damage_healed":0,"gold_gain":0,"player_choice":"Trade","damage_taken":0,"relics_obtained":["CultistMask"],"max_hp_gain":0,"max_hp_loss":0,"event_name":"FaceTrader","floor":22,"gold_loss":0}],"is_beta":false,"boss_relics":[{"not_picked":["Orrery","Calling Bell"],"picked":"Mark of Pain"}],"items_purged_floors":[2,10],"is_endless":false,"potions_floor_spawned":[1,5,13,16,20],"killed_by":"Snake Plant","ascension_level":19}