{"gold_per_floor":[113,28,45,45,45,45,73,86,86,100,171,171,204,220,220,220],"floor_reached":16,"playtime":675,"items_purged":[],"score":182,"play_id":"f71e1df1-d363-4f79-a257-cbb74cefe294","local_time":"20191011090725","is_ascension_mode":true,"campfire_choices":[{"data":"Eruption","floor":6,"key":"SMITH"},{"data":"Consecrate","floor":12,"key":"SMITH"},{"data":"Study","floor":15,"key":"SMITH"}],"neow_cost":"NONE","seed_source_timestamp":84180606464000,"circlet_count":0,"master_deck":["AscendersBane","Strike_P","Strike_P","Strike_P","Defend_P","Defend_P","Defend_P","Defend_P","Eruption+1","Vigilance","Consecrate+1","LikeWater","EmptyBody","ClearTheMind","Study+1","TalkToTheHand+1","EmptyMind"],"relics":["PureWater","Bottled Lightning","Molten Egg 2","White Beast Statue","TeardropLocket"],"potions_floor_usage":[14,16,16],"damage_taken":[{"damage":0,"enemies":"2 Louse","floor":1,"turns":4},{"damage":0,"enemies":"Jaw Worm","floor":3,"turns":4},{"damage":31,"enemies":"Lagavulin","floor":7,"turns":12},{"damage":0,"enemies":"Cultist","floor":8,"turns":4},{"damage":5,"enemies":"Large Slime","floor":10,"turns":6},{"damage":6,"enemies":"3 Sentries","floor":13,"turns":9},{"damage":0,"enemies":"Gremlin Gang","floor":14,"turns":3},{"damage":26,"enemies":"Slime Boss","floor":16,"turns":3}],"seed_played":"-2519618336136980155","potions_obtained":[{"floor":1,"key":"Fire Potion"},{"floor":13,"key":"Swift Potion"},{"floor":14,"key":"Explosive Potion"}],"is_trial":false,"path_per_floor":["M","$","M","?","?","R","E","M","T","M","T","R","E","M","R","B"],"character_chosen":"WATCHER","items_purchased":["LikeWater","EmptyBody"],"campfire_rested":0,"item_purchase_floors":[2,2],"current_hp_per_floor":[65,65,65,65,65,65,34,34,34,29,29,29,23,23,23,0],"gold":220,"neow_bonus":"REMOVE_CARD","is_prod":false,"is_daily":false,"chose_seed":false,"campfire_upgraded":3,"win_rate":0,"timestamp":1570799245,"path_taken":["M","$","M","?","?","R","E","M","T","M","?","R","E","M","R","BOSS"],"build_version":"2019-10-10","purchased_purges":0,"victory":false,"max_hp_per_floor":[72,72,72,72,72,72,72,72,72,72,72,72,72,72,72,72],"card_choices":[{"not_picked":["ForeignInfluence","Flick"],"picked":"Consecrate","floor":1},{"not_picked":["WreathOfFlame","Flick"],"picked":"ClearTheMind","floor":3},{"not_picked":["Flick","Perseverance","Prostrate"],"picked":"SKIP","floor":7},{"not_picked":["ClearTheMind","Sanctity"],"picked":"Study","floor":8},{"not_picked":["Nirvana","EmptyBody","Prostrate"],"picked":"SKIP","floor":10},{"not_picked":["Perseverance","Nirvana"],"picked":"TalkToTheHand+1","floor":13},{"not_picked":["Prostrate","Protect"],"picked":"EmptyMind","floor":14}],"player_experience":1286122,"relics_obtained":[{"floor":7,"key":"Bottled Lightning"},{"floor":9,"key":"Molten Egg 2"},{"floor":11,"key":"White Beast Statue"},{"floor":13,"key":"TeardropLocket"}],"event_choices":[{"damage_healed":0,"gold_gain":0,"player_choice":"Leave","damage_taken":0,"max_hp_gain":0,"max_hp_loss":0,"event_name":"The Cleric","floor":4,"gold_loss":0},{"damage_healed":0,"gold_gain":0,"player_choice":"Ignored","damage_taken":0,"max_hp_gain":0,"max_hp_loss":0,"event_name":"Liars Game","floor":5,"gold_loss":0}],"is_beta":true,"boss_relics":[],"items_purged_floors":[],"is_endless":false,"potions_floor_spawned":[1,13,14],"killed_by":"Slime Boss","ascension_level":13}