{"gold_per_floor":[114,131,141,157,6,6,34,34,34,34,34,67,67,78,78,180,180,193,193,210,1,100,100,133,149,149,161,161,181,197,23,23,123,123,139,18,29,48,48,48,79,79],"floor_reached":42,"playtime":2141,"items_purged":["Defend_P"],"score":635,"play_id":"0fc73436-b01a-4aea-a7f4-5250ab268dcc","local_time":"20191001105635","is_ascension_mode":true,"campfire_choices":[{"data":"Wallop","floor":6.0,"key":"SMITH"},{"data":"CrushJoints","floor":8.0,"key":"SMITH"},{"data":"SashWhip","floor":10.0,"key":"SMITH"},{"data":"TalkToTheHand","floor":15.0,"key":"SMITH"},{"data":"Strike_P","floor":23,"key":"PURGE"},{"data":"Ragnarok","floor":28,"key":"SMITH"},{"floor":32,"key":"REST"},{"data":"Strike_P","floor":40,"key":"PURGE"}],"neow_cost":"NONE","seed_source_timestamp":0,"circlet_count":0,"master_deck":["Strike_P","Defend_P","Defend_P","Defend_P","Eruption+1","Vigilance","Wallop+1","SashWhip+1","Crescendo","EmptyBody","Adaptation","CrushJoints+1","TalkToTheHand+1","FearNoEvil","Vault","CurseOfTheBell","ClearTheMind","Wireheading+1","Fasting+1","Ragnarok+1","FlurryOfBlows+1","MentalFortress","Protect+1","Vault","Ragnarok","Perseverance","Nirvana","Crescendo+1","DevaForm"],"special_seed":0,"relics":["PureWater","Question Card","Torii","TungstenRod","Calling Bell","Smiling Mask","The Courier","Peace Pipe","TeardropLocket","Strawberry","CaptainsWheel","Fusion Hammer","GoldenEye"],"potions_floor_usage":[20,24,33],"damage_taken":[{"damage":0.0,"enemies":"Cultist","floor":1.0,"turns":3.0},{"damage":0.0,"enemies":"Small Slimes","floor":2.0,"turns":3.0},{"damage":0.0,"enemies":"2 Louse","floor":3.0,"turns":2.0},{"damage":14.0,"enemies":"Red Slaver","floor":4.0,"turns":2.0},{"damage":19.0,"enemies":"Lagavulin","floor":7.0,"turns":5.0},{"damage":17.0,"enemies":"Gremlin Nob","floor":12.0,"turns":4.0},{"damage":0.0,"enemies":"Looter","floor":14.0,"turns":3.0},{"damage":0.0,"enemies":"Slime Boss","floor":16.0,"turns":5.0},{"damage":15,"enemies":"2 Thieves","floor":18,"turns":4},{"damage":0,"enemies":"Spheric Guardian","floor":20,"turns":3},{"damage":8,"enemies":"Gremlin Leader","floor":24,"turns":6},{"damage":14,"enemies":"Snake Plant","floor":25,"turns":3},{"damage":8,"enemies":"Centurion and Healer","floor":27,"turns":4},{"damage":7,"enemies":"Cultist and Chosen","floor":29,"turns":5},{"damage":0,"enemies":"Snecko","floor":30,"turns":7},{"damage":11,"enemies":"Champ","floor":33,"turns":11},{"damage":0,"enemies":"3 Shapes","floor":35,"turns":6},{"damage":0,"enemies":"Orb Walker","floor":37,"turns":4},{"damage":16,"enemies":"Spire Growth","floor":38,"turns":6},{"damage":12,"enemies":"Giant Head","floor":41,"turns":8},{"damage":44,"enemies":"4 Shapes","floor":42,"turns":6}],"seed_played":"-2827795608129011848","potions_obtained":[{"floor":1.0,"key":"StancePotion"},{"floor":4.0,"key":"Regen Potion"},{"floor":14.0,"key":"GamblersBrew"},{"floor":20,"key":"Weak Potion"},{"floor":27,"key":"Strength Potion"},{"floor":30,"key":"Energy Potion"},{"floor":33,"key":"Explosive Potion"},{"floor":41,"key":"FearPotion"}],"is_trial":false,"path_per_floor":["M","M","M","M","$","R","E","R","T","R","?","E","?","M","R","B",null,"M","?","M","$","?","R","E","M","T","M","R","M","M","$","R","B",null,"M","$","M","M","$","R","E","M"],"character_chosen":"WATCHER","items_purchased":["Adaptation","TeardropLocket","Vault","Nirvana"],"campfire_rested":1,"item_purchase_floors":[5,21,31,36],"current_hp_per_floor":[72,72,72,58,58,58,39,39,39,39,32,27,32,32,32,32,66,51,45,45,45,45,45,44,30,30,22,22,15,15,15,40,29,70,70,70,70,54,54,54,42,0],"gold":79,"neow_bonus":"UPGRADE_CARD","is_prod":false,"is_daily":false,"chose_seed":false,"campfire_upgraded":5,"win_rate":0,"timestamp":1569941795,"path_taken":["M","M","M","M","$","R","E","R","T","R","?","E","?","M","R","BOSS","M","?","?","$","?","R","E","M","T","M","R","M","M","?","R","BOSS","M","$","M","M","$","R","E","M"],"build_version":"2019-09-27","purchased_purges":1,"victory":false,"max_hp_per_floor":[72,72,72,72,72,72,72,72,72,72,72,72,77,77,77,77,77,77,77,77,77,77,77,84,84,84,84,84,84,84,84,84,84,84,84,84,84,84,84,84,84,84],"card_choices":[{"not_picked":["Devotion","Prostrate"],"picked":"Wallop","floor":1.0},{"not_picked":["Weave","Prostrate"],"picked":"SashWhip","floor":2.0},{"not_picked":["Vengeance","Weave"],"picked":"Crescendo","floor":3.0},{"not_picked":["Alpha","CutThroughFate"],"picked":"EmptyBody","floor":4.0},{"not_picked":["FlyingSleeves","Worship"],"picked":"CrushJoints","floor":7.0},{"not_picked":["Protect","Blasphemy","WaveOfTheHand"],"picked":"TalkToTheHand","floor":12.0},{"not_picked":["BattleHymn","SandsOfTime","BowlingBash"],"picked":"FearNoEvil","floor":14.0},{"not_picked":["LessonLearned","DevaForm","Unraveling"],"picked":"Vault","floor":16.0},{"not_picked":["Indignation","CrushJoints","FollowUp"],"picked":"ClearTheMind","floor":18},{"not_picked":["Protect","EmptyFist","EmptyBody"],"picked":"Wireheading+1","floor":20},{"not_picked":["FollowUp","Weave","ThirdEye"],"picked":"Fasting+1","floor":24},{"not_picked":["Indignation+1","InnerPeace","Meditate+1"],"picked":"Ragnarok","floor":25},{"not_picked":["Crescendo","PathToVictory","ThirdEye"],"picked":"FlurryOfBlows+1","floor":27},{"not_picked":["WindmillStrike+1","FearNoEvil","Conclude"],"picked":"MentalFortress","floor":29},{"not_picked":["Halt","Devotion+1","Consecrate"],"picked":"Protect+1","floor":30},{"not_picked":["Brilliance","Pray","SignatureMove"],"picked":"Ragnarok","floor":33},{"not_picked":["Weave","Consecrate+1","Wireheading+1"],"picked":"Perseverance","floor":35},{"not_picked":["SashWhip","Sanctity","Meditate+1"],"picked":"Crescendo+1","floor":37},{"not_picked":["EmptyBody","Halt+1","CarveReality+1"],"picked":"DevaForm","floor":38},{"not_picked":["Protect","SandsOfTime","Consecrate","Vengeance+1"],"picked":"SKIP","floor":41}],"player_experience":1190946,"relics_obtained":[{"floor":7.0,"key":"Question Card"},{"floor":9.0,"key":"Torii"},{"floor":12.0,"key":"TungstenRod"},{"floor":17.0,"key":"Smiling Mask"},{"floor":17.0,"key":"The Courier"},{"floor":17.0,"key":"Peace Pipe"},{"floor":24,"key":"Strawberry"},{"floor":26,"key":"CaptainsWheel"},{"floor":41,"key":"GoldenEye"}],"event_choices":[{"cards_removed":["Strike_P"],"damage_healed":0.0,"max_hp_gain":0.0,"max_hp_loss":0.0,"gold_gain":0.0,"event_name":"Golden Wing","player_choice":"Card Removal","floor":11.0,"gold_loss":0.0,"damage_taken":7.0},{"damage_healed":0.0,"max_hp_gain":5.0,"max_hp_loss":0.0,"gold_gain":0.0,"event_name":"Big Fish","player_choice":"Donut","floor":13.0,"gold_loss":0.0,"damage_taken":0.0},{"damage_healed":0,"gold_gain":0,"player_choice":"Damaged","damage_taken":7,"max_hp_gain":0,"max_hp_loss":0,"event_name":"Wheel of Change","floor":19,"gold_loss":0},{"damage_healed":0,"gold_gain":99,"player_choice":"Stole From Cult","damage_taken":0,"max_hp_gain":0,"max_hp_loss":0,"event_name":"Nest","floor":22,"gold_loss":0}],"is_beta":true,"boss_relics":[{"not_picked":["Pandora\u0027s Box","Tiny House"],"picked":"Calling Bell"},{"not_picked":["Black Star","Runic Pyramid"],"picked":"Fusion Hammer"}],"items_purged_floors":[31],"is_endless":false,"potions_floor_spawned":[1,4,14,20,27,30,33,41],"killed_by":"4 Shapes","ascension_level":5}