{"gold_per_floor":[109,109,29,41,51,51,83,83,83,94,94],"floor_reached":11,"playtime":437,"items_purged":[],"score":142,"play_id":"c8edc4e7-6132-4e9a-b503-bd90055c4629","local_time":"20190831233651","is_ascension_mode":true,"campfire_choices":[{"data":"Bash","floor":6.0,"key":"SMITH"},{"data":"Armaments","floor":8.0,"key":"SMITH"}],"neow_cost":"TEN_PERCENT_HP_LOSS","seed_source_timestamp":0,"circlet_count":0,"master_deck":["AscendersBane","Strike_R","Strike_R","Strike_R","Defend_R","Defend_R","Defend_R","Defend_R","Bash+1","Disarm","Feed","Clothesline","True Grit","Pommel Strike","Armaments+1","Inflame"],"special_seed":0,"relics":["Burning Blood","Letter Opener","Kunai"],"potions_floor_usage":[],"damage_taken":[{"damage":7.0,"enemies":"Jaw Worm","floor":1.0,"turns":3.0},{"damage":10.0,"enemies":"Cultist","floor":4.0,"turns":5.0},{"damage":0.0,"enemies":"2 Louse","floor":5.0,"turns":3.0},{"damage":51.0,"enemies":"3 Sentries","floor":7.0,"turns":14.0},{"damage":14.0,"enemies":"Exordium Wildlife","floor":10.0,"turns":5.0},{"damage":58,"enemies":"Gremlin Nob","floor":11,"turns":4}],"seed_played":"-3021659109976300346","potions_obtained":[{"floor":1.0,"key":"EntropicBrew"},{"floor":5.0,"key":"Explosive Potion"}],"is_trial":false,"path_per_floor":["M","?","$","M","M","R","E","R","T","M","E"],"character_chosen":"IRONCLAD","items_purchased":["Clothesline","True Grit"],"campfire_rested":0,"item_purchase_floors":[3,3],"current_hp_per_floor":[67,67,67,66,74,74,33,33,33,28,0],"gold":94,"neow_bonus":"REMOVE_TWO","is_prod":false,"is_daily":false,"chose_seed":false,"campfire_upgraded":2,"win_rate":0,"timestamp":1567309011,"path_taken":["M","?","$","M","M","R","E","R","T","M","E"],"build_version":"2019-07-17","purchased_purges":0,"victory":false,"max_hp_per_floor":[68,68,68,71,74,74,78,78,78,81,81],"card_choices":[{"not_picked":["Perfected Strike","Sword Boomerang"],"picked":"Disarm","floor":1.0},{"not_picked":["Iron Wave","Combust"],"picked":"Pommel Strike","floor":4.0},{"not_picked":["Ghostly Armor","Twin Strike"],"picked":"Armaments","floor":5.0},{"not_picked":["Rupture","Combust"],"picked":"Inflame","floor":7.0},{"not_picked":["Flex","Hemokinesis","Wild Strike"],"picked":"SKIP","floor":10.0}],"player_experience":940190,"relics_obtained":[{"floor":7.0,"key":"Letter Opener"},{"floor":9.0,"key":"Kunai"}],"event_choices":[{"damage_healed":0.0,"max_hp_gain":0.0,"max_hp_loss":0.0,"gold_gain":0.0,"event_name":"Match and Keep!","player_choice":"1 cards matched","floor":2.0,"gold_loss":0.0,"damage_taken":0.0,"cards_obtained":["Feed"]}],"is_beta":false,"boss_relics":[],"items_purged_floors":[],"is_endless":false,"potions_floor_spawned":[1,5],"killed_by":"Gremlin Nob","ascension_level":19}