{"gold_per_floor":[109,120,138,156,138,138,164,164,164,174,208,208,221,240,240,342,342,356,356,133,143,158,158,158,174,199,32,32,44,69,79,79,182,182,194,212,227,241,0,0,31,31,31,49,81,81,92,111,111,111,111,111,63,94,94],"floor_reached":56,"playtime":2940,"items_purged":["Strike_R+1","Strike_R+1"],"score":1312,"play_id":"f29d71cf-5088-4316-b372-b3d971b7847f","local_time":"20191023164517","is_ascension_mode":false,"campfire_choices":[{"data":"Body Slam","floor":6,"key":"SMITH"},{"data":"True Grit","floor":8,"key":"SMITH"},{"data":"Barricade","floor":12,"key":"SMITH"},{"floor":15,"key":"REST"},{"data":"Juggernaut","floor":23,"key":"SMITH"},{"data":"Entrench","floor":28,"key":"SMITH"},{"data":"Body Slam","floor":32,"key":"SMITH"},{"data":"Body Slam","floor":40,"key":"SMITH"},{"floor":42,"key":"RECALL"},{"data":"Juggernaut","floor":49,"key":"SMITH"},{"data":"Battle Trance","floor":52,"key":"SMITH"}],"neow_cost":"TEN_PERCENT_HP_LOSS","seed_source_timestamp":89108659813600,"circlet_count":0,"master_deck":["Strike_R+1","Strike_R+1","Defend_R+1","Defend_R+1","Defend_R+1","Defend_R+1","Body Slam+1","Iron Wave","Barricade+1","True Grit+1","Battle Trance+1","Armaments","Juggernaut+1","Juggernaut+1","Iron Wave","Entrench+1","Body Slam+1","Sentinel+1","Shrug It Off+1","Shrug It Off"],"relics":["Burning Blood","Bird Faced Urn","Odd Mushroom","Mummified Hand","Kunai","Runic Dome","Strawberry","Dodecahedron","Empty Cage","Red Mask","Centennial Puzzle","Bottled Lightning","Potion Belt","Dead Branch"],"potions_floor_usage":[4,22,25,33,35,38,48,50,50,50,50,55,55,55,55],"damage_taken":[{"damage":0,"enemies":"2 Louse","floor":1,"turns":3},{"damage":2,"enemies":"Small Slimes","floor":2,"turns":4},{"damage":4,"enemies":"Jaw Worm","floor":3,"turns":4},{"damage":13,"enemies":"Gremlin Gang","floor":4,"turns":4},{"damage":29,"enemies":"Exordium Thugs","floor":5,"turns":6},{"damage":21,"enemies":"The Mushroom Lair","floor":7,"turns":6},{"damage":7,"enemies":"2 Fungi Beasts","floor":10,"turns":3},{"damage":8,"enemies":"3 Sentries","floor":11,"turns":10},{"damage":1,"enemies":"3 Louse","floor":13,"turns":5},{"damage":5,"enemies":"Looter","floor":14,"turns":4},{"damage":4,"enemies":"Hexaghost","floor":16,"turns":10},{"damage":33,"enemies":"Shell Parasite","floor":18,"turns":6},{"damage":0,"enemies":"Spheric Guardian","floor":21,"turns":3},{"damage":6,"enemies":"Snecko","floor":22,"turns":5},{"damage":6,"enemies":"Shelled Parasite and Fungi","floor":25,"turns":4},{"damage":0,"enemies":"Centurion and Healer","floor":29,"turns":6},{"damage":1,"enemies":"Book of Stabbing","floor":30,"turns":5},{"damage":0,"enemies":"Sentry and Sphere","floor":31,"turns":3},{"damage":0,"enemies":"Automaton","floor":33,"turns":6},{"damage":0,"enemies":"3 Shapes","floor":35,"turns":2},{"damage":5,"enemies":"Orb Walker","floor":36,"turns":3},{"damage":28,"enemies":"Spire Growth","floor":37,"turns":4},{"damage":0,"enemies":"3 Darklings","floor":38,"turns":5},{"damage":0,"enemies":"Giant Head","floor":41,"turns":4},{"damage":0,"enemies":"Sphere and 2 Shapes","floor":44,"turns":4},{"damage":0,"enemies":"Nemesis","floor":45,"turns":7},{"damage":19,"enemies":"Maw","floor":47,"turns":5},{"damage":0,"enemies":"Writhing Mass","floor":48,"turns":4},{"damage":4,"enemies":"Donu and Deca","floor":50,"turns":6},{"damage":1,"enemies":"Shield and Spear","floor":54,"turns":4},{"damage":78,"enemies":"The Heart","floor":55,"turns":10}],"seed_played":"5538496951169109610","potions_obtained":[{"floor":1,"key":"Ancient Potion"},{"floor":3,"key":"AttackPotion"},{"floor":13,"key":"Energy Potion"},{"floor":16,"key":"AttackPotion"},{"floor":21,"key":"PowerPotion"},{"floor":30,"key":"LiquidBronze"},{"floor":31,"key":"SkillPotion"},{"floor":35,"key":"Poison Potion"},{"floor":36,"key":"Weak Potion"},{"floor":41,"key":"EntropicBrew"},{"floor":47,"key":"SteroidPotion"}],"is_trial":false,"path_per_floor":["M","M","M","M","M","R","?","R","T","M","E","R","M","M","R","B",null,"M","?","$","M","M","R","?","M","T","$","R","M","E","M","R","B",null,"M","M","M","M","?","R","E","R","T","M","E","?","M","M","R","B",null,"R","$","E","B",null],"character_chosen":"IRONCLAD","items_purchased":["Strawberry","Entrench","Shrug It Off"],"campfire_rested":1,"item_purchase_floors":[20,27,53],"current_hp_per_floor":[72,72,72,65,42,42,27,27,27,26,24,24,31,34,55,61,72,49,49,56,66,72,72,72,79,79,79,79,79,79,79,79,79,79,79,79,61,73,73,73,79,79,79,79,79,79,66,78,78,79,79,79,79,79,13],"gold":94,"neow_bonus":"ONE_RARE_RELIC","is_prod":false,"is_daily":false,"chose_seed":false,"campfire_upgraded":9,"win_rate":0,"timestamp":1571863517,"path_taken":["M","M","M","M","M","R","?","R","T","M","E","R","M","M","R","BOSS","M","?","$","M","M","R","?","M","T","$","R","M","E","?","R","BOSS","M","M","?","M","?","R","E","R","T","M","E","?","M","M","R","BOSS","R","$","E","BOSS"],"build_version":"2019-07-17","purchased_purges":2,"victory":true,"max_hp_per_floor":[72,72,72,72,72,72,72,72,72,72,72,72,72,72,72,72,72,72,72,79,79,79,79,79,79,79,79,79,79,79,79,79,79,79,79,79,79,79,79,79,79,79,79,79,79,79,79,79,79,79,79,79,79,79,79],"card_choices":[{"not_picked":["Hemokinesis","Wild Strike"],"picked":"Body Slam","floor":1},{"not_picked":["Pommel Strike","Second Wind","Havoc"],"picked":"SKIP","floor":2},{"not_picked":["Flex","Dropkick"],"picked":"Iron Wave","floor":3},{"not_picked":["Cleave","Twin Strike"],"picked":"Barricade","floor":4},{"not_picked":["Wild Strike","Havoc"],"picked":"True Grit","floor":5},{"not_picked":["Bloodletting","Havoc"],"picked":"Battle Trance","floor":7},{"not_picked":["Intimidate","Bloodletting","Perfected Strike"],"picked":"SKIP","floor":10},{"not_picked":["Second Wind","Combust","Fire Breathing"],"picked":"SKIP","floor":11},{"not_picked":["Iron Wave","Heavy Blade"],"picked":"Armaments","floor":13},{"not_picked":["Sentinel","Fire Breathing"],"picked":"Juggernaut","floor":14},{"not_picked":["Berserk","Feed"],"picked":"Juggernaut","floor":16},{"not_picked":["Perfected Strike","Cleave+1","Clothesline"],"picked":"SKIP","floor":18},{"not_picked":["Intimidate+1","Feel No Pain"],"picked":"Iron Wave","floor":21},{"not_picked":["Sentinel","Anger","Pommel Strike"],"picked":"SKIP","floor":22},{"not_picked":["Heavy Blade+1","Sentinel","Sword Boomerang+1"],"picked":"SKIP","floor":25},{"not_picked":["Wild Strike","Perfected Strike"],"picked":"Body Slam","floor":29},{"not_picked":["Clash+1","Dropkick","Berserk"],"picked":"SKIP","floor":30},{"not_picked":["Perfected Strike","Bloodletting"],"picked":"Body Slam","floor":31},{"not_picked":["Pommel Strike+1","Second Wind"],"picked":"Sentinel+1","floor":35},{"not_picked":["Headbutt+1","Havoc","Armaments"],"picked":"SKIP","floor":36},{"not_picked":["Pommel Strike+1","Clash+1","Corruption"],"picked":"SKIP","floor":37},{"not_picked":["Clash","Flex"],"picked":"Shrug It Off+1","floor":38},{"not_picked":["Hemokinesis+1","Immolate","Armaments"],"picked":"SKIP","floor":41},{"not_picked":["True Grit+1","Wild Strike+1","Flex"],"picked":"SKIP","floor":44},{"not_picked":["Headbutt","Spot Weakness","Burning Pact"],"picked":"SKIP","floor":45},{"not_picked":["Clash+1","True Grit","Warcry+1"],"picked":"SKIP","floor":47},{"not_picked":["Thunderclap+1","Rampage+1","Armaments"],"picked":"SKIP","floor":48},{"not_picked":["Feel No Pain","Searing Blow+1","Bludgeon"],"picked":"SKIP","floor":54}],"player_experience":185208,"relics_obtained":[{"floor":7,"key":"Odd Mushroom"},{"floor":9,"key":"Mummified Hand"},{"floor":11,"key":"Kunai"},{"floor":30,"key":"Dodecahedron"},{"floor":41,"key":"Centennial Puzzle"},{"floor":43,"key":"Bottled Lightning"},{"floor":45,"key":"Potion Belt"},{"floor":54,"key":"Dead Branch"}],"event_choices":[{"damage_healed":0,"gold_gain":0,"player_choice":"Fought Mushrooms","damage_taken":0,"max_hp_gain":0,"max_hp_loss":0,"event_name":"Mushrooms","floor":7,"gold_loss":0},{"damage_healed":0,"gold_gain":0,"player_choice":"Simplicity","damage_taken":0,"max_hp_gain":0,"max_hp_loss":0,"event_name":"Back to Basics","floor":19,"gold_loss":0,"cards_upgraded":["Strike_R","Strike_R","Strike_R","Strike_R","Strike_R","Defend_R","Defend_R","Defend_R","Defend_R"]},{"damage_healed":0,"gold_gain":0,"player_choice":"Ignored","damage_taken":0,"max_hp_gain":0,"max_hp_loss":0,"event_name":"Cursed Tome","floor":24,"gold_loss":0},{"damage_healed":0,"gold_gain":0,"player_choice":"Paid","damage_taken":0,"relics_obtained":["Red Mask"],"max_hp_gain":0,"max_hp_loss":0,"event_name":"Tomb of Lord Red Mask","floor":39,"gold_loss":241},{"cards_removed":["Body Slam"],"damage_healed":0,"gold_gain":0,"player_choice":"Removed Attack","damage_taken":0,"max_hp_gain":0,"max_hp_loss":0,"event_name":"Falling","floor":46,"gold_loss":0}],"is_beta":false,"boss_relics":[{"not_picked":["Coffee Dripper","Sozu"],"picked":"Runic Dome"},{"not_picked":["Runic Cube","Fusion Hammer"],"picked":"Empty Cage"}],"items_purged_floors":[20,27],"is_endless":false,"potions_floor_spawned":[1,3,13,16,21,30,31,35,36,41,44,47],"ascension_level":0}