{"gold_per_floor":[113,129,142,7,18,18,193,193,193,193,216,216,251,230,230,351,351,366,389,407,506,524,524,564,564,588,603,703,718,731,201,201,324,324,340,364,23,41,41,72,72,0,0,36,48],"floor_reached":45,"playtime":3435,"items_purged":["Doubt","Strike_R"],"score":545,"play_id":"c6103947-1090-43cd-adfb-047292bc288b","local_time":"20190804015631","is_ascension_mode":false,"campfire_choices":[{"data":"Armaments","floor":6,"key":"SMITH"},{"data":"Whirlwind","floor":12,"key":"SMITH"},{"data":"Shrug It Off","floor":15,"key":"SMITH"},{"floor":23,"key":"REST"},{"floor":25,"key":"REST"},{"floor":32,"key":"REST"},{"floor":41,"key":"REST"}],"neow_cost":"NONE","seed_source_timestamp":12621686610100,"circlet_count":0,"master_deck":["Strike_R+1","Strike_R","Strike_R","Strike_R+1","Defend_R+1","Defend_R","Defend_R","Defend_R","Bash","Armaments+1","Inflame+1","Cleave","Flame Barrier","Impatience","Shrug It Off+1","Whirlwind+1","Heavy Blade","Reaper","Bloodletting","Spot Weakness","Combust+1","Seeing Red+1","Shrug It Off+1","Flex+1","Flex","Shrug It Off+1","Fire Breathing","Ghostly Armor","Double Tap","Clash+1","Headbutt+1","Mind Blast","Cleave+1","Sever Soul+1","Metallicize"],"relics":["Black Blood","Orichalcum","Golden Idol","Self Forming Clay","Bottled Tornado","Ancient Tea Set","Whetstone","War Paint","Regal Pillow","Fusion Hammer","Blood Vial","Happy Flower","Champion Belt","Red Mask","Sundial","MawBank"],"potions_floor_usage":[16,19,20,24,30,30,33,33,38],"damage_taken":[{"damage":7,"enemies":"2 Louse","floor":1,"turns":3},{"damage":2,"enemies":"Small Slimes","floor":2,"turns":3},{"damage":1,"enemies":"Jaw Worm","floor":3,"turns":3},{"damage":8,"enemies":"3 Louse","floor":5,"turns":3},{"damage":2,"enemies":"Red Slaver","floor":11,"turns":3},{"damage":19,"enemies":"Lagavulin","floor":13,"turns":9},{"damage":44,"enemies":"Hexaghost","floor":16,"turns":13},{"damage":15,"enemies":"Chosen","floor":18,"turns":6},{"damage":37,"enemies":"Spheric Guardian","floor":19,"turns":10},{"damage":38,"enemies":"Shelled Parasite and Fungi","floor":20,"turns":10},{"damage":15,"enemies":"Centurion and Healer","floor":22,"turns":7},{"damage":57,"enemies":"Book of Stabbing","floor":24,"turns":8},{"damage":27,"enemies":"Chosen and Byrds","floor":27,"turns":7},{"damage":31,"enemies":"Shelled Parasite and Fungi","floor":29,"turns":6},{"damage":24,"enemies":"Centurion and Healer","floor":30,"turns":6},{"damage":77,"enemies":"Automaton","floor":33,"turns":11},{"damage":8,"enemies":"3 Shapes","floor":35,"turns":5},{"damage":13,"enemies":"3 Darklings","floor":36,"turns":4},{"damage":40,"enemies":"Maw","floor":38,"turns":8},{"damage":54,"enemies":"Giant Head","floor":40,"turns":8},{"damage":32,"enemies":"Nemesis","floor":44,"turns":7},{"damage":47,"enemies":"Spire Growth","floor":45,"turns":4}],"seed_played":"-878712936917419511","potions_obtained":[{"floor":1,"key":"EssenceOfSteel"},{"floor":2,"key":"Dexterity Potion"},{"floor":16,"key":"Regen Potion"},{"floor":19,"key":"EssenceOfSteel"},{"floor":20,"key":"Dexterity Potion"},{"floor":29,"key":"Energy Potion"},{"floor":30,"key":"Explosive Potion"},{"floor":35,"key":"PowerPotion"},{"floor":40,"key":"SpeedPotion"}],"is_trial":false,"path_per_floor":["M","M","M","$","M","R","?","?","T","?","M","R","E","?","R","B",null,"M","M","M","?","M","R","E","R","T","M","?","M","M","$","R","B",null,"M","M","$","M","T","E","R","?","T","E","M"],"character_chosen":"IRONCLAD","items_purchased":["Flame Barrier","Impatience","Fire Breathing","War Paint","Regal Pillow","SpeedPotion","Ghostly Armor","Mind Blast","Blood Vial"],"campfire_rested":4,"item_purchase_floors":[4,4,31,31,31,31,31,37,37],"current_hp_per_floor":[79,80,80,80,78,78,78,58,58,58,62,62,49,49,49,11,80,80,53,40,40,43,67,30,54,54,47,47,46,41,41,80,13,80,80,77,77,66,66,24,63,63,63,43,0],"gold":48,"neow_bonus":"RANDOM_COMMON_RELIC","is_prod":false,"is_daily":false,"chose_seed":false,"campfire_upgraded":3,"win_rate":0.0,"timestamp":1564898191,"path_taken":["M","M","M","$","M","R","?","?","T","?","?","R","E","?","R","BOSS","M","M","M","?","M","R","E","R","T","M","?","M","M","$","R","BOSS","M","M","$","M","?","E","R","?","T","E","M"],"build_version":"2019-07-17","purchased_purges":2,"victory":false,"max_hp_per_floor":[80,80,80,80,80,80,80,80,80,80,80,80,80,80,80,80,80,80,80,80,80,80,80,80,80,80,80,80,80,80,80,80,80,80,80,80,80,80,80,80,80,80,80,80,80],"card_choices":[{"not_picked":["Dropkick","Sword Boomerang"],"picked":"Armaments","floor":1},{"not_picked":["Carnage","Pommel Strike"],"picked":"Inflame","floor":2},{"not_picked":["Clash","Reckless Charge"],"picked":"Cleave","floor":3},{"not_picked":["Anger","Whirlwind"],"picked":"Shrug It Off","floor":5},{"not_picked":["Metallicize","Dark Embrace"],"picked":"Whirlwind","floor":11},{"not_picked":["Sever Soul","Dropkick"],"picked":"Heavy Blade","floor":13},{"not_picked":["Impervious","Barricade"],"picked":"Reaper","floor":16},{"not_picked":["Shrug It Off+1","Cleave"],"picked":"Bloodletting","floor":18},{"not_picked":["Heavy Blade","Infernal Blade"],"picked":"Spot Weakness","floor":19},{"not_picked":["Rage","Heavy Blade+1"],"picked":"Combust+1","floor":20},{"not_picked":["Battle Trance","Body Slam+1"],"picked":"Seeing Red+1","floor":22},{"not_picked":["Blood for Blood","Metallicize+1"],"picked":"Shrug It Off+1","floor":24},{"not_picked":["Battle Trance","Headbutt"],"picked":"Flex+1","floor":27},{"not_picked":["Reckless Charge+1","Flame Barrier"],"picked":"Flex","floor":29},{"not_picked":["Pommel Strike","Sever Soul+1"],"picked":"Shrug It Off","floor":30},{"not_picked":["Fiend Fire","Feed"],"picked":"Double Tap","floor":33},{"not_picked":["Pummel+1","Pommel Strike"],"picked":"Clash+1","floor":35},{"not_picked":["Clash+1","Dual Wield"],"picked":"Headbutt+1","floor":36},{"not_picked":["Warcry","Ghostly Armor"],"picked":"Cleave+1","floor":38},{"not_picked":["Searing Blow","Hemokinesis"],"picked":"Sever Soul+1","floor":40},{"not_picked":["Perfected Strike+1","Rage+1"],"picked":"Metallicize","floor":44}],"player_experience":2964,"relics_obtained":[{"floor":9,"key":"Self Forming Clay"},{"floor":13,"key":"Bottled Tornado"},{"floor":24,"key":"Ancient Tea Set"},{"floor":26,"key":"Whetstone"},{"floor":39,"key":"Happy Flower"},{"floor":40,"key":"Champion Belt"},{"floor":43,"key":"Sundial"},{"floor":44,"key":"MawBank"}],"event_choices":[{"damage_healed":0,"gold_gain":175,"player_choice":"AGREE","damage_taken":0,"max_hp_gain":0,"max_hp_loss":0,"event_name":"Liars Game","floor":7,"gold_loss":0,"cards_obtained":["Doubt"]},{"damage_healed":0,"gold_gain":0,"player_choice":"Take Damage","damage_taken":20,"relics_obtained":["Golden Idol"],"max_hp_gain":0,"max_hp_loss":0,"event_name":"Golden Idol","floor":8,"gold_loss":0},{"damage_healed":0,"gold_gain":0,"player_choice":"Grow","damage_taken":0,"max_hp_gain":0,"max_hp_loss":0,"event_name":"Living Wall","floor":10,"gold_loss":0,"cards_upgraded":["Inflame"]},{"damage_healed":0,"gold_gain":0,"player_choice":"Left Gold","damage_taken":0,"max_hp_gain":0,"max_hp_loss":0,"event_name":"World of Goop","floor":14,"gold_loss":21},{"damage_healed":0,"gold_gain":99,"player_choice":"Stole From Cult","damage_taken":0,"max_hp_gain":0,"max_hp_loss":0,"event_name":"Nest","floor":21,"gold_loss":0},{"damage_healed":0,"gold_gain":100,"player_choice":"Pray","damage_taken":0,"max_hp_gain":0,"max_hp_loss":0,"event_name":"Golden Shrine","floor":28,"gold_loss":0},{"damage_healed":0,"gold_gain":0,"player_choice":"Paid","damage_taken":0,"relics_obtained":["Red Mask"],"max_hp_gain":0,"max_hp_loss":0,"event_name":"Tomb of Lord Red Mask","floor":42,"gold_loss":72}],"is_beta":false,"boss_relics":[{"not_picked":["Velvet Choker","Calling Bell"],"picked":"Black Blood"},{"not_picked":["Lizard Tail","Astrolabe"],"picked":"Fusion Hammer"}],"items_purged_floors":[31,37],"is_endless":false,"potions_floor_spawned":[1,2,16,19,20,29,30,35,40],"killed_by":"Spire Growth","ascension_level":0}