{"gold_per_floor":[115,40,58,58,71,71,106,106,130,130,146,146,174,60,60,137,137,156,136,146,160,20,20,35,35,61,73,73],"floor_reached":28,"playtime":1224,"items_purged":["Strike_R","Strike_R"],"score":458,"play_id":"a9b5c4bd-1175-4695-8c46-501c9f4e3ab2","local_time":"20190828200907","is_ascension_mode":true,"campfire_choices":[{"data":"Bash","floor":6,"key":"SMITH"},{"data":"True Grit","floor":10,"key":"SMITH"},{"data":"Spot Weakness","floor":15,"key":"SMITH"},{"data":"True Grit","floor":23,"key":"SMITH"},{"floor":25,"key":"REST"}],"neow_cost":"CURSE","seed_source_timestamp":413886222268900,"circlet_count":0,"master_deck":["AscendersBane","Strike_R","Strike_R","Defend_R","Defend_R","Defend_R","Defend_R","Bash+1","Pummel","Clothesline","Cleave","True Grit+1","Spot Weakness+1","Whirlwind","Feed","Shockwave","Feel No Pain","Reaper","True Grit+1","Disarm","Thunderclap","Battle Trance","Intimidate","Armaments"],"relics":["Burning Blood","Ice Cream","Champion Belt","Gremlin Horn","Ancient Tea Set","Blood Vial","Orrery","Vajra"],"potions_floor_usage":[5,13,13,19,20,28,28],"damage_taken":[{"damage":4,"enemies":"Jaw Worm","floor":1,"turns":4},{"damage":6,"enemies":"Cultist","floor":3,"turns":3},{"damage":9,"enemies":"2 Louse","floor":5,"turns":3},{"damage":37,"enemies":"Lagavulin","floor":7,"turns":7},{"damage":5,"enemies":"2 Fungi Beasts","floor":11,"turns":3},{"damage":2,"enemies":"Gremlin Nob","floor":13,"turns":3},{"damage":14,"enemies":"The Guardian","floor":16,"turns":15},{"damage":20,"enemies":"Shell Parasite","floor":18,"turns":4},{"damage":32,"enemies":"Chosen","floor":20,"turns":11},{"damage":27,"enemies":"Centurion and Healer","floor":21,"turns":11},{"damage":35,"enemies":"Shelled Parasite and Fungi","floor":24,"turns":10},{"damage":25,"enemies":"Snake Plant","floor":27,"turns":4},{"damage":70,"enemies":"Slavers","floor":28,"turns":4}],"seed_played":"4326411333225933550","potions_obtained":[{"floor":3,"key":"EssenceOfSteel"},{"floor":5,"key":"Fruit Juice"},{"floor":7,"key":"Fire Potion"},{"floor":18,"key":"Ancient Potion"},{"floor":19,"key":"Fruit Juice"},{"floor":20,"key":"SpeedPotion"},{"floor":24,"key":"FearPotion"}],"is_trial":false,"path_per_floor":["M","?","M","?","M","R","E","T","T","R","M","?","E","$","R","B",null,"M","?","M","M","$","R","M","R","T","M","E"],"character_chosen":"IRONCLAD","items_purchased":["Whirlwind","Battle Trance"],"campfire_rested":1,"item_purchase_floors":[14,22],"current_hp_per_floor":[70,70,70,75,77,77,46,46,46,46,47,40,44,44,44,38,71,62,67,58,42,42,42,39,67,67,63,0],"gold":73,"neow_bonus":"ONE_RARE_RELIC","is_prod":false,"is_daily":false,"chose_seed":false,"campfire_upgraded":4,"win_rate":0,"timestamp":1567037347,"path_taken":["M","?","M","?","?","R","E","?","T","R","M","?","E","$","R","BOSS","M","?","?","M","?","R","M","R","T","M","E"],"build_version":"2019-07-17","purchased_purges":2,"victory":false,"max_hp_per_floor":[75,72,72,77,82,82,82,82,82,82,82,82,82,82,82,82,82,85,90,93,96,96,96,96,96,96,96,96],"card_choices":[{"not_picked":["Perfected Strike","Body Slam"],"picked":"Pummel","floor":1},{"not_picked":["Flex","Body Slam"],"picked":"Clothesline","floor":3},{"not_picked":["Clothesline","Dark Embrace"],"picked":"Cleave","floor":5},{"not_picked":["Headbutt","Cleave"],"picked":"True Grit","floor":7},{"not_picked":["Entrench","Wild Strike","Rupture"],"picked":"SKIP","floor":11},{"not_picked":["Shrug It Off","Pommel Strike"],"picked":"Spot Weakness","floor":13},{"not_picked":["Berserk","Impervious"],"picked":"Feed","floor":16},{"not_picked":["Iron Wave","Carnage"],"picked":"Shockwave","floor":17},{"not_picked":["Anger","Body Slam"],"picked":"Feel No Pain","floor":17},{"not_picked":["Thunderclap","Cleave"],"picked":"Reaper","floor":17},{"not_picked":["Metallicize","Ghostly Armor"],"picked":"True Grit","floor":17},{"not_picked":["Spot Weakness+1","Ghostly Armor"],"picked":"Disarm","floor":18},{"not_picked":["Clash","Rampage"],"picked":"Thunderclap","floor":20},{"not_picked":["Wild Strike+1","Clash","Havoc"],"picked":"SKIP","floor":21},{"not_picked":["Cleave","Reckless Charge+1"],"picked":"Intimidate","floor":24},{"not_picked":["Havoc","Headbutt"],"picked":"Armaments","floor":27}],"player_experience":924327,"relics_obtained":[{"floor":7,"key":"Champion Belt"},{"floor":8,"key":"Gremlin Horn"},{"floor":9,"key":"Ancient Tea Set"},{"floor":13,"key":"Blood Vial"},{"floor":26,"key":"Vajra"}],"event_choices":[{"cards_removed":["Parasite"],"damage_healed":0,"gold_gain":0,"player_choice":"Card Removal","damage_taken":0,"max_hp_gain":0,"max_hp_loss":0,"event_name":"The Cleric","floor":2,"gold_loss":75},{"damage_healed":0,"gold_gain":0,"player_choice":"Donut","damage_taken":0,"max_hp_gain":5,"max_hp_loss":0,"event_name":"Big Fish","floor":4,"gold_loss":0},{"cards_removed":["Strike_R"],"damage_healed":0,"gold_gain":0,"player_choice":"Card Removal","damage_taken":7,"max_hp_gain":0,"max_hp_loss":0,"event_name":"Golden Wing","floor":12,"gold_loss":0},{"damage_healed":0,"gold_gain":0,"player_choice":"Bought 1 Potion","damage_taken":0,"max_hp_gain":0,"max_hp_loss":0,"event_name":"The Woman in Blue","floor":19,"gold_loss":0}],"is_beta":false,"boss_relics":[{"not_picked":["Runic Dome","Empty Cage"],"picked":"Orrery"}],"items_purged_floors":[14,22],"is_endless":false,"potions_floor_spawned":[3,5,7,18,20,24],"killed_by":"Slavers","ascension_level":18}