{"gold_per_floor":[113,129,149,167,183,195,223,223,248,248,248,248,259,273,273,370,370,382,397,409,427,219,219,275,275,326,326,345,365,376,425,425,520,520,530,543,188,199,199,229,229,254,303,315,327,265,279,86,86,86],"floor_reached":51,"playtime":3603,"items_purged":["Strike_R","Strike_R","Strike_R","Strike_R"],"score":913,"play_id":"5b35bd6a-dd87-4c93-beb9-2a33c043680f","local_time":"20191020195804","is_ascension_mode":true,"campfire_choices":[{"data":"Barricade","floor":8,"key":"SMITH"},{"floor":12,"key":"REST"},{"data":"Shrug It Off","floor":15,"key":"SMITH"},{"floor":23,"key":"REST"},{"data":"Armaments","floor":25,"key":"SMITH"},{"data":"Shrug It Off","floor":27,"key":"SMITH"},{"floor":32,"key":"REST"},{"data":"Impervious","floor":41,"key":"SMITH"},{"data":"Finesse","floor":44,"key":"SMITH"},{"data":"Shrug It Off","floor":49,"key":"SMITH"}],"neow_cost":"PERCENT_DAMAGE","seed_source_timestamp":1012853210218800,"circlet_count":0,"master_deck":["Strike_R","Defend_R","Defend_R","Defend_R","Defend_R","Bash+1","Barricade+1","Armaments+1","Shrug It Off","Shrug It Off+1","Juggernaut+1","Impervious+1","Ghostly Armor","Shrug It Off+1","Finesse+1","Iron Wave","Shrug It Off+1","Shrug It Off+1","Flame Barrier+1","True Grit+1"],"relics":["Burning Blood","Gambling Chip","Strawberry","Sozu","Tiny Chest","Happy Flower","PreservedInsect","Runic Pyramid","MealTicket","Matryoshka","Anchor","Smiling Mask","Centennial Puzzle","MawBank","Bag of Marbles","Toxic Egg 2","Art of War"],"potions_floor_usage":[5,7,13,13,16,20],"damage_taken":[{"damage":3,"enemies":"Jaw Worm","floor":1,"turns":5},{"damage":5,"enemies":"Cultist","floor":2,"turns":5},{"damage":0,"enemies":"Small Slimes","floor":3,"turns":4},{"damage":0,"enemies":"Blue Slaver","floor":4,"turns":7},{"damage":17,"enemies":"Large Slime","floor":5,"turns":8},{"damage":7,"enemies":"3 Louse","floor":6,"turns":8},{"damage":33,"enemies":"Lagavulin","floor":7,"turns":14},{"damage":4,"enemies":"Exordium Thugs","floor":13,"turns":5},{"damage":15,"enemies":"Looter","floor":14,"turns":4},{"damage":14,"enemies":"Hexaghost","floor":16,"turns":13},{"damage":0,"enemies":"Spheric Guardian","floor":18,"turns":5},{"damage":4,"enemies":"Shell Parasite","floor":19,"turns":7},{"damage":43,"enemies":"Chosen and Byrds","floor":20,"turns":9},{"damage":14,"enemies":"Snecko","floor":21,"turns":4},{"damage":28,"enemies":"Gremlin Leader","floor":24,"turns":12},{"damage":11,"enemies":"Snake Plant","floor":28,"turns":4},{"damage":26,"enemies":"Cultist and Chosen","floor":29,"turns":8},{"damage":0,"enemies":"Snecko","floor":30,"turns":6},{"damage":10,"enemies":"Collector","floor":33,"turns":16},{"damage":0,"enemies":"3 Shapes","floor":35,"turns":5},{"damage":3,"enemies":"Orb Walker","floor":36,"turns":4},{"damage":6,"enemies":"Spire Growth","floor":38,"turns":6},{"damage":16,"enemies":"Reptomancer","floor":40,"turns":9},{"damage":9,"enemies":"Nemesis","floor":42,"turns":10},{"damage":0,"enemies":"Transient","floor":47,"turns":5},{"damage":14,"enemies":"Awakened One","floor":50,"turns":17}],"seed_played":"2755513605009634531","potions_obtained":[{"floor":2,"key":"Swift Potion"},{"floor":3,"key":"Poison Potion"},{"floor":4,"key":"PowerPotion"},{"floor":7,"key":"Strength Potion"},{"floor":11,"key":"Fruit Juice"},{"floor":11,"key":"Fire Potion"},{"floor":16,"key":"Weak Potion"}],"is_trial":false,"path_per_floor":["M","M","M","M","M","M","E","R","T","?","?","R","M","M","R","B",null,"M","M","M","M","$","R","E","R","T","R","M","M","M","T","R","B",null,"M","M","$","M","T","E","R","E","T","R","T","$","M","$","R","B",null],"character_chosen":"IRONCLAD","items_purchased":["Shrug It Off","Finesse","MealTicket","Shrug It Off","True Grit+1","Art of War"],"campfire_rested":3,"item_purchase_floors":[22,22,37,37,46,48],"current_hp_per_floor":[54,55,61,67,56,55,28,28,35,18,18,44,51,42,42,34,78,84,86,49,41,41,68,46,46,46,46,41,21,27,27,54,50,82,88,91,91,91,91,81,81,78,78,78,78,92,92,92,92,84],"gold":86,"neow_bonus":"THREE_RARE_CARDS","is_prod":false,"is_daily":false,"chose_seed":false,"campfire_upgraded":7,"win_rate":0,"timestamp":1571615884,"path_taken":["M","M","M","M","M","M","E","R","T","?","?","R","M","M","R","BOSS","M","M","M","M","$","R","E","R","T","R","M","?","M","?","R","BOSS","M","M","$","M","?","E","R","E","T","R","?","?","M","$","R","BOSS"],"build_version":"2019-07-17","purchased_purges":4,"victory":true,"max_hp_per_floor":[80,80,80,80,80,80,80,80,87,87,87,87,92,92,92,92,92,92,92,92,92,92,92,92,92,92,92,92,92,92,92,92,92,92,92,92,92,92,92,92,92,92,92,92,92,92,92,92,92,92],"card_choices":[{"not_picked":["Demon Form","Dark Embrace"],"picked":"Barricade","floor":0},{"not_picked":["Headbutt","Pommel Strike"],"picked":"Armaments","floor":1},{"not_picked":["Battle Trance","Ghostly Armor"],"picked":"Shrug It Off","floor":2},{"not_picked":["Cleave","Reaper"],"picked":"Shrug It Off","floor":3},{"not_picked":["Anger","Clash","Dropkick"],"picked":"SKIP","floor":4},{"not_picked":["Perfected Strike","Armaments","Sword Boomerang"],"picked":"SKIP","floor":5},{"not_picked":["Blood for Blood","Feel No Pain","Sentinel"],"picked":"SKIP","floor":6},{"not_picked":["Hemokinesis","True Grit"],"picked":"Juggernaut","floor":7},{"not_picked":["True Grit","Sword Boomerang","Armaments"],"picked":"SKIP","floor":13},{"not_picked":["Perfected Strike","Carnage","Fiend Fire"],"picked":"SKIP","floor":14},{"not_picked":["Offering","Fiend Fire"],"picked":"Impervious","floor":16},{"not_picked":["True Grit","Cleave","Armaments"],"picked":"SKIP","floor":18},{"not_picked":["Perfected Strike","Clothesline","Disarm+1"],"picked":"SKIP","floor":19},{"not_picked":["Rampage","Battle Trance+1"],"picked":"Ghostly Armor","floor":20},{"not_picked":["Sword Boomerang+1","Wild Strike","Reckless Charge"],"picked":"SKIP","floor":21},{"not_picked":["Warcry","Sword Boomerang+1","Twin Strike"],"picked":"SKIP","floor":24},{"not_picked":["True Grit","Metallicize","Wild Strike"],"picked":"SKIP","floor":28},{"not_picked":["Sword Boomerang","Demon Form"],"picked":"Iron Wave","floor":29},{"not_picked":["Havoc","Armaments","Perfected Strike"],"picked":"SKIP","floor":30},{"not_picked":["Inflame","Rupture+1","Warcry"],"picked":"SKIP","floor":35},{"not_picked":["Sever Soul","Dual Wield+1","Clothesline"],"picked":"SKIP","floor":36},{"not_picked":["Anger+1","Combust+1"],"picked":"Shrug It Off+1","floor":38},{"not_picked":["Reaper","Armaments+1","Disarm"],"picked":"SKIP","floor":40},{"not_picked":["Shrug It Off+1","Feel No Pain+1"],"picked":"Flame Barrier+1","floor":42},{"not_picked":["Rampage","Flex+1","Pommel Strike"],"picked":"SKIP","floor":47}],"player_experience":148565,"relics_obtained":[{"floor":7,"key":"Gambling Chip"},{"floor":9,"key":"Strawberry"},{"floor":24,"key":"Tiny Chest"},{"floor":26,"key":"Happy Flower"},{"floor":31,"key":"PreservedInsect"},{"floor":39,"key":"Matryoshka"},{"floor":40,"key":"Anchor"},{"floor":42,"key":"Smiling Mask"},{"floor":43,"key":"Centennial Puzzle"},{"floor":43,"key":"MawBank"},{"floor":45,"key":"Bag of Marbles"},{"floor":45,"key":"Toxic Egg 2"}],"event_choices":[{"damage_healed":0,"gold_gain":0,"player_choice":"Entered Light","damage_taken":17,"max_hp_gain":0,"max_hp_loss":0,"event_name":"Shining Light","floor":10,"gold_loss":0,"cards_upgraded":["Juggernaut","Bash"]},{"damage_healed":0,"gold_gain":0,"player_choice":"Got Potions","damage_taken":0,"max_hp_gain":0,"max_hp_loss":0,"event_name":"Lab","floor":11,"gold_loss":0}],"is_beta":false,"boss_relics":[{"not_picked":["Lizard Tail","Snecko Eye"],"picked":"Sozu"},{"not_picked":["Black Star","Runic Dome"],"picked":"Runic Pyramid"}],"items_purged_floors":[22,37,46,48],"is_endless":false,"potions_floor_spawned":[2,3,4,7,16,20,28,30,40,42],"ascension_level":6}