{"gold_per_floor":[109,109,109,119,119,119,150,150,150,150,162,175,175,193,193,291,291,303,314,326,326,171,196,196,206,236,78,78,90,90,90,90,194,194,213,213,213,227,240,240,251,326,326,346,362,374,78,97,97,97],"floor_reached":51,"playtime":3797,"items_purged":["Strike_B","Strike_B"],"score":800,"play_id":"b995c470-99cc-4d6f-a7cc-bb1239cd0ceb","local_time":"20191021184517","is_ascension_mode":true,"campfire_choices":[{"data":"Stack","floor":6,"key":"SMITH"},{"data":"Defragment","floor":8,"key":"SMITH"},{"data":"Defend_B","floor":10,"key":"SMITH"},{"data":"Defend_B","floor":13,"key":"SMITH"},{"data":"Defend_B","floor":15,"key":"SMITH"},{"data":"Capacitor","floor":24,"key":"SMITH"},{"data":"Blizzard","floor":28,"key":"SMITH"},{"data":"Dualcast","floor":30,"key":"SMITH"},{"data":"Coolheaded","floor":32,"key":"SMITH"},{"data":"Defend_B","floor":40,"key":"SMITH"},{"floor":49,"key":"REST"}],"neow_cost":"NONE","seed_source_timestamp":1094714872410200,"circlet_count":0,"master_deck":["Strike_B+1","Defend_B+1","Defend_B+1","Defend_B+1","Defend_B+1","Zap+1","Dualcast+1","Coolheaded+1","Stack+1","Defragment+1","BootSequence+1","Reinforced Body+1","Force Field+1","Core Surge","Defragment+1","Blizzard+1","Stack+1","Capacitor+1","Self Repair+1","Glacier+1","Blizzard+1","Chill+1","Conserve Battery+1","Reboot+1","White Noise+1","Mayhem+1","Dark Shackles+1","Deep Breath+1","Glacier+1","Coolheaded+1","Consume+1","Electrodynamics"],"relics":["FrozenCore","NeowsBlessing","Toxic Egg 2","Matryoshka","Dream Catcher","Tiny Chest","Cables","Inserter","Blue Candle","Molten Egg 2","Lantern"],"potions_floor_usage":[11,12,20,20,23,25,41,50],"damage_taken":[{"damage":0,"enemies":"Jaw Worm","floor":1,"turns":1},{"damage":0,"enemies":"2 Louse","floor":4,"turns":1},{"damage":0,"enemies":"3 Sentries","floor":7,"turns":1},{"damage":0,"enemies":"Small Slimes","floor":11,"turns":2},{"damage":0,"enemies":"Blue Slaver","floor":12,"turns":4},{"damage":0,"enemies":"3 Louse","floor":14,"turns":3},{"damage":14,"enemies":"Hexaghost","floor":16,"turns":16},{"damage":0,"enemies":"Chosen","floor":18,"turns":9},{"damage":2,"enemies":"Spheric Guardian","floor":19,"turns":8},{"damage":15,"enemies":"Centurion and Healer","floor":20,"turns":15},{"damage":1,"enemies":"Book of Stabbing","floor":23,"turns":9},{"damage":6,"enemies":"3 Cultists","floor":25,"turns":8},{"damage":0,"enemies":"Snecko","floor":29,"turns":7},{"damage":0,"enemies":"Champ","floor":33,"turns":17},{"damage":0,"enemies":"Orb Walker","floor":35,"turns":6},{"damage":20,"enemies":"3 Darklings","floor":38,"turns":7},{"damage":0,"enemies":"Spire Growth","floor":39,"turns":8},{"damage":24,"enemies":"Transient","floor":41,"turns":5},{"damage":9,"enemies":"3 Darklings","floor":44,"turns":9},{"damage":0,"enemies":"Jaw Worm Horde","floor":45,"turns":3},{"damage":10,"enemies":"Writhing Mass","floor":46,"turns":13},{"damage":0,"enemies":"3 Darklings","floor":48,"turns":6},{"damage":26,"enemies":"Donu and Deca","floor":50,"turns":9}],"seed_played":"8325276420852247288","potions_obtained":[{"floor":1,"key":"EssenceOfSteel"},{"floor":4,"key":"EssenceOfSteel"},{"floor":7,"key":"AttackPotion"},{"floor":12,"key":"SpeedPotion"},{"floor":19,"key":"Fire Potion"},{"floor":20,"key":"Swift Potion"},{"floor":23,"key":"Weak Potion"},{"floor":29,"key":"LiquidBronze"},{"floor":44,"key":"AttackPotion"},{"floor":46,"key":"Fire Potion"},{"floor":48,"key":"Weak Potion"}],"is_trial":false,"path_per_floor":["M","?","?","M","?","R","E","R","T","R","M","M","R","M","R","B",null,"M","M","M","?","$","E","R","M","T","$","R","M","R","?","R","B",null,"M","?","?","M","M","R","M","?","T","M","M","M","$","M","R","B",null],"character_chosen":"DEFECT","items_purchased":["Capacitor","Blizzard","Chill+1","Lantern","Coolheaded+1"],"campfire_rested":1,"item_purchase_floors":[22,27,27,47,47],"current_hp_per_floor":[75,75,60,60,53,53,53,53,53,53,53,53,53,53,53,39,75,75,73,58,58,58,57,57,61,61,61,61,71,71,71,71,75,75,75,65,65,55,65,65,41,34,34,35,45,45,45,55,75,49],"gold":97,"neow_bonus":"THREE_ENEMY_KILL","is_prod":false,"is_daily":false,"chose_seed":false,"campfire_upgraded":10,"win_rate":0,"timestamp":1571697917,"path_taken":["M","?","?","M","?","R","E","R","T","R","M","M","R","M","R","BOSS","M","M","M","?","$","E","R","M","T","$","R","M","R","?","R","BOSS","M","?","?","?","M","R","M","?","T","?","?","M","$","M","R","BOSS"],"build_version":"2019-07-17","purchased_purges":2,"victory":true,"max_hp_per_floor":[75,75,75,75,75,75,75,75,75,75,75,75,75,75,75,75,75,75,75,75,75,75,75,75,75,75,75,75,75,75,75,75,75,75,75,75,75,75,75,75,75,75,75,75,75,75,75,75,75,75],"card_choices":[{"not_picked":["Ball Lightning","Melter"],"picked":"Coolheaded","floor":1},{"not_picked":["Melter","Streamline"],"picked":"Stack","floor":4},{"not_picked":["Consume","Multi-Cast"],"picked":"Defragment","floor":7},{"not_picked":["Hologram+1","Barrage"],"picked":"BootSequence+1","floor":11},{"not_picked":["FTL","Tempest+1"],"picked":"Reinforced Body+1","floor":12},{"not_picked":["Storm","Skim+1"],"picked":"Force Field+1","floor":14},{"not_picked":["Fission+1","Thunder Strike"],"picked":"Core Surge","floor":16},{"not_picked":["Melter","Turbo+1"],"picked":"Defragment+1","floor":18},{"not_picked":["Rebound","BootSequence+1"],"picked":"Blizzard+1","floor":19},{"not_picked":["Sweeping Beam","Reprogram+1"],"picked":"Stack+1","floor":20},{"not_picked":["Conserve Battery+1","Auto Shields+1"],"picked":"Self Repair+1","floor":23},{"not_picked":["Aggregate+1","Scrape"],"picked":"Glacier+1","floor":25},{"not_picked":["Darkness+1","Hologram+1"],"picked":"Conserve Battery+1","floor":29},{"not_picked":["Meteor Strike","Amplify+1"],"picked":"Reboot+1","floor":33},{"not_picked":["Chaos+1","Steam Power+1"],"picked":"White Noise+1","floor":35},{"not_picked":["Trip+1","Good Instincts+1"],"picked":"Mayhem","floor":36},{"not_picked":["Trip+1","Secret Technique+1"],"picked":"Dark Shackles+1","floor":36},{"not_picked":["Finesse+1","PanicButton+1"],"picked":"Deep Breath+1","floor":36},{"not_picked":["Reinforced Body+1","Static Discharge+1"],"picked":"Glacier+1","floor":38},{"not_picked":["Compile Driver","Leap+1","Scrape"],"picked":"SKIP","floor":39},{"not_picked":["Genetic Algorithm+1","FTL","Beam Cell"],"picked":"SKIP","floor":41},{"not_picked":["Go for the Eyes+1","Self Repair+1","Compile Driver+1"],"picked":"SKIP","floor":44},{"not_picked":["Stack+1","Rebound+1","Coolheaded+1"],"picked":"SKIP","floor":45},{"not_picked":["Skim+1","Cold Snap+1","Stack+1"],"picked":"SKIP","floor":46},{"not_picked":["Go for the Eyes+1","Gash+1"],"picked":"Consume+1","floor":48},{"not_picked":["Aggregate+1","Steam+1"],"picked":"Electrodynamics","floor":49}],"player_experience":158392,"relics_obtained":[{"floor":7,"key":"Toxic Egg 2"},{"floor":9,"key":"Matryoshka"},{"floor":23,"key":"Dream Catcher"},{"floor":26,"key":"Tiny Chest"},{"floor":26,"key":"Cables"},{"floor":43,"key":"Blue Candle"},{"floor":43,"key":"Molten Egg 2"}],"event_choices":[{"damage_healed":0,"gold_gain":0,"player_choice":"Ignored","damage_taken":0,"max_hp_gain":0,"max_hp_loss":0,"event_name":"Liars Game","floor":2,"gold_loss":0},{"damage_healed":0,"gold_gain":0,"player_choice":"Entered Light","damage_taken":15,"max_hp_gain":0,"max_hp_loss":0,"event_name":"Shining Light","floor":3,"gold_loss":0,"cards_upgraded":["Strike_B","Zap"]},{"cards_removed":["Strike_B"],"damage_healed":0,"gold_gain":0,"player_choice":"Card Removal","damage_taken":7,"max_hp_gain":0,"max_hp_loss":0,"event_name":"Golden Wing","floor":5,"gold_loss":0},{"damage_healed":0,"gold_gain":0,"player_choice":"Ignored","damage_taken":0,"max_hp_gain":0,"max_hp_loss":0,"event_name":"Cursed Tome","floor":21,"gold_loss":0},{"damage_healed":0,"gold_gain":0,"player_choice":"Ignored","damage_taken":0,"max_hp_gain":0,"max_hp_loss":0,"event_name":"Ghosts","floor":31,"gold_loss":0},{"damage_healed":0,"gold_gain":0,"player_choice":"Memory 3","damage_taken":10,"max_hp_gain":0,"max_hp_loss":0,"event_name":"SensoryStone","floor":36,"gold_loss":0},{"damage_healed":0,"gold_gain":0,"player_choice":"Upgraded","damage_taken":0,"max_hp_gain":0,"max_hp_loss":0,"event_name":"Upgrade Shrine","floor":37,"gold_loss":0,"cards_upgraded":["Mayhem"]},{"damage_healed":0,"gold_gain":75,"player_choice":"Touch","damage_taken":7,"max_hp_gain":0,"max_hp_loss":0,"event_name":"FaceTrader","floor":42,"gold_loss":0}],"is_beta":false,"boss_relics":[{"not_picked":["Black Star","Cursed Key"],"picked":"FrozenCore"},{"not_picked":["Lizard Tail","Sozu"],"picked":"Inserter"}],"items_purged_floors":[22,47],"is_endless":false,"potions_floor_spawned":[1,4,7,12,19,20,23,29,44,46,48],"ascension_level":3}