{"gold_per_floor":[118,118,43,53,68,103,115,151,186,198,210,222,264,276,288,300],"floor_reached":16,"playtime":874,"items_purged":["Shame"],"score":122,"play_id":"60905fcf-7f37-4290-835f-79eebcf4c105","local_time":"20191022233159","is_ascension_mode":true,"campfire_choices":[{"data":"Neutralize","floor":7,"key":"SMITH"},{"floor":11,"key":"REST"},{"floor":15,"key":"REST"}],"neow_cost":"CURSE","seed_source_timestamp":29185977179800,"circlet_count":0,"master_deck":["Strike_G","Strike_G","Strike_G","Strike_G","Strike_G","Defend_G","Defend_G","Defend_G","Defend_G","Defend_G","Survivor","Neutralize+1","Backflip","Crippling Poison","PiercingWail","Bouncing Flask","Blade Dance+1"],"relics":["Ring of the Snake","Dead Branch","MawBank","Odd Mushroom","Smiling Mask","Toxic Egg 2","WingedGreaves","Mummified Hand"],"potions_floor_usage":[6,6,13,16],"damage_taken":[{"damage":6,"enemies":"Jaw Worm","floor":1,"turns":7},{"damage":10,"enemies":"Cultist","floor":4,"turns":6},{"damage":3,"enemies":"2 Louse","floor":5,"turns":3},{"damage":13,"enemies":"Gremlin Nob","floor":6,"turns":5},{"damage":9,"enemies":"The Mushroom Lair","floor":8,"turns":5},{"damage":18,"enemies":"3 Sentries","floor":13,"turns":8},{"damage":52,"enemies":"Slime Boss","floor":16,"turns":7}],"seed_played":"-2217649050544462690","potions_obtained":[{"floor":2,"key":"EssenceOfSteel"},{"floor":2,"key":"FearPotion"},{"floor":2,"key":"Poison Potion"},{"floor":8,"key":"Weak Potion"}],"is_trial":false,"path_per_floor":["M","?","$","M","M","E","R","?","T","?","R","?","E","?","R","B"],"character_chosen":"THE_SILENT","items_purchased":[],"campfire_rested":2,"item_purchase_floors":[],"current_hp_per_floor":[64,64,64,54,51,38,38,29,29,29,50,32,14,14,35,0],"gold":300,"neow_bonus":"ONE_RARE_RELIC","is_prod":false,"is_daily":false,"chose_seed":false,"campfire_upgraded":1,"win_rate":0,"timestamp":1571801519,"path_taken":["M","?","$","M","?","E","R","?","T","?","R","?","E","?","R","BOSS"],"build_version":"2019-07-17","purchased_purges":1,"victory":false,"max_hp_per_floor":[70,70,70,70,70,70,70,70,70,70,70,70,70,70,70,70],"card_choices":[{"not_picked":["Outmaneuver","Endless Agony"],"picked":"Backflip","floor":1},{"not_picked":["Acrobatics","Well Laid Plans"],"picked":"Crippling Poison","floor":4},{"not_picked":["Riddle With Holes","Underhanded Strike"],"picked":"PiercingWail","floor":5},{"not_picked":["Reflex","Quick Slash","Dagger Spray"],"picked":"SKIP","floor":6},{"not_picked":["Deadly Poison","Sucker Punch"],"picked":"Bouncing Flask","floor":8},{"not_picked":["Reflex+1","Bane"],"picked":"Blade Dance+1","floor":13}],"player_experience":171680,"relics_obtained":[{"floor":6,"key":"MawBank"},{"floor":8,"key":"Odd Mushroom"},{"floor":9,"key":"Smiling Mask"},{"floor":13,"key":"WingedGreaves"},{"floor":14,"key":"Mummified Hand"}],"event_choices":[{"damage_healed":0,"gold_gain":0,"player_choice":"Got Potions","damage_taken":0,"max_hp_gain":0,"max_hp_loss":0,"event_name":"Lab","floor":2,"gold_loss":0},{"damage_healed":0,"gold_gain":0,"player_choice":"Fought Mushrooms","damage_taken":0,"max_hp_gain":0,"max_hp_loss":0,"event_name":"Mushrooms","floor":8,"gold_loss":0},{"damage_healed":0,"gold_gain":0,"player_choice":"Ignored","damage_taken":0,"max_hp_gain":0,"max_hp_loss":0,"event_name":"Liars Game","floor":10,"gold_loss":0},{"damage_healed":0,"gold_gain":0,"player_choice":"Success","damage_taken":18,"relics_obtained":["Toxic Egg 2"],"max_hp_gain":0,"max_hp_loss":0,"event_name":"Scrap Ooze","floor":12,"gold_loss":0},{"damage_healed":0,"gold_gain":0,"player_choice":"Relic","damage_taken":0,"max_hp_gain":0,"max_hp_loss":0,"event_name":"Wheel of Change","floor":14,"gold_loss":0}],"is_beta":false,"boss_relics":[],"items_purged_floors":[3],"is_endless":false,"potions_floor_spawned":[4,8],"killed_by":"Slime Boss","ascension_level":3}