{"gold_per_floor":[115,134,134,134,234,234,261,58,83,94,94,112,112,145,145,217,217,237,253,303,320,97,130,130,11,11,11,25,43,43,63,63,140,140,154,154,170,187,199,232,242,274,274,306,306,323,340,87,87,87],"floor_reached":51,"playtime":4064,"items_purged":["Strike_P","Defend_P+1"],"score":1269,"play_id":"98d28fd0-d44c-434d-8507-427f4315daec","local_time":"20191011104724","is_ascension_mode":true,"campfire_choices":[{"data":"FlurryOfBlows","floor":6.0,"key":"SMITH"},{"data":"FollowUp","floor":11.0,"key":"SMITH"},{"data":"WheelKick","floor":13.0,"key":"SMITH"},{"data":"Vigilance","floor":15.0,"key":"SMITH"},{"floor":24.0,"key":"REST"},{"floor":30.0,"key":"REST"},{"floor":32.0,"key":"REST"},{"floor":45.0,"key":"REST"},{"floor":49.0,"key":"REST"}],"neow_cost":"NONE","seed_source_timestamp":0,"circlet_count":0,"master_deck":["AscendersBane","Strike_P+1","Strike_P+1","Defend_P+1","Defend_P+1","Defend_P+1","Eruption+1","Vigilance+1","WaveOfTheHand+1","FlurryOfBlows+1","Tantrum+1","FollowUp+1","JustLucky+1","WheelKick+1","EmptyBody+1","LessonLearned+1","DeceiveReality+1","Wallop+1","Evaluate+1","InnerPeace+1","MentalFortress+1","Vengeance+1","Wallop+1","SpiritShield+1","LikeWater+1","ConjureBlade+1","LikeWater+1","Wireheading+1","ClearTheMind+1","EmptyBody+1","DevaForm+1"],"special_seed":0,"relics":["PureWater","NeowsBlessing","Letter Opener","Happy Flower","Frozen Egg 2","Runic Pyramid","OrangePellets","Boot","Sundial","Busted Crown","Question Card","PreservedInsect","TeardropLocket","Torii","Orrery"],"potions_floor_usage":[50],"damage_taken":[{"damage":0.0,"enemies":"Small Slimes","floor":1.0,"turns":1.0},{"damage":0.0,"enemies":"Jaw Worm","floor":2.0,"turns":1.0},{"damage":0.0,"enemies":"3 Sentries","floor":7.0,"turns":2.0},{"damage":0.0,"enemies":"Cultist","floor":10.0,"turns":3.0},{"damage":5.0,"enemies":"Lots of Slimes","floor":12.0,"turns":3.0},{"damage":25.0,"enemies":"Gremlin Nob","floor":14.0,"turns":3.0},{"damage":27.0,"enemies":"The Guardian","floor":16.0,"turns":11.0},{"damage":2.0,"enemies":"3 Byrds","floor":18.0,"turns":4.0},{"damage":0.0,"enemies":"Chosen","floor":19.0,"turns":3.0},{"damage":2.0,"enemies":"Snecko","floor":21.0,"turns":3.0},{"damage":44.0,"enemies":"Slavers","floor":23.0,"turns":5.0},{"damage":30.0,"enemies":"Centurion and Healer","floor":28.0,"turns":5.0},{"damage":0.0,"enemies":"Snake Plant","floor":29.0,"turns":4.0},{"damage":0.0,"enemies":"Shelled Parasite and Fungi","floor":31.0,"turns":6.0},{"damage":38.0,"enemies":"Automaton","floor":33.0,"turns":12.0},{"damage":2.0,"enemies":"3 Darklings","floor":35.0,"turns":4.0},{"damage":0.0,"enemies":"3 Shapes","floor":37.0,"turns":6.0},{"damage":0.0,"enemies":"Maw","floor":38.0,"turns":7.0},{"damage":3.0,"enemies":"3 Darklings","floor":39.0,"turns":4.0},{"damage":10.0,"enemies":"Reptomancer","floor":40.0,"turns":7.0},{"damage":4.0,"enemies":"Writhing Mass","floor":41.0,"turns":7.0},{"damage":0.0,"enemies":"Giant Head","floor":42.0,"turns":9.0},{"damage":26.0,"enemies":"Reptomancer","floor":44.0,"turns":5.0},{"damage":29.0,"enemies":"Jaw Worm Horde","floor":46.0,"turns":5.0},{"damage":0.0,"enemies":"3 Darklings","floor":47.0,"turns":5.0},{"damage":24,"enemies":"Awakened One","floor":50,"turns":13}],"seed_played":"3917400905770381259","potions_obtained":[{"floor":2.0,"key":"AttackPotion"},{"floor":12.0,"key":"Strength Potion"},{"floor":18.0,"key":"AttackPotion"},{"floor":33.0,"key":"Ambrosia"},{"floor":35.0,"key":"Explosive Potion"},{"floor":38.0,"key":"Strength Potion"}],"is_trial":false,"path_per_floor":["M","M","?","?","?","R","E","$","T","M","R","M","R","E","R","B",null,"M","M","?","M","$","E","R","$","T","?","M","M","R","M","R","B",null,"M","?","M","M","M","E","M","E","T","E","R","M","M","$","R","B",null],"character_chosen":"WATCHER","items_purchased":["Tantrum","FollowUp","InnerPeace","OrangePellets","MentalFortress+1","Vengeance","Orrery"],"campfire_rested":5,"item_purchase_floors":[8,8,22,22,25,25,48],"current_hp_per_floor":[65,65,70,70,70,70,70,70,70,70,70,65,65,40,40,13,61,59,59,59,57,57,13,36,36,36,36,6,6,29,29,52,14,61,59,59,59,59,56,46,42,42,42,16,39,10,10,10,33,9],"gold":87,"neow_bonus":"THREE_ENEMY_KILL","is_prod":false,"is_daily":false,"chose_seed":false,"campfire_upgraded":4,"win_rate":0,"timestamp":1570805244,"path_taken":["M","M","?","?","?","R","E","$","T","M","R","?","R","E","R","BOSS","M","?","?","?","$","E","R","?","T","?","M","M","R","?","R","BOSS","M","?","M","?","M","E","M","E","T","E","R","M","M","$","R","BOSS"],"build_version":"2019-10-10","purchased_purges":2,"victory":true,"max_hp_per_floor":[72,72,77,77,77,77,77,77,77,77,77,77,77,77,77,77,77,77,77,77,77,77,77,77,77,77,77,77,77,77,77,77,77,77,77,77,77,77,77,77,77,77,77,77,77,77,77,77,77,77],"card_choices":[{"not_picked":["Flick","MentalFortress"],"picked":"WaveOfTheHand","floor":1.0},{"not_picked":["Halt","Collect"],"picked":"FlurryOfBlows","floor":2.0},{"not_picked":["SandsOfTime","Flick","MentalFortress"],"picked":"SKIP","floor":7.0},{"not_picked":["ClearTheMind","EmptyBody"],"picked":"JustLucky","floor":10.0},{"not_picked":["Fasting2","Pray"],"picked":"WheelKick","floor":12.0},{"not_picked":["Crescendo","FlyingSleeves"],"picked":"EmptyBody","floor":14.0},{"not_picked":["Wish","Vault"],"picked":"LessonLearned","floor":16.0},{"not_picked":["WreathOfFlame","CrushJoints"],"picked":"DeceiveReality","floor":18.0},{"not_picked":["Meditate","Flick"],"picked":"Wallop","floor":19.0},{"not_picked":["EmptyFist","BattleHymn+1"],"picked":"Evaluate+1","floor":21.0},{"not_picked":["Prostrate","Halt","CarveReality"],"picked":"SKIP","floor":23.0},{"not_picked":["BowlingBash","SandsOfTime"],"picked":"SpiritShield+1","floor":28.0},{"not_picked":["Flick+1","Prostrate","Crescendo"],"picked":"SKIP","floor":29.0},{"not_picked":["SashWhip","CutThroughFate"],"picked":"LikeWater+1","floor":31.0},{"not_picked":["Alpha","DeusExMachina"],"picked":"ConjureBlade","floor":33.0},{"not_picked":[],"picked":"LikeWater+1","floor":35.0},{"not_picked":["BowlingBash"],"picked":"SKIP","floor":37.0},{"not_picked":["EmptyFist"],"picked":"SKIP","floor":38.0},{"not_picked":["PathToVictory"],"picked":"SKIP","floor":39.0},{"not_picked":["EmptyFist"],"picked":"SKIP","floor":40.0},{"not_picked":["Flick"],"picked":"Wireheading+1","floor":41.0},{"not_picked":["WreathOfFlame+1","Prostrate"],"picked":"SKIP","floor":42.0},{"not_picked":["Halt+1","Wallop"],"picked":"SKIP","floor":44.0},{"not_picked":["FlurryOfBlows","Halt"],"picked":"SKIP","floor":46.0},{"not_picked":["Flick+1","Wireheading+1"],"picked":"SKIP","floor":47.0},{"not_picked":["Worship"],"picked":"ClearTheMind+1","floor":48.0},{"not_picked":["Halt"],"picked":"EmptyBody+1","floor":48.0},{"not_picked":["Flick"],"picked":"DevaForm+1","floor":48.0}],"player_experience":1286808,"relics_obtained":[{"floor":7.0,"key":"Letter Opener"},{"floor":9.0,"key":"Happy Flower"},{"floor":14.0,"key":"Frozen Egg 2"},{"floor":23.0,"key":"Boot"},{"floor":26.0,"key":"Sundial"},{"floor":40.0,"key":"Question Card"},{"floor":42.0,"key":"PreservedInsect"},{"floor":43.0,"key":"TeardropLocket"},{"floor":44.0,"key":"Torii"}],"event_choices":[{"damage_healed":0.0,"max_hp_gain":5.0,"max_hp_loss":0.0,"gold_gain":0.0,"event_name":"Big Fish","player_choice":"Donut","floor":3.0,"gold_loss":0.0,"damage_taken":0.0},{"damage_healed":0.0,"max_hp_gain":0.0,"max_hp_loss":0.0,"gold_gain":0.0,"event_name":"Living Wall","player_choice":"Grow","floor":4.0,"gold_loss":0.0,"damage_taken":0.0,"cards_upgraded":["Eruption"]},{"damage_healed":0.0,"max_hp_gain":0.0,"max_hp_loss":0.0,"gold_gain":100.0,"event_name":"Golden Shrine","player_choice":"Pray","floor":5.0,"gold_loss":0.0,"damage_taken":0.0},{"damage_healed":0.0,"max_hp_gain":0.0,"max_hp_loss":0.0,"gold_gain":100.0,"event_name":"The Joust","player_choice":"Bet on Murderer","floor":20.0,"gold_loss":50.0,"damage_taken":0.0},{"damage_healed":0.0,"max_hp_gain":0.0,"max_hp_loss":0.0,"gold_gain":0.0,"event_name":"Duplicator","player_choice":"Copied","floor":27.0,"gold_loss":0.0,"damage_taken":0.0,"cards_obtained":["Wallop"]},{"cards_removed":["Strike_P"],"damage_healed":0.0,"max_hp_gain":0.0,"max_hp_loss":0.0,"gold_gain":0.0,"event_name":"Bonfire Elementals","player_choice":"Offered Basic","floor":36.0,"gold_loss":0.0,"damage_taken":0.0}],"is_beta":true,"boss_relics":[{"not_picked":["Snecko Eye","Coffee Dripper"],"picked":"Runic Pyramid"},{"not_picked":["Tiny House","Calling Bell"],"picked":"Busted Crown"}],"items_purged_floors":[8,48],"is_endless":false,"potions_floor_spawned":[2,12,18,33,35,38,44,46],"ascension_level":13}