{"gold_per_floor":[18,18,18,37,37,37,64,82,159,193,213,233,233,233,233,353,353,367,21,21,21,21,21,54,4,56,72,108,29,54,54,54,54],"floor_reached":33,"playtime":1349,"items_purged":["Strike_P","Defend_P","Strike_P"],"score":357,"play_id":"0969660e-be28-4c32-94d1-4889b5bc237d","local_time":"20190929121401","is_ascension_mode":true,"campfire_choices":[{"data":"Consecrate","floor":6.0,"key":"SMITH"},{"data":"FlowState","floor":15.0,"key":"SMITH"},{"data":"Ghostly","floor":23,"key":"SMITH"},{"floor":32,"key":"REST"}],"neow_cost":"NO_GOLD","seed_source_timestamp":386832925576800,"circlet_count":0,"master_deck":["Strike_P","Strike_P","Defend_P","Defend_P","Defend_P","Eruption+1","Vigilance","Adaptation","Sanctity","Consecrate+1","FlowState+1","Wallop","CrushJoints","Worship","Alpha","EmptyBody","MentalFortress","Blasphemy","Ghostly+1","Ghostly","Ghostly","Ghostly","Ghostly","Ghostly","WaveOfTheHand","Tantrum","EmptyMind","BattleHymn","SpiritShield","Necronomicurse"],"special_seed":0,"relics":["PureWater","Smiling Mask","Meat on the Bone","Orichalcum","Odd Mushroom","Golden Idol","Philosopher\u0027s Stone","Bag of Preparation","The Courier","PreservedInsect","Torii","Necronomicon"],"potions_floor_usage":[33],"damage_taken":[{"damage":2.0,"enemies":"Jaw Worm","floor":1.0,"turns":3.0},{"damage":0.0,"enemies":"Small Slimes","floor":4.0,"turns":3.0},{"damage":40.0,"enemies":"Gremlin Nob","floor":7.0,"turns":4.0},{"damage":0.0,"enemies":"2 Louse","floor":8.0,"turns":2.0},{"damage":7.0,"enemies":"Lagavulin","floor":10.0,"turns":7.0},{"damage":2.0,"enemies":"The Mushroom Lair","floor":11.0,"turns":3.0},{"damage":2.0,"enemies":"2 Fungi Beasts","floor":12.0,"turns":4.0},{"damage":16.0,"enemies":"The Guardian","floor":16.0,"turns":14.0},{"damage":17.0,"enemies":"Chosen","floor":18.0,"turns":5.0},{"damage":3,"enemies":"Gremlin Leader","floor":24,"turns":8},{"damage":0,"enemies":"Spheric Guardian","floor":27,"turns":6},{"damage":1,"enemies":"Book of Stabbing","floor":28,"turns":5},{"damage":0,"enemies":"Shelled Parasite and Fungi","floor":30,"turns":5},{"damage":49,"enemies":"Automaton","floor":33,"turns":6}],"seed_played":"-3896863488043749021","potions_obtained":[{"floor":4.0,"key":"Energy Potion"},{"floor":8.0,"key":"SpeedPotion"},{"floor":10.0,"key":"Block Potion"},{"floor":12.0,"key":"LiquidBronze"},{"floor":14.0,"key":"Dexterity Potion"},{"floor":16.0,"key":"Explosive Potion"},{"floor":24,"key":"Dexterity Potion"}],"is_trial":false,"path_per_floor":["M","$","?","M","$","R","E","M","T","E","?","M","?","?","R","B",null,"M","$","?","?","?","R","E","$","T","M","E","$","M","?","R","B"],"character_chosen":"WATCHER","items_purchased":["MentalFortress","Blasphemy","Bag of Preparation","BattleHymn"],"campfire_rested":1,"item_purchase_floors":[19,19,19,29],"current_hp_per_floor":[70,70,70,70,70,70,30,30,30,35,45,43,43,43,43,39,67,50,50,50,33,33,33,30,30,30,30,29,29,29,13,22,0],"gold":54,"neow_bonus":"THREE_RARE_CARDS","is_prod":false,"is_daily":false,"chose_seed":false,"campfire_upgraded":3,"win_rate":0,"timestamp":1569773641,"path_taken":["M","$","?","M","$","R","E","M","T","E","?","M","?","?","R","BOSS","M","?","?","?","?","R","E","$","T","M","E","$","?","?","R","BOSS"],"build_version":"2019-09-27","purchased_purges":3,"victory":false,"max_hp_per_floor":[72,72,72,72,72,72,72,72,72,72,72,72,67,67,67,67,67,67,67,67,33,33,33,33,33,33,33,33,33,33,33,33,33],"card_choices":[{"not_picked":["Blasphemy","Wish"],"picked":"Adaptation","floor":0.0},{"not_picked":["Halt","EmptyFist"],"picked":"Sanctity","floor":1.0},{"not_picked":["ForeignInfluence","SashWhip"],"picked":"Consecrate","floor":4.0},{"not_picked":["SandsOfTime","Prostrate"],"picked":"FlowState","floor":7.0},{"not_picked":["ThirdEye","InnerPeace"],"picked":"Wallop","floor":8.0},{"not_picked":["JustLucky","PathToVictory","ThirdEye"],"picked":"SKIP","floor":10.0},{"not_picked":["JustLucky","PathToVictory","ThirdEye"],"picked":"SKIP","floor":10.0},{"not_picked":["FlurryOfBlows","Weave"],"picked":"CrushJoints","floor":11.0},{"not_picked":["Fasting","Sanctity"],"picked":"Worship","floor":12.0},{"not_picked":["Adaptation","ConjureBlade"],"picked":"Alpha","floor":16.0},{"not_picked":["CarveReality","FlurryOfBlows"],"picked":"EmptyBody","floor":18.0},{"not_picked":["Crescendo+1","CarveReality"],"picked":"WaveOfTheHand","floor":24},{"not_picked":["Halt","JustLucky+1"],"picked":"Tantrum","floor":27},{"not_picked":["WheelKick","Prostrate"],"picked":"EmptyMind","floor":28},{"not_picked":["ClearTheMind+1","Protect+1"],"picked":"SpiritShield","floor":30}],"player_experience":1159586,"relics_obtained":[{"floor":7.0,"key":"Smiling Mask"},{"floor":9.0,"key":"Meat on the Bone"},{"floor":10.0,"key":"Orichalcum"},{"floor":11.0,"key":"Odd Mushroom"},{"floor":24,"key":"The Courier"},{"floor":26,"key":"PreservedInsect"},{"floor":28,"key":"Torii"},{"floor":31,"key":"Necronomicon"}],"event_choices":[{"damage_healed":0.0,"max_hp_gain":0.0,"max_hp_loss":0.0,"gold_gain":0.0,"event_name":"Living Wall","player_choice":"Grow","floor":3.0,"gold_loss":0.0,"damage_taken":0.0,"cards_upgraded":["Eruption"]},{"damage_healed":0.0,"max_hp_gain":0.0,"max_hp_loss":0.0,"gold_gain":0.0,"event_name":"Mushrooms","player_choice":"Fought Mushrooms","floor":11.0,"gold_loss":0.0,"damage_taken":0.0},{"damage_healed":0.0,"max_hp_gain":0.0,"max_hp_loss":5.0,"gold_gain":0.0,"event_name":"Golden Idol","player_choice":"Lose Max HP","floor":13.0,"gold_loss":0.0,"damage_taken":0.0,"relics_obtained":["Golden Idol"]},{"damage_healed":0.0,"max_hp_gain":0.0,"max_hp_loss":0.0,"gold_gain":0.0,"event_name":"Lab","player_choice":"Got Potions","floor":14.0,"gold_loss":0.0,"damage_taken":0.0},{"damage_healed":0,"gold_gain":0,"player_choice":"Ignored","damage_taken":0,"max_hp_gain":0,"max_hp_loss":0,"event_name":"The Mausoleum","floor":20,"gold_loss":0},{"damage_healed":0,"gold_gain":0,"player_choice":"Became a Ghost","damage_taken":0,"max_hp_gain":0,"max_hp_loss":34,"event_name":"Ghosts","floor":21,"gold_loss":0,"cards_obtained":["Ghostly","Ghostly","Ghostly","Ghostly","Ghostly"]},{"damage_healed":0,"gold_gain":0,"player_choice":"Copied","damage_taken":0,"max_hp_gain":0,"max_hp_loss":0,"event_name":"Duplicator","floor":22,"gold_loss":0,"cards_obtained":["Ghostly"]},{"damage_healed":0,"gold_gain":0,"player_choice":"Obtained Book","damage_taken":16,"max_hp_gain":0,"max_hp_loss":0,"event_name":"Cursed Tome","floor":31,"gold_loss":0}],"is_beta":true,"boss_relics":[{"not_picked":["SlaversCollar","Pandora\u0027s Box"],"picked":"Philosopher\u0027s Stone"}],"items_purged_floors":[19,25,29],"is_endless":false,"potions_floor_spawned":[4,8,10,12,16,24,28,30],"killed_by":"Automaton","ascension_level":3}