{"gold_per_floor":[116,131,131,147,159,159,192,192,237,258,310,339,339,339,339,339],"floor_reached":16,"playtime":555,"items_purged":[],"score":124,"play_id":"ddcfa8ab-0b8a-491a-9bbd-20db609bbab6","local_time":"20191019001709","is_ascension_mode":true,"campfire_choices":[{"data":"Neutralize","floor":6,"key":"SMITH"},{"data":"Wraith Form v2","floor":8,"key":"SMITH"},{"floor":13,"key":"REST"},{"floor":15,"key":"REST"}],"neow_cost":"TEN_PERCENT_HP_LOSS","seed_source_timestamp":11594877695600,"circlet_count":0,"master_deck":["Strike_G","Strike_G","Strike_G","Strike_G","Strike_G","Defend_G","Defend_G","Defend_G","Defend_G","Defend_G","Survivor","Neutralize+1","Poisoned Stab+1","Blade Dance","Dash","Crippling Poison","Wraith Form v2+1","Sucker Punch","Backflip"],"relics":["Ring of the Snake","WingedGreaves","Dodecahedron","Ancient Tea Set","Odd Mushroom","Orichalcum"],"potions_floor_usage":[10,16],"damage_taken":[{"damage":1,"enemies":"2 Louse","floor":1,"turns":3},{"damage":0,"enemies":"Cultist","floor":2,"turns":3},{"damage":0,"enemies":"Jaw Worm","floor":4,"turns":3},{"damage":0,"enemies":"2 Fungi Beasts","floor":5,"turns":4},{"damage":9,"enemies":"Gremlin Nob","floor":7,"turns":5},{"damage":12,"enemies":"The Mushroom Lair","floor":10,"turns":5},{"damage":25,"enemies":"3 Sentries","floor":12,"turns":11},{"damage":50,"enemies":"Slime Boss","floor":16,"turns":8}],"seed_played":"189520733338284092","potions_obtained":[{"floor":4,"key":"CunningPotion"},{"floor":5,"key":"Dexterity Potion"},{"floor":7,"key":"SpeedPotion"}],"is_trial":false,"path_per_floor":["M","M","?","M","M","R","E","R","T","?","?","E","R","?","R","B"],"character_chosen":"THE_SILENT","items_purchased":[],"campfire_rested":2,"item_purchase_floors":[],"current_hp_per_floor":[62,62,62,62,62,62,53,53,53,41,41,16,34,31,49,0],"gold":339,"neow_bonus":"ONE_RARE_RELIC","is_prod":false,"is_daily":false,"chose_seed":false,"campfire_upgraded":2,"win_rate":0,"timestamp":1571458629,"path_taken":["M","M","?","M","?","R","E","R","T","?","?","E","R","?","R","BOSS"],"build_version":"2019-10-18","purchased_purges":0,"victory":false,"max_hp_per_floor":[63,63,63,63,63,63,63,63,63,63,63,63,63,63,63,63],"card_choices":[{"not_picked":["Catalyst","Reflex"],"picked":"Poisoned Stab","floor":1},{"not_picked":["Tactician","Slice"],"picked":"Blade Dance","floor":2},{"not_picked":["Bouncing Flask","Catalyst"],"picked":"Dash","floor":4},{"not_picked":["Quick Slash","Deadly Poison"],"picked":"Crippling Poison","floor":5},{"not_picked":["Blade Dance","Endless Agony"],"picked":"Wraith Form v2","floor":7},{"not_picked":["Cloak And Dagger","Choke"],"picked":"Sucker Punch","floor":10},{"not_picked":["Infinite Blades","Slice"],"picked":"Backflip","floor":12}],"player_experience":119717,"relics_obtained":[{"floor":7,"key":"Dodecahedron"},{"floor":9,"key":"Ancient Tea Set"},{"floor":10,"key":"Odd Mushroom"},{"floor":12,"key":"Orichalcum"}],"event_choices":[{"damage_healed":0,"gold_gain":0,"player_choice":"Upgraded","damage_taken":0,"max_hp_gain":0,"max_hp_loss":0,"event_name":"Upgrade Shrine","floor":3,"gold_loss":0,"cards_upgraded":["Poisoned Stab"]},{"damage_healed":0,"gold_gain":0,"player_choice":"Fought Mushrooms","damage_taken":0,"max_hp_gain":0,"max_hp_loss":0,"event_name":"Mushrooms","floor":10,"gold_loss":0},{"damage_healed":0,"gold_gain":52,"player_choice":"Gained Gold","damage_taken":0,"max_hp_gain":0,"max_hp_loss":0,"event_name":"Golden Wing","floor":11,"gold_loss":0},{"damage_healed":0,"gold_gain":0,"player_choice":"Fled","damage_taken":3,"max_hp_gain":0,"max_hp_loss":0,"event_name":"Scrap Ooze","floor":14,"gold_loss":0}],"is_beta":true,"boss_relics":[],"items_purged_floors":[],"is_endless":false,"potions_floor_spawned":[4,5,7],"killed_by":"Slime Boss","ascension_level":3}