{"gold_per_floor":[116,132,146,162,175,175,175,175,201,201,201,221,221,238,238,238],"floor_reached":16,"playtime":1091,"items_purged":[],"score":103,"play_id":"e8865979-c1c4-4ad9-9ecf-93ff2540f43d","local_time":"20191006133657","is_ascension_mode":true,"campfire_choices":[{"data":"Genetic Algorithm","floor":6,"key":"SMITH"},{"floor":8,"key":"REST"},{"data":"Leap","floor":11,"key":"SMITH"},{"data":"Zap","floor":13,"key":"SMITH"},{"data":"Conserve Battery","floor":15,"key":"SMITH"}],"neow_cost":"NONE","seed_source_timestamp":129815395931000,"circlet_count":0,"master_deck":["Strike_B","Strike_B","Defend_B","Defend_B","Defend_B","Defend_B","Zap+1","Dualcast","Rainbow","Ball Lightning","Leap+1","Genetic Algorithm+1","BootSequence","Undo","Conserve Battery+1"],"relics":["Cracked Core","PreservedInsect"],"potions_floor_usage":[5,16,16],"damage_taken":[{"damage":2,"enemies":"Small Slimes","floor":1,"turns":4},{"damage":3,"enemies":"2 Louse","floor":2,"turns":2},{"damage":0,"enemies":"Cultist","floor":3,"turns":3},{"damage":35,"enemies":"Exordium Thugs","floor":4,"turns":6},{"damage":11,"enemies":"Gremlin Gang","floor":5,"turns":4},{"damage":0,"enemies":"2 Fungi Beasts","floor":12,"turns":4},{"damage":0,"enemies":"Large Slime","floor":14,"turns":6},{"damage":39,"enemies":"Slime Boss","floor":16,"turns":9}],"seed_played":"-8295225302968724072","potions_obtained":[{"floor":1,"key":"SneckoOil"},{"floor":2,"key":"LiquidBronze"},{"floor":12,"key":"Swift Potion"}],"is_trial":false,"path_per_floor":["M","M","M","M","M","R","?","R","T","?","R","M","R","M","R","B"],"character_chosen":"DEFECT","items_purchased":[],"campfire_rested":1,"item_purchase_floors":[],"current_hp_per_floor":[73,70,70,35,24,24,17,39,39,39,39,39,39,39,39,0],"gold":238,"neow_bonus":"ONE_RANDOM_RARE_CARD","is_prod":false,"is_daily":false,"chose_seed":false,"campfire_upgraded":4,"win_rate":0,"timestamp":1570383417,"path_taken":["M","M","M","M","M","R","?","R","T","?","R","?","R","M","R","BOSS"],"build_version":"2019-07-17","purchased_purges":0,"victory":false,"max_hp_per_floor":[75,75,75,75,75,75,75,75,75,75,75,75,75,75,75,75],"card_choices":[{"not_picked":["Turbo","Skim"],"picked":"Ball Lightning","floor":1},{"not_picked":["Rip and Tear","Beam Cell"],"picked":"Leap","floor":2},{"not_picked":["Ball Lightning","Coolheaded"],"picked":"Genetic Algorithm","floor":3},{"not_picked":["Turbo","Scrape"],"picked":"BootSequence","floor":4},{"not_picked":["Hello World","Sweeping Beam","Aggregate"],"picked":"SKIP","floor":5},{"not_picked":["Hologram","Barrage"],"picked":"Undo","floor":12},{"not_picked":["Cold Snap","BootSequence"],"picked":"Conserve Battery","floor":14}],"player_experience":97255,"relics_obtained":[{"floor":9,"key":"PreservedInsect"}],"event_choices":[{"cards_removed":["Strike_B"],"damage_healed":0,"gold_gain":0,"player_choice":"Card Removal","damage_taken":7,"max_hp_gain":0,"max_hp_loss":0,"event_name":"Golden Wing","floor":7,"gold_loss":0},{"cards_removed":["Strike_B"],"damage_healed":0,"gold_gain":0,"player_choice":"Offered Basic","damage_taken":0,"max_hp_gain":0,"max_hp_loss":0,"event_name":"Bonfire Elementals","floor":10,"gold_loss":0}],"is_beta":false,"boss_relics":[],"items_purged_floors":[],"is_endless":false,"potions_floor_spawned":[1,2,12],"killed_by":"Slime Boss","ascension_level":2}