{"gold_per_floor":[112,6,22,41,41,68,68,68,68,18,47,58,73,73,73,172,172,184,197,112,43,56,83,100,25,48,82,82,102,31,42,42,143,143,163,175,62,62,62,87,99,199,199,199,233,244,44,55,55,55,55,55,1,28,28],"floor_reached":55,"playtime":3050,"items_purged":["Strike_R"],"score":990,"play_id":"5211ec3c-1175-44d7-9ad9-29d33155a85d","local_time":"20191013214725","is_ascension_mode":true,"campfire_choices":[{"data":"Uppercut","floor":7,"key":"SMITH"},{"data":"Barricade","floor":15,"key":"SMITH"},{"data":"Bash","floor":28,"key":"SMITH"},{"floor":32,"key":"REST"},{"data":"Metallicize","floor":44,"key":"SMITH"},{"floor":49,"key":"RECALL"},{"data":"Impervious","floor":52,"key":"SMITH"}],"neow_cost":"NONE","seed_source_timestamp":1493683044600,"circlet_count":0,"master_deck":["Strike_R+1","Strike_R+1","Defend_R+1","Defend_R","Defend_R","Defend_R","Bash+1","Twin Strike","Spot Weakness+1","Clothesline","Shockwave","Uppercut+1","Wild Strike+1","Barricade+1","Cleave","Disarm","Juggernaut","Shrug It Off+1","Iron Wave","Whirlwind","Burning Pact+1","Ghostly Armor+1","Entrench","Uppercut+1","Headbutt","Metallicize+1","Body Slam","Impervious+1","Sentinel","Combust","Warcry+1","Hemokinesis","Rage+1","True Grit","Warcry","Ghostly Armor+1"],"relics":["Burning Blood","Orichalcum","Charon\u0027s Ashes","Kunai","Bronze Scales","Juzu Bracelet","Snecko Eye","Darkstone Periapt","Gremlin Horn","PreservedInsect","Regal Pillow","Velvet Choker","Paper Frog","Calipers","Bag of Marbles","Whetstone","War Paint"],"potions_floor_usage":[16,18,23,31,42,45,55,55,55],"damage_taken":[{"damage":6,"enemies":"Jaw Worm","floor":1,"turns":2},{"damage":1,"enemies":"2 Louse","floor":3,"turns":2},{"damage":4,"enemies":"Small Slimes","floor":4,"turns":3},{"damage":9,"enemies":"Gremlin Nob","floor":6,"turns":4},{"damage":14,"enemies":"Lagavulin","floor":11,"turns":5},{"damage":5,"enemies":"2 Fungi Beasts","floor":12,"turns":4},{"damage":3,"enemies":"Large Slime","floor":13,"turns":5},{"damage":9,"enemies":"Slime Boss","floor":16,"turns":10},{"damage":2,"enemies":"Chosen","floor":18,"turns":3},{"damage":17,"enemies":"Shell Parasite","floor":19,"turns":3},{"damage":0,"enemies":"Snecko","floor":22,"turns":4},{"damage":38,"enemies":"Slavers","floor":23,"turns":6},{"damage":8,"enemies":"3 Cultists","floor":24,"turns":5},{"damage":8,"enemies":"Gremlin Leader","floor":27,"turns":4},{"damage":16,"enemies":"Sentry and Sphere","floor":29,"turns":4},{"damage":8,"enemies":"Centurion and Healer","floor":31,"turns":6},{"damage":0,"enemies":"Automaton","floor":33,"turns":9},{"damage":7,"enemies":"Orb Walker","floor":35,"turns":2},{"damage":16,"enemies":"3 Shapes","floor":36,"turns":3},{"damage":0,"enemies":"Giant Head","floor":40,"turns":6},{"damage":7,"enemies":"Jaw Worm Horde","floor":41,"turns":5},{"damage":0,"enemies":"Mind Bloom Boss Battle","floor":42,"turns":6},{"damage":48,"enemies":"Reptomancer","floor":45,"turns":6},{"damage":3,"enemies":"3 Darklings","floor":46,"turns":4},{"damage":0,"enemies":"Spire Growth","floor":48,"turns":5},{"damage":9,"enemies":"Time Eater","floor":50,"turns":10},{"damage":22,"enemies":"Shield and Spear","floor":54,"turns":6},{"damage":96,"enemies":"The Heart","floor":55,"turns":8}],"seed_played":"-4922660389030978276","potions_obtained":[{"floor":3,"key":"Regen Potion"},{"floor":6,"key":"Weak Potion"},{"floor":11,"key":"Block Potion"},{"floor":16,"key":"Explosive Potion"},{"floor":18,"key":"Fruit Juice"},{"floor":24,"key":"Poison Potion"},{"floor":27,"key":"Strength Potion"},{"floor":29,"key":"FearPotion"},{"floor":39,"key":"BloodPotion"},{"floor":39,"key":"Energy Potion"},{"floor":46,"key":"PowerPotion"}],"is_trial":false,"path_per_floor":["M","$","M","M","?","E","R","?","T","?","E","M","M","?","R","B",null,"M","M","?","$","M","E","M","?","T","E","R","M","$","M","R","B",null,"M","M","$","?","?","E","M","?","T","R","E","M","$","M","R","B",null,"R","$","E","B"],"character_chosen":"IRONCLAD","items_purchased":["Spot Weakness","Clothesline","Whirlwind","Metallicize","Combust","Whetstone","Strength Potion","Warcry"],"campfire_rested":1,"item_purchase_floors":[2,2,21,30,37,47,47,53],"current_hp_per_floor":[80,80,80,80,64,61,61,66,66,66,58,59,62,37,37,34,85,90,79,79,79,85,53,51,51,51,49,49,39,39,52,90,90,90,89,79,79,90,90,90,89,90,90,90,48,51,51,57,57,54,90,90,90,74,0],"gold":28,"neow_bonus":"RANDOM_COMMON_RELIC","is_prod":false,"is_daily":false,"chose_seed":false,"campfire_upgraded":5,"win_rate":0,"timestamp":1571017645,"path_taken":["M","$","M","M","?","E","R","?","T","?","E","M","M","?","R","BOSS","M","M","?","$","M","E","M","?","T","E","R","M","?","M","R","BOSS","M","M","$","?","?","E","M","?","T","R","E","M","$","M","R","BOSS","R","$","E","BOSS"],"build_version":"2019-07-17","purchased_purges":1,"victory":false,"max_hp_per_floor":[80,80,80,80,80,80,80,85,85,85,85,85,85,85,85,85,85,90,90,90,90,90,90,90,90,90,90,90,90,90,90,90,90,90,90,90,90,90,90,90,90,90,90,90,90,90,90,90,90,90,90,90,90,90,90],"card_choices":[{"not_picked":["True Grit","Pommel Strike"],"picked":"Twin Strike","floor":1},{"not_picked":["Disarm","Pommel Strike"],"picked":"Shockwave","floor":3},{"not_picked":["Heavy Blade","Perfected Strike"],"picked":"Uppercut","floor":4},{"not_picked":["Heavy Blade","Flex"],"picked":"Wild Strike","floor":6},{"not_picked":["Clash","Rampage"],"picked":"Barricade","floor":11},{"not_picked":["Wild Strike","Clothesline"],"picked":"Cleave","floor":12},{"not_picked":["Headbutt","Perfected Strike"],"picked":"Disarm","floor":13},{"not_picked":["Double Tap","Bludgeon"],"picked":"Juggernaut","floor":16},{"not_picked":["Havoc","Blood for Blood"],"picked":"Shrug It Off","floor":18},{"not_picked":["Sword Boomerang","Rupture"],"picked":"Iron Wave","floor":19},{"not_picked":["Flex","Shrug It Off+1"],"picked":"Burning Pact+1","floor":22},{"not_picked":["Heavy Blade","Shockwave"],"picked":"Ghostly Armor+1","floor":23},{"not_picked":["Sever Soul","Clash"],"picked":"Entrench","floor":24},{"not_picked":["Rupture","Offering"],"picked":"Uppercut+1","floor":27},{"not_picked":["Perfected Strike+1","Heavy Blade"],"picked":"Headbutt","floor":29},{"not_picked":["Dropkick","Disarm+1"],"picked":"Body Slam","floor":31},{"not_picked":["Demon Form","Immolate"],"picked":"Impervious","floor":33},{"not_picked":["Sword Boomerang+1","Twin Strike+1"],"picked":"Intimidate+1","floor":35},{"not_picked":["Bloodletting+1","Burning Pact+1"],"picked":"Sentinel","floor":36},{"not_picked":["Havoc","Barricade","Burning Pact+1"],"picked":"SKIP","floor":40},{"not_picked":["Clothesline+1","Iron Wave+1"],"picked":"Warcry+1","floor":41},{"not_picked":["Disarm","Fire Breathing"],"picked":"Hemokinesis","floor":42},{"not_picked":["Shockwave","Cleave"],"picked":"Rage+1","floor":45},{"not_picked":["Twin Strike","Evolve+1"],"picked":"True Grit","floor":46},{"not_picked":["Reckless Charge","Havoc+1","Heavy Blade"],"picked":"SKIP","floor":48},{"not_picked":["Dropkick","Iron Wave"],"picked":"Ghostly Armor+1","floor":54}],"player_experience":111189,"relics_obtained":[{"floor":6,"key":"Charon\u0027s Ashes"},{"floor":9,"key":"Kunai"},{"floor":11,"key":"Bronze Scales"},{"floor":23,"key":"Gremlin Horn"},{"floor":26,"key":"PreservedInsect"},{"floor":27,"key":"Regal Pillow"},{"floor":40,"key":"Paper Frog"},{"floor":42,"key":"Calipers"},{"floor":45,"key":"Bag of Marbles"},{"floor":54,"key":"War Paint"}],"event_choices":[{"damage_healed":0,"gold_gain":0,"player_choice":"Entered Light","damage_taken":16,"max_hp_gain":0,"max_hp_loss":0,"event_name":"Shining Light","floor":5,"gold_loss":0,"cards_upgraded":["Strike_R","Spot Weakness"]},{"damage_healed":0,"gold_gain":0,"player_choice":"Donut","damage_taken":0,"max_hp_gain":5,"max_hp_loss":0,"event_name":"Big Fish","floor":8,"gold_loss":0},{"cards_removed":["Strike_R"],"damage_healed":0,"gold_gain":0,"player_choice":"Card Removal","damage_taken":0,"max_hp_gain":0,"max_hp_loss":0,"event_name":"The Cleric","floor":10,"gold_loss":50},{"damage_healed":0,"gold_gain":0,"player_choice":"Success","damage_taken":25,"relics_obtained":["Juzu Bracelet"],"max_hp_gain":0,"max_hp_loss":0,"event_name":"Scrap Ooze","floor":14,"gold_loss":0},{"damage_healed":0,"gold_gain":0,"player_choice":"Obtained Relic","damage_taken":0,"relics_obtained":["Darkstone Periapt"],"max_hp_gain":0,"max_hp_loss":0,"event_name":"Addict","floor":20,"gold_loss":85},{"cards_removed":["Strike_R"],"damage_healed":0,"gold_gain":0,"player_choice":"Gave Gold","damage_taken":0,"max_hp_gain":0,"max_hp_loss":0,"event_name":"Beggar","floor":25,"gold_loss":75},{"cards_removed":["Intimidate"],"damage_healed":11,"gold_gain":0,"player_choice":"Offered Uncommon","damage_taken":0,"max_hp_gain":0,"max_hp_loss":0,"event_name":"Bonfire Elementals","floor":38,"gold_loss":0},{"damage_healed":0,"gold_gain":0,"player_choice":"Got Potions","damage_taken":0,"max_hp_gain":0,"max_hp_loss":0,"event_name":"Lab","floor":39,"gold_loss":0},{"damage_healed":0,"gold_gain":0,"player_choice":"Fight","damage_taken":0,"max_hp_gain":0,"max_hp_loss":0,"event_name":"MindBloom","floor":42,"gold_loss":0}],"is_beta":false,"boss_relics":[{"not_picked":["Black Blood","Runic Dome"],"picked":"Snecko Eye"},{"not_picked":["Lizard Tail","Empty Cage"],"picked":"Velvet Choker"}],"items_purged_floors":[37],"is_endless":false,"potions_floor_spawned":[3,6,11,16,18,24,27,29,41,46,48],"killed_by":"The Heart","ascension_level":2}