{"gold_per_floor":[116,136,136,152,169,169,200,218,218,218,232,261,261,289,289,360,360,370,370,386,397,38,71,71,99,123,123,134,144,158,158,158,237,237,252,68,118,118,118,118],"floor_reached":40,"playtime":2219,"items_purged":["Strike_P","Pain"],"score":830,"play_id":"24659cae-0cc9-4a0c-80fb-51fb2b64b42d","local_time":"20191011214658","is_ascension_mode":true,"campfire_choices":[{"data":"Eruption","floor":6.0,"key":"SMITH"},{"data":"SashWhip","floor":10.0,"key":"SMITH"},{"floor":13.0,"key":"REST"},{"data":"Wallop","floor":15.0,"key":"SMITH"},{"data":"WheelKick","floor":24.0,"key":"SMITH"},{"data":"Consecrate","floor":27.0,"key":"SMITH"},{"data":"LikeWater","floor":32.0,"key":"SMITH"}],"neow_cost":"NONE","seed_source_timestamp":0,"circlet_count":0,"master_deck":["AscendersBane","Strike_P","Strike_P","Defend_P","Defend_P","Defend_P","Defend_P","Eruption+1","Vigilance","EmptyMind","FollowUp","SashWhip+1","CrushJoints","Wallop+1","Adaptation","Meditate","Consecrate+1","JustLucky","DeusExMachina","WheelKick+1","LikeWater+1","Establishment","Study+1","InnerPeace"],"special_seed":0,"relics":["HolyWater","Lizard Tail","Eternal Feather","Odd Mushroom","Sundial","Meat on the Bone","TeardropLocket","HornCleat","PreservedInsect","WarpedTongs","Sozu"],"potions_floor_usage":[],"damage_taken":[{"damage":2.0,"enemies":"Cultist","floor":1.0,"turns":3.0},{"damage":2.0,"enemies":"Jaw Worm","floor":2.0,"turns":5.0},{"damage":0.0,"enemies":"2 Louse","floor":4.0,"turns":1.0},{"damage":1.0,"enemies":"Looter","floor":5.0,"turns":3.0},{"damage":29.0,"enemies":"Lagavulin","floor":7.0,"turns":7.0},{"damage":0.0,"enemies":"Exordium Wildlife","floor":8.0,"turns":5.0},{"damage":8.0,"enemies":"Exordium Thugs","floor":11.0,"turns":4.0},{"damage":21.0,"enemies":"The Mushroom Lair","floor":12.0,"turns":3.0},{"damage":12.0,"enemies":"Gremlin Nob","floor":14.0,"turns":3.0},{"damage":32.0,"enemies":"The Guardian","floor":16.0,"turns":16.0},{"damage":21.0,"enemies":"Spheric Guardian","floor":18.0,"turns":5.0},{"damage":22.0,"enemies":"2 Thieves","floor":20.0,"turns":3.0},{"damage":0.0,"enemies":"3 Cultists","floor":21.0,"turns":5.0},{"damage":0.0,"enemies":"Slavers","floor":23.0,"turns":3.0},{"damage":19.0,"enemies":"Book of Stabbing","floor":25.0,"turns":4.0},{"damage":17.0,"enemies":"Shelled Parasite and Fungi","floor":28.0,"turns":4.0},{"damage":0.0,"enemies":"Centurion and Healer","floor":29.0,"turns":4.0},{"damage":3.0,"enemies":"Snake Plant","floor":30.0,"turns":4.0},{"damage":59.0,"enemies":"Automaton","floor":33.0,"turns":11.0},{"damage":23,"enemies":"3 Darklings","floor":35,"turns":5},{"damage":46,"enemies":"Reptomancer","floor":40,"turns":3}],"seed_played":"-3996151889073328445","potions_obtained":[{"floor":1.0,"key":"Explosive Potion"},{"floor":8.0,"key":"Energy Potion"},{"floor":12.0,"key":"Regen Potion"},{"floor":16.0,"key":"StancePotion"},{"floor":18.0,"key":"Strength Potion"},{"floor":25.0,"key":"Weak Potion"},{"floor":28.0,"key":"Energy Potion"},{"floor":29.0,"key":"SkillPotion"}],"is_trial":false,"path_per_floor":["M","M","?","M","M","R","E","M","T","R","M","?","R","E","R","B",null,"M","?","M","M","$","E","R","E","T","R","M","M","M","?","R","B",null,"M","$","?","$","?","E"],"character_chosen":"WATCHER","items_purchased":["Meat on the Bone","InnerPeace"],"campfire_rested":1,"item_purchase_floors":[22,36],"current_hp_per_floor":[59,57,57,57,56,56,27,27,27,36,28,7,36,24,33,16,55,34,34,12,12,12,24,36,29,29,41,36,36,45,45,57,46,63,40,40,40,40,40,0],"gold":118,"neow_bonus":"REMOVE_CARD","is_prod":false,"is_daily":false,"chose_seed":false,"campfire_upgraded":6,"win_rate":0,"timestamp":1570844818,"path_taken":["M","?","?","?","M","R","E","M","T","R","M","?","R","E","R","BOSS","M","?","M","M","$","E","R","E","T","R","M","M","M","?","R","BOSS","M","$","?","?","?","E"],"build_version":"2019-10-11","purchased_purges":2,"victory":false,"max_hp_per_floor":[68,68,68,68,68,68,68,68,68,68,68,68,68,68,68,68,68,68,68,68,68,68,68,68,68,68,68,68,68,68,68,68,68,68,68,68,68,68,65,65],"card_choices":[{"not_picked":["ThirdEye","WindmillStrike"],"picked":"EmptyMind","floor":1.0},{"not_picked":["Study","Halt"],"picked":"FollowUp","floor":2.0},{"not_picked":["Prostrate","JustLucky"],"picked":"CrushJoints","floor":4.0},{"not_picked":["Worship","EmptyFist"],"picked":"Wallop","floor":5.0},{"not_picked":["Consecrate","Sanctity"],"picked":"Adaptation","floor":7.0},{"not_picked":["MentalFortress","Study"],"picked":"Meditate","floor":8.0},{"not_picked":["Wallop","Pray"],"picked":"Consecrate","floor":11.0},{"not_picked":["Devotion","CarveReality"],"picked":"JustLucky","floor":14.0},{"not_picked":["Ragnarok","Brilliance"],"picked":"DeusExMachina","floor":16.0},{"not_picked":["JustLucky","Sanctity","EmptyFist"],"picked":"SKIP","floor":18.0},{"not_picked":["FlurryOfBlows","Swivel","WheelKick"],"picked":"SKIP","floor":20.0},{"not_picked":["SandsOfTime","FollowUp","SashWhip+1"],"picked":"SKIP","floor":21.0},{"not_picked":["ThirdEye","Sanctity","Consecrate"],"picked":"SKIP","floor":23.0},{"not_picked":["WindmillStrike+1","FlurryOfBlows","EmptyBody"],"picked":"SKIP","floor":25.0},{"not_picked":["ThirdEye","JustLucky","Pray"],"picked":"SKIP","floor":28.0},{"not_picked":["BowlingBash+1","SpiritShield","FlurryOfBlows"],"picked":"SKIP","floor":29.0},{"not_picked":["FearNoEvil","CrushJoints"],"picked":"LikeWater","floor":30.0},{"not_picked":["MasterReality","Devotion"],"picked":"Establishment","floor":33.0},{"not_picked":["Protect+1","EmptyFist"],"picked":"Study+1","floor":35}],"player_experience":1303765,"relics_obtained":[{"floor":7.0,"key":"Lizard Tail"},{"floor":9.0,"key":"Eternal Feather"},{"floor":12.0,"key":"Odd Mushroom"},{"floor":14.0,"key":"Sundial"},{"floor":23.0,"key":"TeardropLocket"},{"floor":25.0,"key":"HornCleat"},{"floor":26.0,"key":"PreservedInsect"}],"event_choices":[{"damage_healed":0.0,"max_hp_gain":0.0,"max_hp_loss":0.0,"gold_gain":0.0,"event_name":"Match and Keep!","player_choice":"1 cards matched","floor":3.0,"gold_loss":0.0,"damage_taken":0.0,"cards_obtained":["SashWhip"]},{"damage_healed":0.0,"max_hp_gain":0.0,"max_hp_loss":0.0,"gold_gain":0.0,"event_name":"Mushrooms","player_choice":"Fought Mushrooms","floor":12.0,"gold_loss":0.0,"damage_taken":0.0},{"damage_healed":0.0,"max_hp_gain":0.0,"max_hp_loss":0.0,"gold_gain":0.0,"event_name":"The Library","player_choice":"Read","floor":19.0,"gold_loss":0.0,"damage_taken":0.0,"cards_obtained":["WheelKick"]},{"damage_healed":0.0,"max_hp_gain":0.0,"max_hp_loss":0.0,"gold_gain":0.0,"event_name":"Accursed Blacksmith","player_choice":"Rummage","floor":31.0,"gold_loss":0.0,"damage_taken":0.0,"relics_obtained":["WarpedTongs"],"cards_obtained":["Pain"]},{"damage_healed":0,"gold_gain":50,"player_choice":"Pray","damage_taken":0,"max_hp_gain":0,"max_hp_loss":0,"event_name":"Golden Shrine","floor":37,"gold_loss":0},{"damage_healed":0,"gold_gain":0,"player_choice":"Max HP","damage_taken":0,"max_hp_gain":0,"max_hp_loss":3,"event_name":"Winding Halls","floor":39,"gold_loss":0}],"is_beta":true,"boss_relics":[{"not_picked":["Busted Crown","Velvet Choker"],"picked":"HolyWater"},{"not_picked":["Black Star","VioletLotus"],"picked":"Sozu"}],"items_purged_floors":[22,36],"is_endless":false,"potions_floor_spawned":[1,8,12,14,16,18,21,25,28,29],"killed_by":"Reptomancer","ascension_level":16}