{"gold_per_floor":[114,114,114,114,127,127,141,173,173,129,129,49,66,77,77,151,151,161,181,153,153,26,26],"floor_reached":23,"playtime":836,"items_purged":["Strike_R"],"score":359,"play_id":"5586aa87-e731-43b5-a652-fe9d73e927eb","local_time":"20190828120144","is_ascension_mode":true,"campfire_choices":[{"data":"Uppercut","floor":6.0,"key":"SMITH"},{"data":"Feel No Pain","floor":11.0,"key":"SMITH"},{"data":"Armaments","floor":15.0,"key":"SMITH"}],"neow_cost":"NONE","seed_source_timestamp":385017381531700,"circlet_count":0,"master_deck":["AscendersBane","Strike_R","Strike_R","Strike_R","Defend_R","Defend_R","Defend_R","Defend_R","Bash","Uppercut+1","Pommel Strike","Cleave","Armaments+1","Feel No Pain+1","Battle Trance","Intimidate","Battle Trance","Spot Weakness","Limit Break","Disarm","Warcry","Seeing Red","Intimidate","Clothesline","Feel No Pain"],"special_seed":0,"relics":["Burning Blood","NeowsBlessing","Dead Branch","Smiling Mask","Dodecahedron","Orrery"],"potions_floor_usage":[16,16],"damage_taken":[{"damage":0.0,"enemies":"Small Slimes","floor":1.0,"turns":1.0},{"damage":0.0,"enemies":"Cultist","floor":5.0,"turns":1.0},{"damage":0.0,"enemies":"2 Louse","floor":7.0,"turns":1.0},{"damage":23.0,"enemies":"Lagavulin","floor":8.0,"turns":6.0},{"damage":15.0,"enemies":"Lots of Slimes","floor":13.0,"turns":3.0},{"damage":3.0,"enemies":"Looter","floor":14.0,"turns":4.0},{"damage":15,"enemies":"Slime Boss","floor":16,"turns":8},{"damage":0,"enemies":"Chosen","floor":18,"turns":6},{"damage":6,"enemies":"3 Byrds","floor":19,"turns":3},{"damage":92,"enemies":"Slavers","floor":23,"turns":5}],"seed_played":"-4708289118717600924","potions_obtained":[{"floor":5.0,"key":"Dexterity Potion"},{"floor":7.0,"key":"BloodPotion"},{"floor":19,"key":"FearPotion"}],"is_trial":false,"path_per_floor":["M","?","?","?","M","R","M","E","T","$","R","$","M","M","R","B",null,"M","M","$","?","$","E"],"character_chosen":"IRONCLAD","items_purchased":["Battle Trance","Intimidate","Clothesline","Feel No Pain"],"campfire_rested":0,"item_purchase_floors":[10,12,20,22],"current_hp_per_floor":[74,79,68,68,74,74,80,63,63,63,63,63,54,57,57,68,77,80,80,80,80,80,0],"gold":26,"neow_bonus":"THREE_ENEMY_KILL","is_prod":false,"is_daily":false,"chose_seed":false,"campfire_upgraded":3,"win_rate":0,"timestamp":1567008104,"path_taken":["M","?","?","?","M","R","?","E","T","$","R","$","M","M","R","BOSS","M","?","$","?","$","E"],"build_version":"2019-07-17","purchased_purges":1,"victory":false,"max_hp_per_floor":[75,80,80,80,80,80,80,80,80,80,80,80,80,80,80,80,80,80,80,80,80,80,80],"card_choices":[{"not_picked":["Body Slam","Rampage"],"picked":"Uppercut","floor":1.0},{"not_picked":["Headbutt","Twin Strike"],"picked":"Cleave","floor":5.0},{"not_picked":["Flex","Pommel Strike"],"picked":"Armaments","floor":7.0},{"not_picked":["Rampage","Shockwave"],"picked":"Feel No Pain","floor":8.0},{"not_picked":["Sword Boomerang","Rage"],"picked":"Battle Trance","floor":13.0},{"not_picked":["Armaments","True Grit"],"picked":"Spot Weakness","floor":14.0},{"not_picked":["Demon Form","Berserk"],"picked":"Limit Break","floor":16},{"not_picked":["Clothesline","Havoc"],"picked":"Disarm","floor":17},{"not_picked":["Iron Wave","Blood for Blood"],"picked":"Warcry","floor":17},{"not_picked":["Double Tap","Carnage"],"picked":"Seeing Red","floor":18},{"not_picked":["Armaments","Seeing Red"],"picked":"Intimidate","floor":19}],"player_experience":922289,"relics_obtained":[{"floor":8.0,"key":"Smiling Mask"},{"floor":9.0,"key":"Dodecahedron"}],"event_choices":[{"damage_healed":0.0,"max_hp_gain":5.0,"max_hp_loss":0.0,"gold_gain":0.0,"event_name":"Big Fish","player_choice":"Donut","floor":2.0,"gold_loss":0.0,"damage_taken":0.0},{"damage_healed":0.0,"max_hp_gain":0.0,"max_hp_loss":0.0,"gold_gain":0.0,"event_name":"Scrap Ooze","player_choice":"Success","floor":3.0,"gold_loss":0.0,"damage_taken":11.0,"relics_obtained":["Dead Branch"]},{"damage_healed":0.0,"max_hp_gain":0.0,"max_hp_loss":0.0,"gold_gain":0.0,"cards_transformed":["Strike_R"],"event_name":"Transmorgrifier","player_choice":"Transformed","floor":4.0,"gold_loss":0.0,"damage_taken":0.0,"cards_obtained":["Pommel Strike"]},{"damage_healed":0,"gold_gain":0,"player_choice":"Ignored","damage_taken":0,"max_hp_gain":0,"max_hp_loss":0,"event_name":"The Mausoleum","floor":21,"gold_loss":0}],"is_beta":false,"boss_relics":[{"not_picked":["Tiny House","Coffee Dripper"],"picked":"Orrery"}],"items_purged_floors":[22],"is_endless":false,"potions_floor_spawned":[5,7,13,19],"killed_by":"Slavers","ascension_level":18}