{"gold_per_floor":[118,129,144,164,177,211,211,211],"floor_reached":8,"playtime":320,"items_purged":[],"score":105,"play_id":"e2e503eb-65fb-4b26-87a1-232acf75346a","local_time":"20190823010416","is_ascension_mode":true,"campfire_choices":[{"data":"Bash","floor":7.0,"key":"SMITH"}],"neow_cost":"NONE","seed_source_timestamp":0,"circlet_count":0,"master_deck":["AscendersBane","Strike_R","Strike_R","Strike_R","Strike_R","Strike_R","Defend_R","Defend_R","Defend_R","Defend_R","Bash+1","Twin Strike","Ghostly Armor","Pommel Strike","Metallicize","Headbutt"],"special_seed":0,"relics":["Burning Blood","The Courier"],"potions_floor_usage":[],"damage_taken":[{"damage":9.0,"enemies":"Cultist","floor":1.0,"turns":5.0},{"damage":7.0,"enemies":"Small Slimes","floor":2.0,"turns":4.0},{"damage":2.0,"enemies":"2 Louse","floor":3.0,"turns":2.0},{"damage":11.0,"enemies":"Looter","floor":4.0,"turns":4.0},{"damage":8.0,"enemies":"3 Louse","floor":5.0,"turns":6.0},{"damage":18.0,"enemies":"Gremlin Nob","floor":6.0,"turns":4.0},{"damage":65,"enemies":"Lagavulin","floor":8,"turns":8}],"seed_played":"7554499183584690389","potions_obtained":[{"floor":0.0,"key":"Explosive Potion"},{"floor":0.0,"key":"SpeedPotion"},{"floor":0.0,"key":"Fire Potion"},{"floor":5.0,"key":"SpeedPotion"},{"floor":6.0,"key":"GamblersBrew"}],"is_trial":false,"path_per_floor":["M","M","M","M","M","E","R","E"],"character_chosen":"IRONCLAD","items_purchased":[],"campfire_rested":0,"item_purchase_floors":[],"current_hp_per_floor":[65,64,68,63,61,49,49,0],"gold":211,"neow_bonus":"THREE_SMALL_POTIONS","is_prod":false,"is_daily":false,"chose_seed":false,"campfire_upgraded":1,"win_rate":0,"timestamp":1566536656,"path_taken":["M","M","M","M","?","E","R","E"],"build_version":"2019-07-17","purchased_purges":0,"victory":false,"max_hp_per_floor":[75,75,75,75,75,75,75,75],"card_choices":[{"not_picked":["Pummel","Warcry"],"picked":"Twin Strike","floor":1.0},{"not_picked":["Infernal Blade","Pummel"],"picked":"Ghostly Armor","floor":2.0},{"not_picked":["Dropkick","Hemokinesis"],"picked":"Pommel Strike","floor":3.0},{"not_picked":["Body Slam","Armaments"],"picked":"Metallicize","floor":4.0},{"not_picked":["Corruption","Wild Strike","Flex"],"picked":"SKIP","floor":5.0},{"not_picked":["Shrug It Off","Heavy Blade"],"picked":"Headbutt","floor":6.0}],"player_experience":893519,"relics_obtained":[{"floor":6.0,"key":"The Courier"}],"event_choices":[],"is_beta":false,"boss_relics":[],"items_purged_floors":[],"is_endless":false,"potions_floor_spawned":[2,5,6],"killed_by":"Lagavulin","ascension_level":15}