{"gold_per_floor":[111,131,150,150,25,25,25,64,88,88,128,128],"floor_reached":12,"playtime":281,"items_purged":["Regret"],"score":172,"play_id":"838de3d3-c59c-4420-a20c-2f2415f2f258","local_time":"20191001214347","is_ascension_mode":true,"campfire_choices":[{"data":"True Grit","floor":6.0,"key":"SMITH"}],"neow_cost":"NONE","seed_source_timestamp":0,"circlet_count":0,"master_deck":["AscendersBane","Strike_R","Strike_R","Strike_R","Strike_R","Strike_R","Defend_R","Defend_R","Defend_R","Defend_R","Bash","Feel No Pain","True Grit+1","Thunderclap","Evolve","Limit Break","Flex"],"special_seed":0,"relics":["Burning Blood","NeowsBlessing","Smiling Mask","Golden Idol","StrikeDummy","Lantern","FaceOfCleric","Pear"],"potions_floor_usage":[],"damage_taken":[{"damage":0.0,"enemies":"Cultist","floor":1.0,"turns":1.0},{"damage":0.0,"enemies":"Small Slimes","floor":2.0,"turns":2.0},{"damage":0.0,"enemies":"2 Louse","floor":3.0,"turns":2.0},{"damage":32.0,"enemies":"Gremlin Nob","floor":8.0,"turns":4.0},{"damage":22.0,"enemies":"3 Sentries","floor":11.0,"turns":9.0},{"damage":38,"enemies":"Gremlin Gang","floor":12,"turns":3}],"seed_played":"-1780088717717070008","potions_obtained":[{"floor":1.0,"key":"PowerPotion"},{"floor":3.0,"key":"Dexterity Potion"},{"floor":11.0,"key":"Energy Potion"}],"is_trial":false,"path_per_floor":["M","M","M","?","$","R","?","E","T","?","E","M"],"character_chosen":"IRONCLAD","items_purchased":["Evolve"],"campfire_rested":0,"item_purchase_floors":[5],"current_hp_per_floor":[74,75,75,75,75,75,68,42,42,42,37,0],"gold":128,"neow_bonus":"THREE_ENEMY_KILL","is_prod":false,"is_daily":false,"chose_seed":false,"campfire_upgraded":1,"win_rate":0,"timestamp":1569980627,"path_taken":["M","M","?","?","$","R","?","E","T","?","E","M"],"build_version":"2019-10-01","purchased_purges":1,"victory":false,"max_hp_per_floor":[75,75,75,75,75,75,68,68,68,68,79,79],"card_choices":[{"not_picked":["Dual Wield","Twin Strike"],"picked":"Feel No Pain","floor":1.0},{"not_picked":["Twin Strike","Sentinel"],"picked":"True Grit","floor":2.0},{"not_picked":["Dual Wield","Iron Wave"],"picked":"Thunderclap","floor":3.0},{"not_picked":["Body Slam","Second Wind"],"picked":"Limit Break","floor":8.0},{"not_picked":["Blood for Blood","Twin Strike"],"picked":"Flex","floor":11.0}],"player_experience":1203076,"relics_obtained":[{"floor":8.0,"key":"StrikeDummy"},{"floor":9.0,"key":"Lantern"},{"floor":11.0,"key":"Pear"}],"event_choices":[{"damage_healed":0.0,"max_hp_gain":0.0,"max_hp_loss":0.0,"gold_gain":0.0,"event_name":"Big Fish","player_choice":"Box","floor":4.0,"gold_loss":0.0,"damage_taken":0.0,"relics_obtained":["Smiling Mask"],"cards_obtained":["Regret"]},{"damage_healed":0.0,"max_hp_gain":0.0,"max_hp_loss":7.0,"gold_gain":0.0,"event_name":"Golden Idol","player_choice":"Lose Max HP","floor":7.0,"gold_loss":0.0,"damage_taken":0.0,"relics_obtained":["Golden Idol"]},{"damage_healed":0.0,"max_hp_gain":0.0,"max_hp_loss":0.0,"gold_gain":0.0,"event_name":"FaceTrader","player_choice":"Trade","floor":10.0,"gold_loss":0.0,"damage_taken":0.0,"relics_obtained":["FaceOfCleric"]}],"is_beta":true,"boss_relics":[],"items_purged_floors":[5],"is_endless":false,"potions_floor_spawned":[1,3,11],"killed_by":"Gremlin Gang","ascension_level":20}