{"gold_per_floor":[119,119,139,156,156,156,184,81,81,110,10,10,10,10],"floor_reached":14,"playtime":368,"items_purged":["Pain","Strike_P"],"score":182,"play_id":"14932029-f603-4737-afbe-643caebb1eb8","local_time":"20191017185427","is_ascension_mode":true,"campfire_choices":[{"data":"Eruption","floor":6.0,"key":"SMITH"},{"data":"Wireheading","floor":12,"key":"SMITH"}],"neow_cost":"NONE","seed_source_timestamp":456325133320800,"circlet_count":0,"master_deck":["AscendersBane","Strike_P+1","Strike_P","Strike_P+1","Defend_P","Defend_P","Defend_P","Defend_P","Eruption+1","Vigilance","CutThroughFate","SignatureMove","Wireheading+1","FlurryOfBlows","LessonLearned"],"special_seed":0,"relics":["PureWater","NeowsBlessing","WarpedTongs","Du-Vu Doll","Bird Faced Urn","Whetstone"],"potions_floor_usage":[],"damage_taken":[{"damage":0.0,"enemies":"2 Louse","floor":1.0,"turns":1.0},{"damage":0.0,"enemies":"Cultist","floor":3.0,"turns":1.0},{"damage":0.0,"enemies":"Jaw Worm","floor":4.0,"turns":1.0},{"damage":29.0,"enemies":"3 Sentries","floor":7.0,"turns":7.0},{"damage":12.0,"enemies":"Lagavulin","floor":10.0,"turns":7.0},{"damage":28,"enemies":"3 Sentries","floor":14,"turns":3}],"seed_played":"5632751338116428253","potions_obtained":[{"floor":2.0,"key":"DuplicationPotion"},{"floor":2.0,"key":"Ancient Potion"}],"is_trial":false,"path_per_floor":["M","?","M","M","?","R","E","$","T","E","$","R","$","E"],"character_chosen":"WATCHER","items_purchased":["FlurryOfBlows"],"campfire_rested":0,"item_purchase_floors":[8],"current_hp_per_floor":[61,61,61,61,61,61,32,32,32,22,22,22,22,0],"gold":10,"neow_bonus":"THREE_ENEMY_KILL","is_prod":false,"is_daily":false,"chose_seed":false,"campfire_upgraded":2,"win_rate":0,"timestamp":1571352867,"path_taken":["M","?","M","?","?","R","E","$","T","E","?","R","$","E"],"build_version":"2019-10-17","purchased_purges":2,"victory":false,"max_hp_per_floor":[68,68,68,68,68,68,68,68,68,68,68,68,68,68],"card_choices":[{"not_picked":["Protect","SashWhip"],"picked":"CutThroughFate","floor":1.0},{"not_picked":["Halt","Prostrate","Swivel"],"picked":"SKIP","floor":3.0},{"not_picked":["Fasting2","FollowUp"],"picked":"SignatureMove","floor":4.0},{"not_picked":["ForeignInfluence","MentalFortress"],"picked":"Wireheading","floor":7.0},{"not_picked":["Swivel","MentalFortress"],"picked":"LessonLearned","floor":10}],"player_experience":1350652,"relics_obtained":[{"floor":7.0,"key":"Du-Vu Doll"},{"floor":9.0,"key":"Bird Faced Urn"},{"floor":10,"key":"Whetstone"}],"event_choices":[{"damage_healed":0.0,"max_hp_gain":0.0,"max_hp_loss":0.0,"gold_gain":0.0,"event_name":"Lab","player_choice":"Got Potions","floor":2.0,"gold_loss":0.0,"damage_taken":0.0},{"damage_healed":0.0,"max_hp_gain":0.0,"max_hp_loss":0.0,"gold_gain":0.0,"event_name":"Accursed Blacksmith","player_choice":"Rummage","floor":5.0,"gold_loss":0.0,"damage_taken":0.0,"relics_obtained":["WarpedTongs"],"cards_obtained":["Pain"]}],"is_beta":true,"boss_relics":[],"items_purged_floors":[8,11],"is_endless":false,"potions_floor_spawned":[3,10],"killed_by":"3 Sentries","ascension_level":18}