{"gold_per_floor":[109,127,140,151,171,171,198,198,228,238,238,271,284,284,284,380,380,399,399],"floor_reached":19,"playtime":641,"items_purged":[],"score":335,"play_id":"0e47d8a7-db81-4a1f-a89c-9259b54bced9","local_time":"20190820015301","is_ascension_mode":true,"campfire_choices":[{"data":"Sunder","floor":6.0,"key":"SMITH"},{"data":"Coolheaded","floor":8.0,"key":"SMITH"},{"floor":11.0,"key":"REST"},{"data":"Static Discharge","floor":15.0,"key":"SMITH"}],"neow_cost":"NONE","seed_source_timestamp":26325938054500,"circlet_count":0,"master_deck":["AscendersBane","Strike_B","Strike_B","Strike_B","Strike_B","Defend_B","Defend_B","Defend_B","Defend_B","Zap","Dualcast","Sunder+1","Leap","Conserve Battery","Coolheaded+1","Ball Lightning","Self Repair","Static Discharge+1"],"special_seed":0,"relics":["Cracked Core","Toxic Egg 2","Tiny Chest","Anchor","Golden Idol","Snecko Eye"],"potions_floor_usage":[19],"damage_taken":[{"damage":0.0,"enemies":"2 Louse","floor":1.0,"turns":2.0},{"damage":0.0,"enemies":"Small Slimes","floor":2.0,"turns":2.0},{"damage":2.0,"enemies":"Jaw Worm","floor":3.0,"turns":5.0},{"damage":2.0,"enemies":"Exordium Wildlife","floor":4.0,"turns":3.0},{"damage":1.0,"enemies":"Looter","floor":5.0,"turns":4.0},{"damage":25.0,"enemies":"Gremlin Nob","floor":7.0,"turns":5.0},{"damage":22.0,"enemies":"Exordium Thugs","floor":10.0,"turns":5.0},{"damage":9.0,"enemies":"Lagavulin","floor":12.0,"turns":8.0},{"damage":4.0,"enemies":"3 Louse","floor":13.0,"turns":2.0},{"damage":17.0,"enemies":"Hexaghost","floor":16.0,"turns":6.0},{"damage":29,"enemies":"Spheric Guardian","floor":18,"turns":3},{"damage":33,"enemies":"Shell Parasite","floor":19,"turns":5}],"seed_played":"-3502377190039506025","potions_obtained":[{"floor":2.0,"key":"EssenceOfSteel"},{"floor":4.0,"key":"Ancient Potion"},{"floor":10.0,"key":"LiquidBronze"},{"floor":16.0,"key":"Energy Potion"}],"is_trial":false,"path_per_floor":["M","M","M","M","M","R","E","R","T","M","R","E","M","?","R","B",null,"M","M"],"character_chosen":"DEFECT","items_purchased":[],"campfire_rested":1,"item_purchase_floors":[],"current_hp_per_floor":[64,64,62,60,59,59,34,34,34,12,33,31,34,34,34,24,54,25,0],"gold":399,"neow_bonus":"THREE_CARDS","is_prod":false,"is_daily":false,"chose_seed":false,"campfire_upgraded":3,"win_rate":0,"timestamp":1566280381,"path_taken":["M","M","M","M","M","R","E","R","T","M","R","E","M","?","R","BOSS","M","M"],"build_version":"2019-07-17","purchased_purges":0,"victory":false,"max_hp_per_floor":[71,71,71,71,71,71,71,71,71,71,71,71,71,64,64,64,64,64,64],"card_choices":[{"not_picked":["Conserve Battery","White Noise"],"picked":"Sunder","floor":0.0},{"not_picked":["Barrage","Rip and Tear"],"picked":"Leap","floor":1.0},{"not_picked":["Sunder","Force Field","Steam Power"],"picked":"SKIP","floor":2.0},{"not_picked":["Auto Shields","Force Field"],"picked":"Conserve Battery","floor":3.0},{"not_picked":["Blizzard","Go for the Eyes","Hello World"],"picked":"SKIP","floor":4.0},{"not_picked":["Leap","Auto Shields"],"picked":"Coolheaded","floor":5.0},{"not_picked":["Steam","Creative AI"],"picked":"Ball Lightning","floor":7.0},{"not_picked":["Stack+1","Steam+1"],"picked":"Self Repair","floor":10.0},{"not_picked":["Storm","Heatsinks"],"picked":"Static Discharge","floor":12.0},{"not_picked":["Barrage","Self Repair","Rebound"],"picked":"SKIP","floor":13.0},{"not_picked":["Beam Cell","Self Repair","Rebound"],"picked":"SKIP","floor":18}],"player_experience":831499,"relics_obtained":[{"floor":7.0,"key":"Toxic Egg 2"},{"floor":9.0,"key":"Tiny Chest"},{"floor":12.0,"key":"Anchor"}],"event_choices":[{"damage_healed":0.0,"max_hp_gain":0.0,"max_hp_loss":7.0,"gold_gain":0.0,"event_name":"Golden Idol","player_choice":"Lose Max HP","floor":14.0,"gold_loss":0.0,"damage_taken":0.0,"relics_obtained":["Golden Idol"]}],"is_beta":false,"boss_relics":[{"not_picked":["Empty Cage","Tiny House"],"picked":"Snecko Eye"}],"items_purged_floors":[],"is_endless":false,"potions_floor_spawned":[2,4,10,13,16],"killed_by":"Shell Parasite","ascension_level":17}