{"gold_per_floor":[119,132,150,164,164,164,193,268,268,268,285,297,297,324,324,427,427,442,111,124,141,56,56,84,84,84,84,100,114,129,146,146,146],"floor_reached":33,"playtime":1887,"items_purged":[],"score":309,"play_id":"72138260-19c1-4ec7-b230-6add47cd0c4f","local_time":"20190926002542","is_ascension_mode":true,"campfire_choices":[{"data":"Evaluate","floor":6.0,"key":"SMITH"},{"data":"MentalFortress","floor":10.0,"key":"SMITH"},{"data":"SashWhip","floor":13.0,"key":"SMITH"},{"data":"Wallop","floor":15.0,"key":"SMITH"},{"floor":23.0,"key":"REST"},{"floor":32,"key":"REST"}],"neow_cost":"NONE","seed_source_timestamp":84546690532800,"circlet_count":0,"master_deck":["Eruption+1","Vigilance","Evaluate+1","Consecrate","Weave","Sanctity","Perseverance","MentalFortress+1","SashWhip+1","Crescendo","Wallop+1","Vault","FlurryOfBlows","Collect","SandsOfTime","CarveReality","ThirdEye","CutThroughFate","Judgement","Protect","TalkToTheHand","Indignation","Protect+1","JustLucky+1","Halt","Sanctity+1","CrushJoints+1","Tantrum+1"],"special_seed":0,"relics":["PureWater","Bottled Flame","Mercury Hourglass","The Courier","Pandora\u0027s Box","Matryoshka","Girya","Letter Opener","Molten Egg 2","Dodecahedron"],"potions_floor_usage":[31,33,33,33],"damage_taken":[{"damage":0.0,"enemies":"Small Slimes","floor":1.0,"turns":5.0},{"damage":3.0,"enemies":"Jaw Worm","floor":2.0,"turns":3.0},{"damage":1.0,"enemies":"2 Louse","floor":3.0,"turns":4.0},{"damage":0.0,"enemies":"Blue Slaver","floor":4.0,"turns":5.0},{"damage":4.0,"enemies":"Lagavulin","floor":7.0,"turns":9.0},{"damage":0.0,"enemies":"Exordium Thugs","floor":11.0,"turns":3.0},{"damage":12.0,"enemies":"Exordium Wildlife","floor":12.0,"turns":4.0},{"damage":7.0,"enemies":"3 Sentries","floor":14.0,"turns":4.0},{"damage":5.0,"enemies":"Hexaghost","floor":16.0,"turns":9.0},{"damage":7.0,"enemies":"3 Byrds","floor":18.0,"turns":4.0},{"damage":24.0,"enemies":"Shell Parasite","floor":20.0,"turns":2.0},{"damage":25.0,"enemies":"Centurion and Healer","floor":21.0,"turns":5.0},{"damage":15,"enemies":"Book of Stabbing","floor":24,"turns":7},{"damage":0,"enemies":"Snake Plant","floor":28,"turns":3},{"damage":0,"enemies":"Chosen and Byrds","floor":29,"turns":4},{"damage":0,"enemies":"Snecko","floor":30,"turns":2},{"damage":0,"enemies":"Snake Plant","floor":31,"turns":2},{"damage":47,"enemies":"Collector","floor":33,"turns":6}],"seed_played":"-8914641445674433511","potions_obtained":[{"floor":2.0,"key":"EssenceOfSteel"},{"floor":7.0,"key":"EntropicBrew"},{"floor":11.0,"key":"StancePotion"},{"floor":16.0,"key":"Regen Potion"}],"is_trial":false,"path_per_floor":["M","M","M","M","?","R","E","?","T","R","M","M","R","E","R","B",null,"M","$","M","M","?","R","E","?","T","?","M","M","M","M","R","B"],"character_chosen":"WATCHER","items_purchased":["TalkToTheHand","Indignation","Matryoshka"],"campfire_rested":2,"item_purchase_floors":[19,19,19],"current_hp_per_floor":[65,62,61,61,61,61,57,46,46,46,46,34,34,27,27,22,65,58,58,34,9,9,28,13,13,13,2,2,2,2,7,28,0],"gold":146,"neow_bonus":"TRANSFORM_CARD","is_prod":false,"is_daily":false,"chose_seed":false,"campfire_upgraded":4,"win_rate":0,"timestamp":1569471942,"path_taken":["M","M","M","M","?","R","E","?","T","R","M","M","R","E","R","BOSS","M","$","M","M","?","R","E","?","T","?","M","M","M","M","R","BOSS"],"build_version":"2019-09-25","purchased_purges":0,"victory":false,"max_hp_per_floor":[65,65,65,65,65,65,65,65,65,65,65,65,65,65,65,65,65,65,65,65,65,65,65,65,65,65,70,70,70,70,70,70,70],"card_choices":[{"not_picked":["CutThroughFate","Sanctity"],"picked":"Consecrate","floor":1.0},{"not_picked":["Scrawl","Prostrate"],"picked":"Weave","floor":2.0},{"not_picked":["Tantrum","ThirdEye"],"picked":"Sanctity","floor":3.0},{"not_picked":["Prostrate","BowlingBash"],"picked":"Perseverance","floor":4.0},{"not_picked":["ReachHeaven","PathToVictory"],"picked":"MentalFortress","floor":7.0},{"not_picked":["MentalFortress","EmptyFist"],"picked":"SashWhip","floor":11.0},{"not_picked":["Sanctity","Prostrate"],"picked":"Crescendo","floor":12.0},{"not_picked":["Protect","InnerPeace"],"picked":"Wallop","floor":14.0},{"not_picked":["Omniscience","Alpha"],"picked":"Vault","floor":16.0},{"not_picked":["EmptyFist+1","SashWhip"],"picked":"Protect","floor":18.0},{"not_picked":["EmptyFist","FlyingSleeves+1"],"picked":"Protect+1","floor":20.0},{"not_picked":["Halt","ForeignInfluence"],"picked":"JustLucky+1","floor":21.0},{"not_picked":["SashWhip","Unraveling","Indignation"],"picked":"SKIP","floor":24},{"not_picked":["BowlingBash+1","WheelKick+1"],"picked":"Halt","floor":28},{"not_picked":["Weave+1","FlyingSleeves+1"],"picked":"Sanctity+1","floor":29},{"not_picked":["BattleHymn","Consecrate+1"],"picked":"CrushJoints+1","floor":30},{"not_picked":["Weave+1","CutThroughFate+1"],"picked":"Tantrum+1","floor":31}],"player_experience":1134885,"relics_obtained":[{"floor":7.0,"key":"Bottled Flame"},{"floor":9.0,"key":"Mercury Hourglass"},{"floor":14.0,"key":"The Courier"},{"floor":24,"key":"Letter Opener"},{"floor":26,"key":"Molten Egg 2"},{"floor":26,"key":"Dodecahedron"}],"event_choices":[{"damage_healed":0.0,"max_hp_gain":0.0,"max_hp_loss":0.0,"gold_gain":0.0,"event_name":"Living Wall","player_choice":"Grow","floor":5.0,"gold_loss":0.0,"damage_taken":0.0,"cards_upgraded":["Eruption"]},{"damage_healed":0.0,"max_hp_gain":0.0,"max_hp_loss":0.0,"gold_gain":75.0,"event_name":"World of Goop","player_choice":"Gather Gold","floor":8.0,"gold_loss":0.0,"damage_taken":11.0},{"damage_healed":0.0,"max_hp_gain":0.0,"max_hp_loss":0.0,"gold_gain":0.0,"event_name":"Addict","player_choice":"Obtained Relic","floor":22.0,"gold_loss":85.0,"damage_taken":0.0,"relics_obtained":["Girya"]},{"damage_healed":0,"gold_gain":0,"player_choice":"Ignored","damage_taken":0,"max_hp_gain":0,"max_hp_loss":0,"event_name":"The Mausoleum","floor":25,"gold_loss":0},{"damage_healed":0,"gold_gain":0,"player_choice":"Shed Blood","damage_taken":16,"max_hp_gain":5,"max_hp_loss":0,"event_name":"Forgotten Altar","floor":27,"gold_loss":0}],"is_beta":true,"boss_relics":[{"not_picked":["Calling Bell","Runic Dome"],"picked":"Pandora\u0027s Box"}],"items_purged_floors":[],"is_endless":false,"potions_floor_spawned":[2,7,11,16,20,28,30],"killed_by":"Collector","ascension_level":2}