{"gold_per_floor":[116,116,134,134,6,6,6,20,20,48,48,83,94,113,113,191,191,164,164,76,89,109,109,142,142,166,201,201,212,35,35],"floor_reached":31,"playtime":1047,"items_purged":["Strike_R"],"score":538,"play_id":"19612b45-06ae-41ea-b64d-3ff9d130bb80","local_time":"20190828213552","is_ascension_mode":true,"campfire_choices":[{"data":"Bash","floor":6,"key":"SMITH"},{"data":"True Grit","floor":15,"key":"SMITH"},{"data":"True Grit","floor":23,"key":"SMITH"},{"data":"Immolate","floor":25,"key":"SMITH"},{"data":"Spot Weakness","floor":28,"key":"SMITH"}],"neow_cost":"NONE","seed_source_timestamp":1646715786900,"circlet_count":0,"master_deck":["AscendersBane","Strike_R+1","Strike_R+1","Strike_R+1","Strike_R+1","Defend_R+1","Defend_R+1","Defend_R+1","Defend_R+1","Bash+1","True Grit+1","Clothesline","True Grit+1","Cleave","Thunderclap","Uppercut","Flame Barrier","Immolate+1","Warcry+1","Spot Weakness+1","Flame Barrier","Battle Trance","Heavy Blade","Offering"],"relics":["Burning Blood","Juzu Bracelet","Ice Cream","PreservedInsect","Blue Candle","Orichalcum","Happy Flower","Philosopher\u0027s Stone","Art of War","Oddly Smooth Stone","Bronze Scales"],"potions_floor_usage":[10,12,18,24],"damage_taken":[{"damage":3,"enemies":"2 Louse","floor":1,"turns":4},{"damage":4,"enemies":"Jaw Worm","floor":3,"turns":5},{"damage":0,"enemies":"Small Slimes","floor":8,"turns":4},{"damage":20,"enemies":"3 Sentries","floor":10,"turns":5},{"damage":10,"enemies":"Lagavulin","floor":12,"turns":4},{"damage":9,"enemies":"3 Louse","floor":13,"turns":4},{"damage":1,"enemies":"Looter","floor":14,"turns":4},{"damage":44,"enemies":"Hexaghost","floor":16,"turns":13},{"damage":14,"enemies":"2 Thieves","floor":18,"turns":4},{"damage":2,"enemies":"Chosen","floor":21,"turns":4},{"damage":13,"enemies":"Snecko","floor":22,"turns":4},{"damage":44,"enemies":"Book of Stabbing","floor":24,"turns":6},{"damage":9,"enemies":"Slavers","floor":27,"turns":3},{"damage":23,"enemies":"Shelled Parasite and Fungi","floor":29,"turns":7},{"damage":15,"enemies":"Sentry and Sphere","floor":31,"turns":3}],"seed_played":"2300332151528310568","potions_obtained":[{"floor":1,"key":"SpeedPotion"},{"floor":3,"key":"AttackPotion"},{"floor":10,"key":"Explosive Potion"},{"floor":21,"key":"Regen Potion"},{"floor":29,"key":"FearPotion"}],"is_trial":false,"path_per_floor":["M","?","M","?","$","R","T","M","T","E","?","E","M","M","R","B",null,"M","?","$","M","M","R","E","R","T","E","R","M","$","M"],"character_chosen":"IRONCLAD","items_purchased":["True Grit","Spot Weakness","Offering"],"campfire_rested":0,"item_purchase_floors":[5,20,30],"current_hp_per_floor":[78,78,80,62,62,62,62,68,68,54,54,50,47,52,52,14,65,57,57,57,61,54,54,31,31,31,28,28,11,11,0],"gold":35,"neow_bonus":"TEN_PERCENT_HP_BONUS","is_prod":false,"is_daily":false,"chose_seed":false,"campfire_upgraded":5,"win_rate":0,"timestamp":1567042552,"path_taken":["M","?","M","?","$","R","?","M","T","E","?","E","M","M","R","BOSS","M","?","$","M","M","R","E","R","T","E","R","M","$","M"],"build_version":"2019-07-17","purchased_purges":1,"victory":false,"max_hp_per_floor":[82,82,82,82,82,82,82,82,82,82,82,82,82,82,82,82,82,82,82,82,82,82,82,82,82,82,82,82,82,82,82],"card_choices":[{"not_picked":["Seeing Red","Clash"],"picked":"True Grit","floor":1},{"not_picked":["Disarm","Flex"],"picked":"Clothesline","floor":3},{"not_picked":["Clash","Twin Strike"],"picked":"Cleave","floor":8},{"not_picked":["Clothesline","Sword Boomerang"],"picked":"Thunderclap","floor":10},{"not_picked":["Sentinel","Seeing Red"],"picked":"Uppercut","floor":12},{"not_picked":["Power Through","Berserk"],"picked":"Flame Barrier","floor":13},{"not_picked":["Corruption","Warcry","Sever Soul"],"picked":"SKIP","floor":14},{"not_picked":["Feed","Exhume"],"picked":"Immolate","floor":16},{"not_picked":["Reckless Charge","Fire Breathing"],"picked":"Warcry+1","floor":18},{"not_picked":["True Grit","Flex"],"picked":"Flame Barrier","floor":21},{"not_picked":["Anger","Twin Strike","Exhume"],"picked":"SKIP","floor":22},{"not_picked":["Havoc+1","Wild Strike","Body Slam"],"picked":"SKIP","floor":24},{"not_picked":["Blood for Blood","Rampage"],"picked":"Battle Trance","floor":27},{"not_picked":["Combust+1","Anger"],"picked":"Heavy Blade","floor":29}],"player_experience":926450,"relics_obtained":[{"floor":7,"key":"Ice Cream"},{"floor":9,"key":"PreservedInsect"},{"floor":10,"key":"Blue Candle"},{"floor":12,"key":"Happy Flower"},{"floor":24,"key":"Art of War"},{"floor":26,"key":"Oddly Smooth Stone"},{"floor":27,"key":"Bronze Scales"}],"event_choices":[{"damage_healed":0,"gold_gain":0,"player_choice":"Ignored","damage_taken":0,"max_hp_gain":0,"max_hp_loss":0,"event_name":"Liars Game","floor":2,"gold_loss":0},{"damage_healed":0,"gold_gain":0,"player_choice":"Success","damage_taken":18,"relics_obtained":["Juzu Bracelet"],"max_hp_gain":0,"max_hp_loss":0,"event_name":"Scrap Ooze","floor":4,"gold_loss":0},{"damage_healed":0,"gold_gain":0,"player_choice":"Searched \u00271\u0027 times","damage_taken":0,"relics_obtained":["Orichalcum"],"max_hp_gain":0,"max_hp_loss":0,"event_name":"Dead Adventurer","floor":11,"gold_loss":0},{"damage_healed":0,"gold_gain":0,"player_choice":"Simplicity","damage_taken":0,"max_hp_gain":0,"max_hp_loss":0,"event_name":"Back to Basics","floor":19,"gold_loss":0,"cards_upgraded":["Strike_R","Strike_R","Strike_R","Strike_R","Defend_R","Defend_R","Defend_R","Defend_R"]}],"is_beta":false,"boss_relics":[{"not_picked":["Runic Dome","Lizard Tail"],"picked":"Philosopher\u0027s Stone"}],"items_purged_floors":[5],"is_endless":false,"potions_floor_spawned":[1,3,10,21,29],"killed_by":"Sentry and Sphere","ascension_level":18}