{"gold_per_floor":[116,134,145,145,162,162,173,31,31,63,74,93,93,104,104,200,200,210,197,49,68,84,84],"floor_reached":23,"playtime":3064,"items_purged":["Strike_G","Decay"],"score":199,"play_id":"43193558-2f3d-44f8-9891-253d9ff65d78","local_time":"20190918193433","is_ascension_mode":false,"campfire_choices":[{"data":"Well Laid Plans","floor":6,"key":"SMITH"},{"floor":13,"key":"REST"},{"data":"Noxious Fumes","floor":15,"key":"SMITH"}],"neow_cost":"NONE","seed_source_timestamp":497987397465600,"circlet_count":0,"master_deck":["Strike_G","Strike_G","Strike_G","Strike_G","Defend_G","Defend_G","Defend_G","Defend_G+1","Defend_G","Survivor","Neutralize","Outmaneuver","Flying Knee","Well Laid Plans+1","Burst","Neutralize","Dodge and Roll+1","Die Die Die","Predator","Backflip","Dodge and Roll","Escape Plan","Noxious Fumes+1","Bullet Time","Injury","Clumsy","Prepared","All Out Attack","Dagger Throw","Quick Slash","Calculated Gamble"],"relics":["Ring of the Snake","Bronze Scales","War Paint","Calling Bell","Nunchaku","Ninja Scroll","Centennial Puzzle"],"potions_floor_usage":[23,23],"damage_taken":[{"damage":0,"enemies":"2 Louse","floor":1,"turns":3},{"damage":0,"enemies":"Cultist","floor":2,"turns":4},{"damage":0,"enemies":"Small Slimes","floor":3,"turns":4},{"damage":19,"enemies":"Red Slaver","floor":5,"turns":7},{"damage":9,"enemies":"3 Louse","floor":7,"turns":6},{"damage":21,"enemies":"3 Sentries","floor":10,"turns":7},{"damage":0,"enemies":"Blue Slaver","floor":11,"turns":4},{"damage":0,"enemies":"Looter","floor":12,"turns":4},{"damage":0,"enemies":"Large Slime","floor":14,"turns":4},{"damage":9,"enemies":"Hexaghost","floor":16,"turns":10},{"damage":11,"enemies":"Spheric Guardian","floor":18,"turns":5},{"damage":9,"enemies":"2 Thieves","floor":19,"turns":4},{"damage":14,"enemies":"Centurion and Healer","floor":21,"turns":9},{"damage":24,"enemies":"Snake Plant","floor":22,"turns":5},{"damage":22,"enemies":"Gremlin Leader","floor":23,"turns":6}],"seed_played":"3494054708892516754","potions_obtained":[{"floor":5,"key":"Fire Potion"},{"floor":11,"key":"SkillPotion"},{"floor":12,"key":"FearPotion"},{"floor":14,"key":"PowerPotion"},{"floor":21,"key":"Fire Potion"}],"is_trial":false,"path_per_floor":["M","M","M","?","M","R","M","$","T","E","M","M","R","M","R","B",null,"M","M","$","M","M","E"],"character_chosen":"THE_SILENT","items_purchased":["Predator","Dagger Throw"],"campfire_rested":1,"item_purchase_floors":[8,20],"current_hp_per_floor":[77,77,77,77,58,58,49,49,49,28,28,28,51,51,51,42,77,66,57,57,43,19,0],"gold":84,"neow_bonus":"TEN_PERCENT_HP_BONUS","is_prod":false,"is_daily":false,"chose_seed":false,"campfire_upgraded":2,"win_rate":0.0,"timestamp":1568849673,"path_taken":["M","M","M","?","M","R","M","$","T","E","M","?","R","M","R","BOSS","M","M","$","M","M","E"],"build_version":"2019-07-17","purchased_purges":2,"victory":false,"max_hp_per_floor":[77,77,77,77,77,77,77,77,77,77,77,77,77,77,77,77,77,77,77,77,77,77,77],"card_choices":[{"not_picked":["Underhanded Strike","Leg Sweep"],"picked":"Outmaneuver","floor":1},{"not_picked":["Leg Sweep","Quick Slash"],"picked":"Flying Knee","floor":2},{"not_picked":["Acrobatics","Skewer"],"picked":"Well Laid Plans","floor":3},{"not_picked":["Deadly Poison","Masterful Stab"],"picked":"Dodge and Roll","floor":5},{"not_picked":["Blade Dance","Distraction"],"picked":"Die Die Die","floor":7},{"not_picked":["Infinite Blades","Quick Slash"],"picked":"Backflip","floor":10},{"not_picked":["Poisoned Stab","Blade Dance"],"picked":"Dodge and Roll","floor":11},{"not_picked":["Riddle With Holes","Skewer"],"picked":"Escape Plan","floor":12},{"not_picked":["Riddle With Holes","Dagger Spray"],"picked":"Noxious Fumes","floor":14},{"not_picked":["A Thousand Cuts","Unload"],"picked":"Bullet Time","floor":16},{"not_picked":["Leg Sweep","Deadly Poison"],"picked":"Prepared","floor":18},{"not_picked":["Sucker Punch+1","Bouncing Flask"],"picked":"All Out Attack","floor":19},{"not_picked":["Leg Sweep+1","Slice"],"picked":"Quick Slash","floor":21},{"not_picked":["Flying Knee","PiercingWail"],"picked":"Calculated Gamble","floor":22}],"player_experience":12732,"relics_obtained":[{"floor":9,"key":"Bronze Scales"},{"floor":10,"key":"War Paint"},{"floor":17,"key":"Nunchaku"},{"floor":17,"key":"Ninja Scroll"},{"floor":17,"key":"Centennial Puzzle"}],"event_choices":[{"damage_healed":0,"gold_gain":0,"player_choice":"2 cards matched","damage_taken":0,"max_hp_gain":0,"max_hp_loss":0,"event_name":"Match and Keep!","floor":4,"gold_loss":0,"cards_obtained":["Burst","Neutralize"]}],"is_beta":false,"boss_relics":[{"not_picked":["Ectoplasm","White Beast Statue"],"picked":"Calling Bell"}],"items_purged_floors":[8,20],"is_endless":false,"potions_floor_spawned":[5,11,12,14,16,19,21,22],"killed_by":"Gremlin Leader","ascension_level":0}