{"gold_per_floor":[117,133,83,14,14,14,28,58,83,103,103],"floor_reached":11,"playtime":373,"items_purged":[],"score":95,"play_id":"97229f4d-a0a9-41e2-8d56-aa725b67bee3","local_time":"20191002220335","is_ascension_mode":true,"campfire_choices":[{"data":"Eruption","floor":6,"key":"SMITH"}],"neow_cost":"TEN_PERCENT_HP_LOSS","seed_source_timestamp":682399967056900,"circlet_count":0,"master_deck":["Strike_P","Strike_P","Strike_P","Defend_P","Defend_P","Defend_P","Eruption+1","Vigilance","EmptyMind","BowlingBash","Wireheading","EmptyFist","ThirdEye"],"relics":["PureWater","StoneCalendar","Smiling Mask","Bag of Preparation"],"potions_floor_usage":[11],"damage_taken":[{"damage":9,"enemies":"Jaw Worm","floor":1,"turns":5},{"damage":2,"enemies":"2 Louse","floor":2,"turns":3},{"damage":0,"enemies":"Cultist","floor":7,"turns":2},{"damage":32,"enemies":"Gremlin Nob","floor":8,"turns":4},{"damage":7,"enemies":"Exordium Thugs","floor":10,"turns":3},{"damage":52,"enemies":"Lagavulin","floor":11,"turns":4}],"seed_played":"5394710436673381918","potions_obtained":[{"floor":8,"key":"Explosive Potion"},{"floor":10,"key":"SkillPotion"}],"is_trial":false,"path_per_floor":["M","M","?","$","?","R","M","E","T","M","E"],"character_chosen":"WATCHER","items_purchased":["Wireheading"],"campfire_rested":0,"item_purchase_floors":[4],"current_hp_per_floor":[56,54,54,54,54,54,54,22,22,15,0],"gold":103,"neow_bonus":"ONE_RARE_RELIC","is_prod":false,"is_daily":false,"chose_seed":false,"campfire_upgraded":1,"win_rate":0,"timestamp":1570068215,"path_taken":["M","M","?","$","?","R","M","E","T","M","E"],"build_version":"2019-10-02","purchased_purges":0,"victory":false,"max_hp_per_floor":[65,65,65,65,65,65,65,65,65,65,65],"card_choices":[{"not_picked":["Protect","FlyingSleeves"],"picked":"EmptyMind","floor":1},{"not_picked":["Sanctity","Halt"],"picked":"BowlingBash","floor":2},{"not_picked":["Conclude","Halt"],"picked":"EmptyFist","floor":7},{"not_picked":["Halt","Protect"],"picked":"ThirdEye","floor":8},{"not_picked":["WreathOfFlame","SpiritShield","Crescendo"],"picked":"SKIP","floor":10}],"player_experience":1207899,"relics_obtained":[{"floor":8,"key":"Smiling Mask"},{"floor":9,"key":"Bag of Preparation"}],"event_choices":[{"cards_removed":["Strike_P"],"damage_healed":0,"gold_gain":0,"player_choice":"Card Removal","damage_taken":0,"max_hp_gain":0,"max_hp_loss":0,"event_name":"The Cleric","floor":3,"gold_loss":50},{"cards_removed":["Defend_P"],"damage_healed":0,"gold_gain":0,"player_choice":"Card Removal","damage_taken":0,"max_hp_gain":0,"max_hp_loss":0,"event_name":"Wheel of Change","floor":5,"gold_loss":0}],"is_beta":true,"boss_relics":[],"items_purged_floors":[],"is_endless":false,"potions_floor_spawned":[8,10],"killed_by":"Lagavulin","ascension_level":6}