{"gold_per_floor":[113,128,128,3,20,20,35,35,35,49,49,74,30,58,58,132,132,132,74,14,14,14,14,14,14,14,14,14,14,14,14,14,14,14,14,14,14,14,14,14,14,14,14,14,14,14,14,14,14,14],"floor_reached":51,"playtime":2783,"items_purged":["Pain"],"score":1719,"play_id":"74bccd05-3a57-45a2-a77d-befd0778a578","local_time":"20190829011436","is_ascension_mode":true,"campfire_choices":[{"data":"Bash","floor":6.0,"key":"SMITH"},{"data":"Shockwave","floor":11.0,"key":"SMITH"},{"data":"Feel No Pain","floor":15.0,"key":"SMITH"},{"data":"Corruption","floor":23.0,"key":"SMITH"},{"data":"J.A.X.","floor":30.0,"key":"SMITH"},{"data":"Inflame","floor":32.0,"key":"SMITH"},{"data":"Brutality","floor":41.0,"key":"SMITH"},{"data":"Dark Embrace","floor":49,"key":"SMITH"}],"neow_cost":"NONE","seed_source_timestamp":12586031012100,"circlet_count":0,"master_deck":["AscendersBane","Strike_R+1","Strike_R","Strike_R","Strike_R","Defend_R","Defend_R","Defend_R","Bash+1","Rampage","Thunderclap","Shockwave+1","Iron Wave","Cleave","Feel No Pain+1","Clothesline+1","Corruption+1","Headbutt","Offering","Shrug It Off","Flame Barrier","Inflame+1","Battle Trance","J.A.X.+1","Dark Embrace+1","Seeing Red","Second Wind+1","Brutality+1","Warcry","Spot Weakness"],"special_seed":0,"relics":["Burning Blood","WarpedTongs","Magic Flower","Pocketwatch","Potion Belt","Whetstone","Ectoplasm","Orichalcum","Dead Branch","Bronze Scales","Eternal Feather","Omamori","Paper Frog","Lantern","GremlinMask","Ancient Tea Set"],"potions_floor_usage":[],"damage_taken":[{"damage":14.0,"enemies":"Jaw Worm","floor":1.0,"turns":3.0},{"damage":12.0,"enemies":"Cultist","floor":2.0,"turns":4.0},{"damage":12.0,"enemies":"2 Louse","floor":5.0,"turns":3.0},{"damage":9.0,"enemies":"Blue Slaver","floor":7.0,"turns":3.0},{"damage":4.0,"enemies":"2 Fungi Beasts","floor":10.0,"turns":3.0},{"damage":17.0,"enemies":"3 Sentries","floor":12.0,"turns":4.0},{"damage":19.0,"enemies":"Gremlin Nob","floor":14.0,"turns":4.0},{"damage":13.0,"enemies":"Hexaghost","floor":16.0,"turns":10.0},{"damage":8.0,"enemies":"3 Byrds","floor":18.0,"turns":4.0},{"damage":11.0,"enemies":"2 Thieves","floor":20.0,"turns":3.0},{"damage":29.0,"enemies":"Snake Plant","floor":22.0,"turns":5.0},{"damage":10.0,"enemies":"Gremlin Leader","floor":24.0,"turns":6.0},{"damage":6.0,"enemies":"3 Cultists","floor":25.0,"turns":5.0},{"damage":6.0,"enemies":"Snecko","floor":27.0,"turns":4.0},{"damage":27.0,"enemies":"Book of Stabbing","floor":28.0,"turns":6.0},{"damage":12.0,"enemies":"Centurion and Healer","floor":31.0,"turns":4.0},{"damage":12.0,"enemies":"Automaton","floor":33.0,"turns":7.0},{"damage":13.0,"enemies":"Orb Walker","floor":35.0,"turns":2.0},{"damage":26.0,"enemies":"3 Shapes","floor":36.0,"turns":5.0},{"damage":22.0,"enemies":"Spire Growth","floor":38.0,"turns":4.0},{"damage":15.0,"enemies":"3 Darklings","floor":39.0,"turns":2.0},{"damage":36.0,"enemies":"Reptomancer","floor":40.0,"turns":3.0},{"damage":20.0,"enemies":"Writhing Mass","floor":42.0,"turns":5.0},{"damage":25.0,"enemies":"4 Shapes","floor":44.0,"turns":6.0},{"damage":12,"enemies":"Nemesis","floor":45,"turns":5},{"damage":19,"enemies":"Giant Head","floor":48,"turns":6},{"damage":55,"enemies":"Time Eater","floor":50,"turns":7}],"seed_played":"7578026893676752043","potions_obtained":[{"floor":7.0,"key":"BloodPotion"},{"floor":10.0,"key":"Swift Potion"},{"floor":14.0,"key":"Strength Potion"},{"floor":16.0,"key":"Swift Potion"},{"floor":20.0,"key":"EssenceOfSteel"},{"floor":24.0,"key":"LiquidBronze"},{"floor":27.0,"key":"BloodPotion"},{"floor":31.0,"key":"Swift Potion"},{"floor":33.0,"key":"Swift Potion"},{"floor":38.0,"key":"SkillPotion"},{"floor":39.0,"key":"BloodPotion"},{"floor":40.0,"key":"SteroidPotion"},{"floor":45,"key":"GamblersBrew"}],"is_trial":false,"path_per_floor":["M","M","?","$","M","R","M","?","T","M","R","E","$","E","R","B",null,"M","$","M","?","M","R","E","M","T","M","E","?","R","M","R","B",null,"M","M","?","M","M","E","R","M","T","M","E","?","?","E","R","B",null],"character_chosen":"IRONCLAD","items_purchased":["Iron Wave","Corruption","Shrug It Off"],"campfire_rested":0,"item_purchase_floors":[4,13,19],"current_hp_per_floor":[60,54,54,54,48,48,45,45,45,50,50,42,42,32,32,28,63,64,64,62,62,42,42,41,44,44,47,56,56,56,53,53,50,69,65,48,48,35,29,29,44,33,33,17,14,61,61,51,61,15],"gold":14,"neow_bonus":"TRANSFORM_CARD","is_prod":false,"is_daily":false,"chose_seed":false,"campfire_upgraded":8,"win_rate":0,"timestamp":1567055676,"path_taken":["M","M","?","$","?","R","M","?","T","M","R","E","?","E","R","BOSS","M","$","?","?","M","R","E","M","T","M","E","?","R","M","R","BOSS","M","M","?","M","M","E","R","M","T","M","E","?","?","E","R","BOSS"],"build_version":"2019-07-17","purchased_purges":1,"victory":true,"max_hp_per_floor":[75,75,75,75,75,75,75,75,75,75,75,75,75,75,75,75,75,75,75,75,75,75,75,75,75,75,75,75,75,75,75,75,75,75,75,75,75,75,75,75,75,75,75,75,75,61,61,61,61,61],"card_choices":[{"not_picked":["Heavy Blade","Evolve"],"picked":"Thunderclap","floor":1.0},{"not_picked":["Power Through","Sentinel"],"picked":"Shockwave","floor":2.0},{"not_picked":["Clash","Battle Trance"],"picked":"Cleave","floor":5.0},{"not_picked":["Headbutt","Armaments"],"picked":"Feel No Pain","floor":7.0},{"not_picked":["Rampage","Iron Wave"],"picked":"Clothesline","floor":10.0},{"not_picked":["Dark Embrace","Clothesline","Body Slam"],"picked":"SKIP","floor":12.0},{"not_picked":["Perfected Strike","Sentinel"],"picked":"Headbutt","floor":14.0},{"not_picked":["Berserk","Barricade"],"picked":"Offering","floor":16.0},{"not_picked":["Dual Wield","Power Through","Thunderclap"],"picked":"SKIP","floor":18.0},{"not_picked":["Hemokinesis","Shockwave","Sword Boomerang"],"picked":"SKIP","floor":20.0},{"not_picked":["Anger","Flex","Headbutt+1"],"picked":"SKIP","floor":22.0},{"not_picked":["Thunderclap","Feel No Pain"],"picked":"Flame Barrier","floor":24.0},{"not_picked":["Armaments","Anger"],"picked":"Inflame","floor":25.0},{"not_picked":["Havoc","Sword Boomerang"],"picked":"Battle Trance","floor":27.0},{"not_picked":["Reckless Charge+1","Iron Wave","Inflame"],"picked":"SKIP","floor":28.0},{"not_picked":["Iron Wave","Headbutt","Clash"],"picked":"SKIP","floor":31.0},{"not_picked":["Berserk","Double Tap"],"picked":"Dark Embrace","floor":33.0},{"not_picked":["Body Slam","Pommel Strike","Flex"],"picked":"SKIP","floor":35.0},{"not_picked":["Sword Boomerang","Twin Strike"],"picked":"Seeing Red","floor":36.0},{"not_picked":["Corruption+1","Thunderclap","Cleave"],"picked":"SKIP","floor":38.0},{"not_picked":["Iron Wave","Clothesline"],"picked":"Second Wind+1","floor":39.0},{"not_picked":["Sever Soul","Disarm"],"picked":"Brutality","floor":40.0},{"not_picked":["Armaments","Headbutt+1"],"picked":"Warcry","floor":42.0},{"not_picked":["Pummel","Fire Breathing+1","Pommel Strike"],"picked":"SKIP","floor":44.0},{"not_picked":["Bludgeon","Body Slam"],"picked":"Spot Weakness","floor":45},{"not_picked":["Thunderclap","Uppercut","Immolate"],"picked":"SKIP","floor":48}],"player_experience":930011,"relics_obtained":[{"floor":9.0,"key":"Pocketwatch"},{"floor":12.0,"key":"Potion Belt"},{"floor":14.0,"key":"Whetstone"},{"floor":24.0,"key":"Orichalcum"},{"floor":26.0,"key":"Dead Branch"},{"floor":28.0,"key":"Bronze Scales"},{"floor":40.0,"key":"Omamori"},{"floor":43.0,"key":"Paper Frog"},{"floor":45,"key":"Lantern"},{"floor":48,"key":"Ancient Tea Set"}],"event_choices":[{"damage_healed":0.0,"max_hp_gain":0.0,"max_hp_loss":0.0,"gold_gain":0.0,"event_name":"Accursed Blacksmith","player_choice":"Rummage","floor":3.0,"gold_loss":0.0,"damage_taken":0.0,"relics_obtained":["WarpedTongs"],"cards_obtained":["Pain"]},{"damage_healed":0.0,"max_hp_gain":0.0,"max_hp_loss":0.0,"gold_gain":0.0,"event_name":"WeMeetAgain","player_choice":"Gave Potion","floor":8.0,"gold_loss":0.0,"damage_taken":0.0,"relics_obtained":["Magic Flower"]},{"damage_healed":0.0,"max_hp_gain":0.0,"max_hp_loss":0.0,"gold_gain":0.0,"event_name":"Drug Dealer","player_choice":"Obtain J.A.X.","floor":29.0,"gold_loss":0.0,"damage_taken":0.0,"cards_obtained":["J.A.X."]},{"cards_removed":["Defend_R"],"damage_healed":0.0,"max_hp_gain":0.0,"max_hp_loss":0.0,"gold_gain":0.0,"event_name":"Falling","player_choice":"Removed Skill","floor":37.0,"gold_loss":0.0,"damage_taken":0.0},{"damage_healed":61,"gold_gain":0,"player_choice":"Heal","damage_taken":0,"max_hp_gain":0,"max_hp_loss":14,"event_name":"The Moai Head","floor":46,"gold_loss":0},{"damage_healed":0,"gold_gain":0,"player_choice":"Trade","damage_taken":0,"relics_obtained":["GremlinMask"],"max_hp_gain":0,"max_hp_loss":0,"event_name":"FaceTrader","floor":47,"gold_loss":0}],"is_beta":false,"boss_relics":[{"not_picked":["Snecko Eye","Pandora\u0027s Box"],"picked":"Ectoplasm"},{"not_picked":["Astrolabe","White Beast Statue"],"picked":"Eternal Feather"}],"items_purged_floors":[4],"is_endless":false,"potions_floor_spawned":[7,10,14,16,20,24,27,31,33,38,39,40,45],"ascension_level":18}