{"gold_per_floor":[110,125,27,41,41,72,91,122,122,122,140,206,381,396,396,493,493,482,499,48,48,61,95,121,121,148,29,60,60,60,89,89,184,184,194,210,285,43,43,77,88,88],"floor_reached":42,"playtime":2586,"items_purged":["Writhe","Doubt","Strike_G+1"],"score":618,"play_id":"994d2690-3b15-4a9a-b534-6e7b7b1dd5a7","local_time":"20190717122310","is_ascension_mode":true,"campfire_choices":[{"floor":10,"key":"REST"},{"data":"Malaise","floor":15,"key":"SMITH"},{"data":"Noxious Fumes","floor":29,"key":"SMITH"},{"floor":32,"key":"REST"}],"neow_cost":"CURSE","seed_source_timestamp":55700287216400,"circlet_count":0,"master_deck":["Strike_G+1","Strike_G+1","Strike_G+1","Strike_G+1","Defend_G+1","Defend_G+1","Defend_G+1","Defend_G+1","Defend_G+1","Survivor","Neutralize","Malaise+1","Backstab","All Out Attack","Backflip+1","Backflip","Backstab","Quick Slash+1","Well Laid Plans","Glass Knife+1","Night Terror","Leg Sweep+1","Noxious Fumes+1","Master of Strategy","Die Die Die","Dash","Noxious Fumes+1","Footwork","Wraith Form v2","Caltrops","Writhe"],"relics":["Ring of the Snake","Bag of Marbles","Singing Bowl","The Courier","Sozu","Darkstone Periapt","Oddly Smooth Stone","Whetstone","Juzu Bracelet","War Paint","Blood Vial","Bronze Scales","Eternal Feather","Anchor","Blue Candle"],"potions_floor_usage":[1,16,16],"damage_taken":[{"damage":5,"enemies":"Small Slimes","floor":1,"turns":5},{"damage":7,"enemies":"Jaw Worm","floor":2,"turns":7},{"damage":0,"enemies":"2 Louse","floor":4,"turns":2},{"damage":28,"enemies":"Gremlin Nob","floor":6,"turns":6},{"damage":2,"enemies":"Gremlin Gang","floor":7,"turns":2},{"damage":26,"enemies":"Lagavulin","floor":8,"turns":6},{"damage":0,"enemies":"3 Louse","floor":11,"turns":1},{"damage":0,"enemies":"Looter","floor":14,"turns":1},{"damage":27,"enemies":"The Guardian","floor":16,"turns":18},{"damage":3,"enemies":"2 Thieves","floor":18,"turns":4},{"damage":5,"enemies":"Shell Parasite","floor":19,"turns":5},{"damage":0,"enemies":"3 Cultists","floor":22,"turns":3},{"damage":8,"enemies":"Gremlin Leader","floor":23,"turns":8},{"damage":28,"enemies":"Slavers","floor":28,"turns":5},{"damage":23,"enemies":"Gremlin Leader","floor":31,"turns":6},{"damage":19,"enemies":"Collector","floor":33,"turns":11},{"damage":24,"enemies":"3 Darklings","floor":35,"turns":4},{"damage":0,"enemies":"3 Shapes","floor":36,"turns":7},{"damage":50,"enemies":"Reptomancer","floor":40,"turns":10},{"damage":6,"enemies":"Jaw Worm Horde","floor":41,"turns":1},{"damage":45,"enemies":"Giant Head","floor":42,"turns":10}],"seed_played":"-8403150029595903537","potions_obtained":[{"floor":1,"key":"Fruit Juice"},{"floor":6,"key":"LiquidBronze"},{"floor":11,"key":"Block Potion"}],"is_trial":false,"path_per_floor":["M","M","$","M","$","E","M","E","T","R","M","?","?","M","R","B",null,"M","M","$","?","M","E","T","?","T","$","E","R","?","E","R","B",null,"M","M","?","$","?","E","M","E"],"character_chosen":"THE_SILENT","items_purchased":["Backflip","Noxious Fumes","Master of Strategy","Die Die Die","Dash","War Paint","Caltrops","Anchor"],"campfire_rested":2,"item_purchase_floors":[3,20,20,20,20,27,38,38],"current_hp_per_floor":[70,63,63,63,63,35,33,9,9,32,32,32,32,32,32,5,77,76,71,71,71,73,67,67,67,67,67,41,41,41,20,45,28,85,63,67,59,59,87,41,39,0],"gold":88,"neow_bonus":"THREE_RARE_CARDS","is_prod":false,"is_daily":false,"chose_seed":false,"campfire_upgraded":2,"win_rate":0,"timestamp":1563380590,"path_taken":["M","M","$","M","$","E","M","E","T","R","M","?","?","M","R","BOSS","M","M","$","?","M","E","?","?","T","$","E","R","?","E","R","BOSS","M","M","?","$","?","E","M","E"],"build_version":"2019-07-05","purchased_purges":3,"victory":false,"max_hp_per_floor":[75,75,75,75,75,75,75,77,77,77,77,77,77,77,77,77,77,79,79,79,79,81,83,83,83,83,83,85,85,85,85,85,85,85,87,89,89,89,95,97,99,99],"card_choices":[{"not_picked":["Night Terror","Tools of the Trade"],"picked":"Malaise","floor":0},{"not_picked":["Deadly Poison","All Out Attack"],"picked":"Backstab","floor":1},{"not_picked":["Sucker Punch","Infinite Blades"],"picked":"All Out Attack","floor":2},{"not_picked":["Skewer","Bane"],"picked":"Backflip","floor":4},{"not_picked":["Bouncing Flask","PiercingWail"],"picked":"Backstab","floor":6},{"not_picked":["Outmaneuver","Expertise"],"picked":"Quick Slash","floor":7},{"not_picked":["Dagger Throw","Prepared","Backflip"],"picked":"Singing Bowl","floor":8},{"not_picked":["Bane","Flechettes"],"picked":"Well Laid Plans","floor":11},{"not_picked":["Acrobatics","Quick Slash"],"picked":"Glass Knife","floor":14},{"not_picked":["Unload","Glass Knife"],"picked":"Night Terror","floor":16},{"not_picked":["Backflip","Skewer","Dodge and Roll"],"picked":"Singing Bowl","floor":18},{"not_picked":["Dagger Spray","Choke"],"picked":"Leg Sweep","floor":19},{"not_picked":["Masterful Stab+1","Cloak And Dagger","Sucker Punch+1"],"picked":"Singing Bowl","floor":22},{"not_picked":["Phantasmal Killer","Blade Dance","Well Laid Plans"],"picked":"Singing Bowl","floor":23},{"not_picked":["Dagger Throw","Poisoned Stab","Well Laid Plans"],"picked":"Singing Bowl","floor":28},{"not_picked":["Deadly Poison","Flying Knee"],"picked":"Footwork","floor":31},{"not_picked":["A Thousand Cuts","Grand Finale"],"picked":"Wraith Form v2","floor":33},{"not_picked":["Deadly Poison+1","Blade Dance+1","Leg Sweep"],"picked":"Singing Bowl","floor":35},{"not_picked":["Bane","Dagger Spray","Outmaneuver"],"picked":"Singing Bowl","floor":36},{"not_picked":["Poisoned Stab+1","Prepared+1","Sucker Punch"],"picked":"Singing Bowl","floor":40},{"not_picked":["Outmaneuver+1","Accuracy","Slice"],"picked":"Singing Bowl","floor":41}],"player_experience":381210,"relics_obtained":[{"floor":6,"key":"Bag of Marbles"},{"floor":8,"key":"Singing Bowl"},{"floor":9,"key":"The Courier"},{"floor":23,"key":"Oddly Smooth Stone"},{"floor":24,"key":"Whetstone"},{"floor":26,"key":"Juzu Bracelet"},{"floor":28,"key":"Blood Vial"},{"floor":31,"key":"Bronze Scales"},{"floor":40,"key":"Blue Candle"}],"event_choices":[{"damage_healed":0,"gold_gain":66,"player_choice":"Gained Gold","damage_taken":0,"max_hp_gain":0,"max_hp_loss":0,"event_name":"Golden Wing","floor":12,"gold_loss":0},{"damage_healed":0,"gold_gain":175,"player_choice":"AGREE","damage_taken":0,"max_hp_gain":0,"max_hp_loss":0,"event_name":"Liars Game","floor":13,"gold_loss":0,"cards_obtained":["Doubt"]},{"damage_healed":0,"gold_gain":0,"player_choice":"Opened","damage_taken":0,"relics_obtained":["Darkstone Periapt"],"max_hp_gain":0,"max_hp_loss":0,"event_name":"The Mausoleum","floor":21,"gold_loss":0},{"damage_healed":0,"gold_gain":0,"player_choice":"Simplicity","damage_taken":0,"max_hp_gain":0,"max_hp_loss":0,"event_name":"Back to Basics","floor":25,"gold_loss":0,"cards_upgraded":["Strike_G","Strike_G","Strike_G","Strike_G","Strike_G","Defend_G","Defend_G","Defend_G","Defend_G","Defend_G"]},{"damage_healed":0,"gold_gain":0,"player_choice":"Copied","damage_taken":0,"max_hp_gain":0,"max_hp_loss":0,"event_name":"Duplicator","floor":30,"gold_loss":0,"cards_obtained":["Noxious Fumes"]},{"damage_healed":0,"gold_gain":75,"player_choice":"Touch","damage_taken":8,"max_hp_gain":0,"max_hp_loss":0,"event_name":"FaceTrader","floor":37,"gold_loss":0},{"damage_healed":22,"gold_gain":0,"player_choice":"Writhe","damage_taken":0,"max_hp_gain":0,"max_hp_loss":0,"event_name":"Winding Halls","floor":39,"gold_loss":0,"cards_obtained":["Writhe"]}],"is_beta":false,"boss_relics":[{"not_picked":["HoveringKite","Snecko Eye"],"picked":"Sozu"},{"not_picked":["White Beast Statue","Tiny House"],"picked":"Eternal Feather"}],"items_purged_floors":[3,20,38],"is_endless":false,"potions_floor_spawned":[1,6,11,19,23,33,41],"killed_by":"Giant Head","ascension_level":4}