{"gold_per_floor":[115,40,40,40,4,4,37,47,72,72,72,88,58,85,85,159,159,178,178,198,55,75,75,0,25,106,106,116,116,116,130,130,206,206,218,218,218,218,236,267,267,296,296,306,336,336],"floor_reached":46,"playtime":2009,"items_purged":["Strike_R"],"score":1044,"play_id":"43edc27b-6658-46f6-823a-a358b2231833","local_time":"20190823002437","is_ascension_mode":true,"campfire_choices":[{"data":"Bash","floor":6.0,"key":"SMITH"},{"data":"Feel No Pain","floor":10.0,"key":"SMITH"},{"data":"Spot Weakness","floor":15.0,"key":"SMITH"},{"data":"True Grit","floor":23.0,"key":"SMITH"},{"data":"Armaments","floor":27.0,"key":"SMITH"},{"data":"Iron Wave","floor":30.0,"key":"SMITH"},{"data":"Shockwave","floor":32.0,"key":"SMITH"},{"data":"Demon Form","floor":41.0,"key":"SMITH"}],"neow_cost":"NONE","seed_source_timestamp":278860577989000,"circlet_count":0,"master_deck":["AscendersBane","Strike_R","Strike_R","Defend_R","Defend_R","Defend_R","Defend_R","Bash+1","Spot Weakness+1","Feel No Pain+1","Cleave","Shrug It Off","True Grit+1","Iron Wave+1","Reaper","Armaments+1","Necronomicurse","Thunderclap","Feed","Shockwave+1","Evolve","True Grit+1","Demon Form+1","Clothesline+1","Panache","Blind","Bandage Up","Heavy Blade+1","Armaments+1"],"special_seed":0,"relics":["Burning Blood","NeowsBlessing","Dream Catcher","Ginger","Centennial Puzzle","Champion Belt","Sozu","Necronomicon","Strawberry","Pear","Coffee Dripper","Meat on the Bone","Dodecahedron","Incense Burner","Calipers","StoneCalendar"],"potions_floor_usage":[],"damage_taken":[{"damage":0.0,"enemies":"2 Louse","floor":1.0,"turns":1.0},{"damage":0.0,"enemies":"Lagavulin","floor":7.0,"turns":1.0},{"damage":0.0,"enemies":"Small Slimes","floor":8.0,"turns":1.0},{"damage":7.0,"enemies":"Jaw Worm","floor":12.0,"turns":3.0},{"damage":7.0,"enemies":"Looter","floor":13.0,"turns":4.0},{"damage":11.0,"enemies":"3 Sentries","floor":14.0,"turns":10.0},{"damage":58.0,"enemies":"Slime Boss","floor":16.0,"turns":11.0},{"damage":3.0,"enemies":"Chosen","floor":18.0,"turns":8.0},{"damage":7.0,"enemies":"Shell Parasite","floor":20.0,"turns":6.0},{"damage":21.0,"enemies":"Snake Plant","floor":22.0,"turns":6.0},{"damage":32.0,"enemies":"Book of Stabbing","floor":25.0,"turns":7.0},{"damage":12.0,"enemies":"Shelled Parasite and Fungi","floor":28.0,"turns":4.0},{"damage":23.0,"enemies":"3 Cultists","floor":31.0,"turns":5.0},{"damage":94.0,"enemies":"Champ","floor":33.0,"turns":15.0},{"damage":3.0,"enemies":"Orb Walker","floor":35.0,"turns":4.0},{"damage":0.0,"enemies":"3 Shapes","floor":39.0,"turns":7.0},{"damage":83.0,"enemies":"Giant Head","floor":40.0,"turns":10.0},{"damage":82.0,"enemies":"Reptomancer","floor":42.0,"turns":9.0},{"damage":59.0,"enemies":"Transient","floor":44.0,"turns":5.0},{"damage":59.0,"enemies":"Giant Head","floor":45.0,"turns":9.0},{"damage":30,"enemies":"Jaw Worm Horde","floor":46,"turns":3}],"seed_played":"-1373994047218287297","potions_obtained":[{"floor":1.0,"key":"BloodPotion"},{"floor":7.0,"key":"Block Potion"}],"is_trial":false,"path_per_floor":["M","?","?","?","$","R","E","M","T","R","?","M","M","E","R","B",null,"M","?","M","$","M","R","$","E","T","R","M","?","R","M","R","B",null,"M","T","?","?","M","E","R","E","T","M","E","M"],"character_chosen":"IRONCLAD","items_purchased":["Feel No Pain","Feed"],"campfire_rested":0,"item_purchase_floors":[5,21],"current_hp_per_floor":[74,74,48,41,41,41,47,53,53,53,53,52,51,46,46,12,59,74,53,52,52,49,49,49,54,64,64,76,76,76,94,94,38,85,88,88,78,78,99,69,69,65,65,58,21,0],"gold":336,"neow_bonus":"THREE_ENEMY_KILL","is_prod":false,"is_daily":false,"chose_seed":false,"campfire_upgraded":8,"win_rate":0,"timestamp":1566534277,"path_taken":["M","?","?","?","$","R","E","M","T","R","?","M","M","E","R","BOSS","M","?","M","$","M","R","$","E","T","R","M","?","R","M","R","BOSS","M","?","?","?","M","E","R","E","T","?","E","M"],"build_version":"2019-07-17","purchased_purges":1,"victory":false,"max_hp_per_floor":[75,75,75,75,75,75,75,75,75,75,75,75,75,75,75,75,75,75,75,75,75,78,78,78,85,95,95,95,95,95,98,98,101,101,101,101,101,96,99,102,102,102,102,102,102,102],"card_choices":[{"not_picked":["Rage","Power Through"],"picked":"Spot Weakness","floor":1.0},{"not_picked":["Metallicize","Heavy Blade"],"picked":"Cleave","floor":7.0},{"not_picked":["Feel No Pain","Dual Wield"],"picked":"Shrug It Off","floor":8.0},{"not_picked":["Dual Wield","Clothesline"],"picked":"True Grit","floor":12.0},{"not_picked":["Headbutt","Blood for Blood","Intimidate"],"picked":"SKIP","floor":13.0},{"not_picked":["Double Tap","Spot Weakness"],"picked":"Iron Wave","floor":14.0},{"not_picked":["Barricade","Offering"],"picked":"Reaper","floor":16.0},{"not_picked":["Power Through","Clothesline"],"picked":"Armaments","floor":18.0},{"not_picked":["Havoc","Entrench"],"picked":"Thunderclap","floor":20.0},{"not_picked":["Blood for Blood+1","Cleave","Heavy Blade"],"picked":"SKIP","floor":22.0},{"not_picked":["Anger","Berserk"],"picked":"Shockwave","floor":25.0},{"not_picked":["Warcry+1","Iron Wave+1"],"picked":"Evolve","floor":28.0},{"not_picked":["Dual Wield","Twin Strike","Ghostly Armor"],"picked":"SKIP","floor":31.0},{"not_picked":["Barricade","Reaper"],"picked":"Demon Form","floor":33.0},{"not_picked":["Sword Boomerang+1","Blood for Blood+1"],"picked":"Clothesline+1","floor":35.0},{"not_picked":["Violence","Dramatic Entrance"],"picked":"Panache","floor":37.0},{"not_picked":["Madness","Swift Strike"],"picked":"Blind","floor":37.0},{"not_picked":["Trip","Madness"],"picked":"Bandage Up","floor":37.0},{"not_picked":["Pommel Strike","Havoc","Iron Wave+1"],"picked":"SKIP","floor":39.0},{"not_picked":["Hemokinesis+1","Wild Strike"],"picked":"Heavy Blade+1","floor":40.0},{"not_picked":["Spot Weakness","Anger+1"],"picked":"Armaments+1","floor":42.0},{"not_picked":["Bloodletting+1","Iron Wave","Carnage+1"],"picked":"SKIP","floor":44.0},{"not_picked":["Dual Wield","Spot Weakness","Clash"],"picked":"SKIP","floor":45.0}],"player_experience":891510,"relics_obtained":[{"floor":7.0,"key":"Ginger"},{"floor":9.0,"key":"Centennial Puzzle"},{"floor":14.0,"key":"Champion Belt"},{"floor":19.0,"key":"Necronomicon"},{"floor":25.0,"key":"Strawberry"},{"floor":26.0,"key":"Pear"},{"floor":36.0,"key":"Meat on the Bone"},{"floor":40.0,"key":"Dodecahedron"},{"floor":42.0,"key":"Incense Burner"},{"floor":43.0,"key":"Calipers"},{"floor":45.0,"key":"StoneCalendar"}],"event_choices":[{"cards_removed":["Strike_R"],"damage_healed":0.0,"max_hp_gain":0.0,"max_hp_loss":0.0,"gold_gain":0.0,"event_name":"The Cleric","player_choice":"Card Removal","floor":2.0,"gold_loss":75.0,"damage_taken":0.0},{"damage_healed":0.0,"max_hp_gain":0.0,"max_hp_loss":0.0,"gold_gain":0.0,"event_name":"Scrap Ooze","player_choice":"Success","floor":3.0,"gold_loss":0.0,"damage_taken":26.0,"relics_obtained":["Dream Catcher"]},{"cards_removed":["Strike_R"],"damage_healed":0.0,"max_hp_gain":0.0,"max_hp_loss":0.0,"gold_gain":0.0,"event_name":"Golden Wing","player_choice":"Card Removal","floor":4.0,"gold_loss":0.0,"damage_taken":7.0},{"damage_healed":0.0,"max_hp_gain":0.0,"max_hp_loss":0.0,"gold_gain":0.0,"event_name":"Liars Game","player_choice":"Ignored","floor":11.0,"gold_loss":0.0,"damage_taken":0.0},{"damage_healed":0.0,"max_hp_gain":0.0,"max_hp_loss":0.0,"gold_gain":0.0,"event_name":"Cursed Tome","player_choice":"Obtained Book","floor":19.0,"gold_loss":0.0,"damage_taken":21.0},{"damage_healed":0.0,"max_hp_gain":0.0,"max_hp_loss":0.0,"gold_gain":0.0,"event_name":"Duplicator","player_choice":"Copied","floor":29.0,"gold_loss":0.0,"damage_taken":0.0,"cards_obtained":["True Grit"]},{"damage_healed":0.0,"max_hp_gain":0.0,"max_hp_loss":0.0,"gold_gain":0.0,"event_name":"SensoryStone","player_choice":"Memory 3","floor":37.0,"gold_loss":0.0,"damage_taken":10.0},{"damage_healed":0.0,"max_hp_gain":0.0,"max_hp_loss":5.0,"gold_gain":0.0,"event_name":"Winding Halls","player_choice":"Max HP","floor":38.0,"gold_loss":0.0,"damage_taken":0.0}],"is_beta":false,"boss_relics":[{"not_picked":["Calling Bell","Runic Dome"],"picked":"Sozu"},{"not_picked":["Mark of Pain","Runic Pyramid"],"picked":"Coffee Dripper"}],"items_purged_floors":[24],"is_endless":false,"potions_floor_spawned":[1,7,14,22,25,28,33,40,42,45],"killed_by":"Jaw Worm Horde","ascension_level":15}