{"gold_per_floor":[119,45,45,62,81,81,93,124,124,157,157,157,82,95,95,95],"floor_reached":16,"playtime":488,"items_purged":["Strike_R"],"score":209,"play_id":"0b5ce10c-aa01-4f33-a1b5-cb4b95da9333","local_time":"20190828215405","is_ascension_mode":true,"campfire_choices":[{"data":"Bash","floor":6.0,"key":"SMITH"},{"data":"Combust","floor":11,"key":"SMITH"},{"data":"Clothesline","floor":15,"key":"SMITH"}],"neow_cost":"CURSE","seed_source_timestamp":3275957433800,"circlet_count":0,"master_deck":["AscendersBane","Strike_R","Strike_R","Strike_R","Strike_R","Defend_R","Defend_R","Defend_R","Defend_R","Bash+1","Parasite","Shrug It Off","Battle Trance","Thunderclap","Clothesline+1","Combust+1","Hemokinesis","Parasite","Cleave"],"special_seed":0,"relics":["Burning Blood","Du-Vu Doll","Ginger","Calipers"],"potions_floor_usage":[7,14,16],"damage_taken":[{"damage":3.0,"enemies":"2 Louse","floor":1.0,"turns":2.0},{"damage":9.0,"enemies":"Jaw Worm","floor":4.0,"turns":4.0},{"damage":1.0,"enemies":"Cultist","floor":5.0,"turns":3.0},{"damage":21,"enemies":"3 Louse","floor":7,"turns":5},{"damage":26,"enemies":"3 Sentries","floor":8,"turns":6},{"damage":30,"enemies":"Gremlin Nob","floor":10,"turns":4},{"damage":14,"enemies":"Exordium Thugs","floor":14,"turns":4},{"damage":64,"enemies":"Hexaghost","floor":16,"turns":11}],"seed_played":"-8802952740992222261","potions_obtained":[{"floor":1.0,"key":"GamblersBrew"},{"floor":7,"key":"SneckoOil"},{"floor":14,"key":"BloodPotion"}],"is_trial":false,"path_per_floor":["M","$","?","M","M","R","M","E","T","E","R","?","$","M","R","B"],"character_chosen":"IRONCLAD","items_purchased":["Battle Trance"],"campfire_rested":0,"item_purchase_floors":[2],"current_hp_per_floor":[85,85,85,82,87,87,72,52,52,28,28,50,50,42,42,0],"gold":95,"neow_bonus":"TWENTY_PERCENT_HP_BONUS","is_prod":false,"is_daily":false,"chose_seed":false,"campfire_upgraded":3,"win_rate":0,"timestamp":1567043645,"path_taken":["M","$","?","M","M","R","M","E","T","E","R","?","?","M","R","BOSS"],"build_version":"2019-07-17","purchased_purges":1,"victory":false,"max_hp_per_floor":[89,89,89,89,89,89,89,89,89,89,89,89,89,89,89,89],"card_choices":[{"not_picked":["True Grit","Flex"],"picked":"Shrug It Off","floor":1.0},{"not_picked":["Sword Boomerang","Dark Embrace"],"picked":"Thunderclap","floor":4.0},{"not_picked":["Shrug It Off","Heavy Blade"],"picked":"Clothesline","floor":5.0},{"not_picked":["Blood for Blood","Heavy Blade"],"picked":"Combust","floor":7},{"not_picked":["Entrench","Dark Embrace","Bloodletting"],"picked":"SKIP","floor":8},{"not_picked":["Thunderclap","Warcry"],"picked":"Hemokinesis","floor":10},{"not_picked":["Rage","Clothesline"],"picked":"Cleave","floor":14}],"player_experience":927497,"relics_obtained":[{"floor":8,"key":"Du-Vu Doll"},{"floor":9,"key":"Ginger"},{"floor":10,"key":"Calipers"}],"event_choices":[{"damage_healed":0.0,"max_hp_gain":0.0,"max_hp_loss":0.0,"gold_gain":0.0,"event_name":"The Cleric","player_choice":"Leave","floor":3.0,"gold_loss":0.0,"damage_taken":0.0},{"damage_healed":22,"gold_gain":0,"player_choice":"Healed and dodged fight","damage_taken":0,"max_hp_gain":0,"max_hp_loss":0,"event_name":"Mushrooms","floor":12,"gold_loss":0,"cards_obtained":["Parasite"]}],"is_beta":false,"boss_relics":[],"items_purged_floors":[13],"is_endless":false,"potions_floor_spawned":[1,7,14],"killed_by":"Hexaghost","ascension_level":18}