{"gold_per_floor":[117,132,152,152,163,163,179,179,179,129,129,163,183,204,204,304,304,304,244,244,244,244,244],"floor_reached":23,"playtime":1044,"items_purged":[],"score":315,"play_id":"8013f0ea-fed9-4887-8812-9bce128a37b9","local_time":"20190726084331","is_ascension_mode":true,"campfire_choices":[{"data":"Go for the Eyes","floor":6,"key":"SMITH"},{"floor":8,"key":"REST"},{"floor":11,"key":"REST"},{"data":"Redo","floor":15,"key":"SMITH"}],"neow_cost":"NONE","seed_source_timestamp":410354907785700,"circlet_count":0,"master_deck":["AscendersBane","Defend_B","Defend_B","Defend_B","Defend_B","Zap+1","Dualcast","Ball Lightning","Leap","Compile Driver","Go for the Eyes+1","Conserve Battery","Redo+1","Glacier","All For One","Sweeping Beam+1","Cold Snap","Bite","Bite","Bite","Bite","Bite","Capacitor+1"],"relics":["Cracked Core","Dead Branch","Frozen Egg 2","Happy Flower","Odd Mushroom","Ectoplasm"],"potions_floor_usage":[16,16,23],"damage_taken":[{"damage":1,"enemies":"Cultist","floor":1,"turns":3},{"damage":9,"enemies":"2 Louse","floor":2,"turns":2},{"damage":4,"enemies":"Small Slimes","floor":3,"turns":3},{"damage":4,"enemies":"2 Fungi Beasts","floor":5,"turns":3},{"damage":30,"enemies":"Lots of Slimes","floor":7,"turns":5},{"damage":22,"enemies":"3 Sentries","floor":12,"turns":5},{"damage":1,"enemies":"3 Louse","floor":13,"turns":4},{"damage":16,"enemies":"The Mushroom Lair","floor":14,"turns":4},{"damage":15,"enemies":"Hexaghost","floor":16,"turns":12},{"damage":16,"enemies":"Spheric Guardian","floor":18,"turns":4},{"damage":18,"enemies":"2 Thieves","floor":19,"turns":4},{"damage":18,"enemies":"Snecko","floor":22,"turns":5},{"damage":29,"enemies":"Slavers","floor":23,"turns":4}],"seed_played":"-33303108213522844","potions_obtained":[{"floor":1,"key":"Dexterity Potion"},{"floor":7,"key":"EssenceOfSteel"},{"floor":12,"key":"Regen Potion"},{"floor":14,"key":"Weak Potion"},{"floor":22,"key":"PowerPotion"}],"is_trial":false,"path_per_floor":["M","M","M","T","M","R","M","R","T","?","R","E","M","?","R","B",null,"M","M","?","?","M","E"],"character_chosen":"DEFECT","items_purchased":[],"campfire_rested":2,"item_purchase_floors":[],"current_hp_per_floor":[67,58,54,54,50,50,20,42,42,42,64,42,41,25,25,25,63,47,29,29,29,21,0],"gold":244,"neow_bonus":"UPGRADE_CARD","is_prod":false,"is_daily":false,"chose_seed":false,"campfire_upgraded":2,"win_rate":0,"timestamp":1564145011,"path_taken":["M","?","?","?","M","R","M","R","T","?","R","E","M","?","R","BOSS","M","M","?","?","M","E"],"build_version":"2019-07-17","purchased_purges":0,"victory":false,"max_hp_per_floor":[75,75,75,75,75,75,75,75,75,75,75,75,75,75,75,75,75,75,75,52,52,52,52],"card_choices":[{"not_picked":["Consume","Gash"],"picked":"Ball Lightning","floor":1},{"not_picked":["Steam","Static Discharge"],"picked":"Leap","floor":2},{"not_picked":["Chaos","Barrage"],"picked":"Compile Driver","floor":3},{"not_picked":["Barrage","Ball Lightning"],"picked":"Go for the Eyes","floor":5},{"not_picked":["Double Energy","Compile Driver"],"picked":"Conserve Battery","floor":7},{"not_picked":["Conserve Battery","Stack"],"picked":"Redo","floor":12},{"not_picked":["Ball Lightning","Aggregate","Chill"],"picked":"SKIP","floor":13},{"not_picked":["Ball Lightning","Rebound"],"picked":"Glacier","floor":14},{"not_picked":["Thunder Strike","Reboot"],"picked":"All For One","floor":16},{"not_picked":["Ball Lightning","Barrage+1"],"picked":"Sweeping Beam+1","floor":18},{"not_picked":["Rebound+1","Scrape+1"],"picked":"Cold Snap","floor":19},{"not_picked":["Sweeping Beam+1","Beam Cell"],"picked":"Capacitor+1","floor":22}],"player_experience":518972,"relics_obtained":[{"floor":4,"key":"Dead Branch"},{"floor":9,"key":"Frozen Egg 2"},{"floor":12,"key":"Happy Flower"},{"floor":14,"key":"Odd Mushroom"}],"event_choices":[{"cards_removed":["Strike_B"],"damage_healed":0,"gold_gain":0,"player_choice":"Card Removal","damage_taken":0,"max_hp_gain":0,"max_hp_loss":0,"event_name":"The Cleric","floor":10,"gold_loss":50},{"damage_healed":0,"gold_gain":0,"player_choice":"Fought Mushrooms","damage_taken":0,"max_hp_gain":0,"max_hp_loss":0,"event_name":"Mushrooms","floor":14,"gold_loss":0},{"damage_healed":0,"gold_gain":0,"player_choice":"Became a vampire","damage_taken":0,"max_hp_gain":0,"max_hp_loss":23,"event_name":"Vampires","floor":20,"gold_loss":0,"cards_obtained":["Bite","Bite","Bite","Bite","Bite"]},{"damage_healed":0,"gold_gain":99,"player_choice":"Stole From Cult","damage_taken":0,"max_hp_gain":0,"max_hp_loss":0,"event_name":"Nest","floor":21,"gold_loss":0}],"is_beta":false,"boss_relics":[{"not_picked":["Pandora\u0027s Box","Runic Pyramid"],"picked":"Ectoplasm"}],"items_purged_floors":[],"is_endless":false,"potions_floor_spawned":[1,7,12,14,22],"killed_by":"Slavers","ascension_level":10}