{"gold_per_floor":[116,66,66,82,82,107,107,135,135,147,147,166,177,197,197,298,298,315,328,346,359,377,412,412,42,68,80,80],"floor_reached":28,"playtime":2512,"items_purged":["Strike_B"],"score":279,"play_id":"f4912da6-c1aa-44ef-98d0-2a9a30361fc1","local_time":"20191006131758","is_ascension_mode":true,"campfire_choices":[{"data":"Conserve Battery","floor":7,"key":"SMITH"},{"data":"Zap","floor":11,"key":"SMITH"},{"data":"Stack","floor":15,"key":"SMITH"},{"data":"Stack","floor":24,"key":"SMITH"}],"neow_cost":"NONE","seed_source_timestamp":127254065813300,"circlet_count":0,"master_deck":["Strike_B","Strike_B+1","Defend_B","Defend_B","Defend_B","Defend_B","Zap+1","Dualcast+1","Ball Lightning","Conserve Battery+1","Cold Snap","Rip and Tear+1","Streamline+1","Stack+1","Doom and Gloom+1","Ball Lightning+1","Go for the Eyes+1","Cold Snap+1","Cold Snap+1","Stack+1","Compile Driver+1","Normality","Stack+1"],"relics":["Cracked Core","Frozen Egg 2","Pantograph","Molten Egg 2","Darkstone Periapt","Cursed Key","Dodecahedron","Toxic Egg 2","Centennial Puzzle"],"potions_floor_usage":[6,12,14,14,20,21,22,22,22,23,23,27],"damage_taken":[{"damage":1,"enemies":"2 Louse","floor":1,"turns":2},{"damage":0,"enemies":"Small Slimes","floor":4,"turns":2},{"damage":10,"enemies":"3 Sentries","floor":6,"turns":6},{"damage":21,"enemies":"Gremlin Nob","floor":8,"turns":4},{"damage":0,"enemies":"Cultist","floor":10,"turns":2},{"damage":1,"enemies":"Blue Slaver","floor":12,"turns":3},{"damage":0,"enemies":"3 Louse","floor":13,"turns":2},{"damage":0,"enemies":"Exordium Thugs","floor":14,"turns":3},{"damage":31,"enemies":"Hexaghost","floor":16,"turns":8},{"damage":6,"enemies":"Spheric Guardian","floor":18,"turns":3},{"damage":0,"enemies":"Chosen","floor":19,"turns":3},{"damage":23,"enemies":"Centurion and Healer","floor":20,"turns":3},{"damage":9,"enemies":"Shelled Parasite and Fungi","floor":21,"turns":4},{"damage":0,"enemies":"3 Cultists","floor":22,"turns":4},{"damage":4,"enemies":"Book of Stabbing","floor":23,"turns":5},{"damage":17,"enemies":"Snake Plant","floor":27,"turns":3},{"damage":29,"enemies":"Shelled Parasite and Fungi","floor":28,"turns":3}],"seed_played":"-5062471940003100746","potions_obtained":[{"floor":4,"key":"GamblersBrew"},{"floor":8,"key":"Regen Potion"},{"floor":10,"key":"Explosive Potion"},{"floor":12,"key":"EssenceOfSteel"},{"floor":16,"key":"Strength Potion"},{"floor":18,"key":"AttackPotion"},{"floor":19,"key":"EntropicBrew"},{"floor":20,"key":"SkillPotion"}],"is_trial":false,"path_per_floor":["M","?","?","M","?","E","R","E","T","M","R","M","M","M","R","B",null,"M","M","M","M","M","E","R","$","T","M","M"],"character_chosen":"DEFECT","items_purchased":["Toxic Egg 2","SkillPotion"],"campfire_rested":0,"item_purchase_floors":[25,25],"current_hp_per_floor":[81,81,65,65,65,55,55,34,34,34,34,42,42,42,42,36,82,76,76,53,44,44,40,40,40,46,29,0],"gold":80,"neow_bonus":"TEN_PERCENT_HP_BONUS","is_prod":false,"is_daily":false,"chose_seed":false,"campfire_upgraded":4,"win_rate":0,"timestamp":1570382278,"path_taken":["M","?","?","M","?","E","R","E","T","M","R","?","M","M","R","BOSS","M","M","M","M","M","E","R","$","T","M","M"],"build_version":"2019-07-17","purchased_purges":1,"victory":false,"max_hp_per_floor":[82,82,82,82,82,82,82,82,82,82,82,82,82,82,82,82,82,82,82,82,82,82,82,82,82,88,88,88],"card_choices":[{"not_picked":["Coolheaded","Barrage"],"picked":"Ball Lightning","floor":1},{"not_picked":["Melter","Undo"],"picked":"Conserve Battery","floor":4},{"not_picked":["Sweeping Beam","Hologram"],"picked":"Cold Snap","floor":6},{"not_picked":["Skim","Hello World+1"],"picked":"Rip and Tear","floor":8},{"not_picked":["White Noise","Doom and Gloom+1"],"picked":"Streamline+1","floor":10},{"not_picked":["Sunder+1","Redo","Barrage+1"],"picked":"SKIP","floor":12},{"not_picked":["Hologram","Steam"],"picked":"Stack","floor":13},{"not_picked":["Aggregate","Reprogram"],"picked":"Doom and Gloom+1","floor":14},{"not_picked":["Streamline+1","Hologram"],"picked":"Ball Lightning+1","floor":18},{"not_picked":["Rebound+1","Streamline+1"],"picked":"Go for the Eyes+1","floor":19},{"not_picked":["Undo","Multi-Cast"],"picked":"Cold Snap+1","floor":20},{"not_picked":["Hologram+1","Turbo"],"picked":"Cold Snap+1","floor":21},{"not_picked":["Auto Shields","White Noise"],"picked":"Stack","floor":22},{"not_picked":["Barrage+1","Rip and Tear+1"],"picked":"Compile Driver+1","floor":23},{"not_picked":["Skim+1","Chill+1"],"picked":"Stack+1","floor":27}],"player_experience":94743,"relics_obtained":[{"floor":5,"key":"Frozen Egg 2"},{"floor":6,"key":"Pantograph"},{"floor":8,"key":"Molten Egg 2"},{"floor":9,"key":"Darkstone Periapt"},{"floor":23,"key":"Dodecahedron"},{"floor":26,"key":"Centennial Puzzle"}],"event_choices":[{"cards_removed":["Strike_B"],"damage_healed":0,"gold_gain":0,"player_choice":"Card Removal","damage_taken":0,"max_hp_gain":0,"max_hp_loss":0,"event_name":"The Cleric","floor":2,"gold_loss":50},{"damage_healed":0,"gold_gain":0,"player_choice":"Entered Light","damage_taken":16,"max_hp_gain":0,"max_hp_loss":0,"event_name":"Shining Light","floor":3,"gold_loss":0,"cards_upgraded":["Strike_B","Dualcast"]},{"damage_healed":0,"gold_gain":0,"player_choice":"Relic","damage_taken":0,"max_hp_gain":0,"max_hp_loss":0,"event_name":"Wheel of Change","floor":5,"gold_loss":0}],"is_beta":false,"boss_relics":[{"not_picked":["FrozenCore","Orrery"],"picked":"Cursed Key"}],"items_purged_floors":[25],"is_endless":false,"potions_floor_spawned":[4,8,10,12,16,18,19,20],"killed_by":"Shelled Parasite and Fungi","ascension_level":2}