{"gold_per_floor":[118,130,130,9,21,50,50,75,75,75,75],"floor_reached":11,"playtime":418,"items_purged":["Strike_B"],"score":117,"play_id":"151eba9a-5ec4-4d79-b1f7-6d8c6ddfe086","local_time":"20190724225533","is_ascension_mode":true,"campfire_choices":[{"data":"Defragment","floor":10,"key":"SMITH"}],"neow_cost":"TEN_PERCENT_HP_LOSS","seed_source_timestamp":289296295700100,"circlet_count":0,"master_deck":["Strike_B","Strike_B","Defend_B","Defend_B","Defend_B","Zap","Dualcast","Leap","Redo","Cold Snap","Defragment+1","Machine Learning","Coolheaded"],"relics":["Cracked Core","CultistMask","Art of War","Thread and Needle","The Courier"],"potions_floor_usage":[11,11],"damage_taken":[{"damage":2,"enemies":"Jaw Worm","floor":1,"turns":3},{"damage":1,"enemies":"Cultist","floor":2,"turns":3},{"damage":0,"enemies":"2 Louse","floor":5,"turns":2},{"damage":25,"enemies":"Lagavulin","floor":6,"turns":7},{"damage":15,"enemies":"3 Sentries","floor":8,"turns":8},{"damage":27,"enemies":"Gremlin Gang","floor":11,"turns":3}],"seed_played":"-1822807954438385298","potions_obtained":[{"floor":1,"key":"AttackPotion"},{"floor":5,"key":"Fire Potion"},{"floor":8,"key":"SpeedPotion"}],"is_trial":false,"path_per_floor":["M","M","?","$","M","E","?","E","T","R","M"],"character_chosen":"DEFECT","items_purchased":["Cold Snap"],"campfire_rested":0,"item_purchase_floors":[4],"current_hp_per_floor":[66,65,65,65,65,40,40,25,25,25,0],"gold":75,"neow_bonus":"REMOVE_TWO","is_prod":false,"is_daily":false,"chose_seed":false,"campfire_upgraded":1,"win_rate":0,"timestamp":1564023333,"path_taken":["M","M","?","$","?","E","?","E","T","R","?"],"build_version":"2019-07-17","purchased_purges":1,"victory":false,"max_hp_per_floor":[68,68,68,68,68,68,68,68,68,68,68],"card_choices":[{"not_picked":["White Noise","Tempest"],"picked":"Leap","floor":1},{"not_picked":["Steam","Turbo"],"picked":"Redo","floor":2},{"not_picked":["Compile Driver","Coolheaded"],"picked":"Defragment","floor":5},{"not_picked":["Heatsinks","Barrage","Redo"],"picked":"SKIP","floor":6},{"not_picked":["Hello World","Scrape"],"picked":"Coolheaded","floor":8}],"player_experience":504618,"relics_obtained":[{"floor":6,"key":"Art of War"},{"floor":8,"key":"Thread and Needle"},{"floor":9,"key":"The Courier"}],"event_choices":[{"damage_healed":0,"gold_gain":0,"player_choice":"Trade","damage_taken":0,"relics_obtained":["CultistMask"],"max_hp_gain":0,"max_hp_loss":0,"event_name":"FaceTrader","floor":3,"gold_loss":0},{"damage_healed":0,"gold_gain":0,"player_choice":"1 cards matched","damage_taken":0,"max_hp_gain":0,"max_hp_loss":0,"event_name":"Match and Keep!","floor":7,"gold_loss":0,"cards_obtained":["Machine Learning"]}],"is_beta":false,"boss_relics":[],"items_purged_floors":[4],"is_endless":false,"potions_floor_spawned":[1,5,8],"killed_by":"Gremlin Gang","ascension_level":9}