{"gold_per_floor":[111,123,141,161,161,194,194,207,230,240,250,267,282,181,181,277,277,294,347,367,67,67,93,117,129,141,153,165,187,37,49,49,49],"floor_reached":33,"playtime":1424,"items_purged":["Strike_R","Strike_R"],"score":273,"play_id":"1b821111-f6c6-4d50-923e-d7920c24a46d","local_time":"20191023155540","is_ascension_mode":false,"campfire_choices":[{"data":"Sword Boomerang","floor":7,"key":"SMITH"},{"data":"Flex","floor":15,"key":"SMITH"},{"floor":25,"key":"REST"},{"data":"Heavy Blade","floor":28,"key":"SMITH"},{"floor":32,"key":"REST"}],"neow_cost":"NONE","seed_source_timestamp":87671210979200,"circlet_count":0,"master_deck":["Strike_R","Strike_R","Strike_R","Defend_R","Defend_R","Defend_R","Defend_R","Bash","Heavy Blade+1","Sword Boomerang+1","Bandage Up","Twin Strike","Shrug It Off","Heavy Blade+1","Flex+1","Flex+1","Flex","Shrug It Off","Seeing Red+1","Limit Break","Clothesline+1"],"relics":["Burning Blood","Sundial","Bronze Scales","White Beast Statue","Oddly Smooth Stone","DollysMirror","MawBank","Blue Candle"],"potions_floor_usage":[6,8,16,20,24,29,31,33,33,33],"damage_taken":[{"damage":9,"enemies":"Small Slimes","floor":1,"turns":5},{"damage":1,"enemies":"Cultist","floor":2,"turns":3},{"damage":12,"enemies":"Jaw Worm","floor":3,"turns":4},{"damage":11,"enemies":"3 Louse","floor":4,"turns":4},{"damage":21,"enemies":"Lagavulin","floor":6,"turns":5},{"damage":23,"enemies":"Exordium Thugs","floor":8,"turns":5},{"damage":3,"enemies":"Red Slaver","floor":10,"turns":4},{"damage":11,"enemies":"Blue Slaver","floor":11,"turns":3},{"damage":8,"enemies":"Lots of Slimes","floor":12,"turns":4},{"damage":5,"enemies":"Red Slaver","floor":13,"turns":3},{"damage":47,"enemies":"Hexaghost","floor":16,"turns":6},{"damage":21,"enemies":"Shell Parasite","floor":18,"turns":8},{"damage":27,"enemies":"2 Thieves","floor":20,"turns":4},{"damage":39,"enemies":"Book of Stabbing","floor":23,"turns":4},{"damage":22,"enemies":"Shelled Parasite and Fungi","floor":24,"turns":4},{"damage":16,"enemies":"Snake Plant","floor":29,"turns":2},{"damage":10,"enemies":"Centurion and Healer","floor":31,"turns":6},{"damage":83,"enemies":"Champ","floor":33,"turns":14}],"seed_played":"6512086873781323692","potions_obtained":[{"floor":2,"key":"SteroidPotion"},{"floor":4,"key":"PowerPotion"},{"floor":10,"key":"SpeedPotion"},{"floor":11,"key":"Strength Potion"},{"floor":16,"key":"Dexterity Potion"},{"floor":18,"key":"Strength Potion"},{"floor":20,"key":"SpeedPotion"},{"floor":24,"key":"SteroidPotion"},{"floor":29,"key":"FearPotion"},{"floor":31,"key":"Weak Potion"}],"is_trial":false,"path_per_floor":["M","M","M","M","?","E","R","M","T","M","M","M","M","$","R","B",null,"M","T","M","$","?","E","M","R","T","?","R","M","$","M","R","B"],"character_chosen":"IRONCLAD","items_purchased":["Flex","DollysMirror","Limit Break"],"campfire_rested":2,"item_purchase_floors":[14,21,30],"current_hp_per_floor":[85,88,82,77,77,66,66,53,53,60,59,61,66,66,66,29,88,73,73,56,56,56,27,15,41,41,41,41,31,31,31,57,0],"gold":49,"neow_bonus":"TEN_PERCENT_HP_BONUS","is_prod":false,"is_daily":false,"chose_seed":false,"campfire_upgraded":3,"win_rate":0,"timestamp":1571860540,"path_taken":["M","M","M","M","?","E","R","M","T","M","M","M","M","$","R","BOSS","M","?","M","$","?","E","M","R","T","?","R","?","?","M","R","BOSS"],"build_version":"2019-07-17","purchased_purges":2,"victory":false,"max_hp_per_floor":[88,88,88,88,88,88,88,88,88,88,88,88,88,88,88,88,88,88,88,88,88,88,88,88,88,88,88,88,88,88,88,88,88],"card_choices":[{"not_picked":["Clothesline","Anger"],"picked":"Heavy Blade","floor":1},{"not_picked":["Anger","Corruption"],"picked":"Sword Boomerang","floor":2},{"not_picked":["Perfected Strike","Body Slam","Bloodletting"],"picked":"SKIP","floor":3},{"not_picked":["Dual Wield","Offering","Sever Soul"],"picked":"SKIP","floor":4},{"not_picked":["Corruption","Cleave"],"picked":"Twin Strike","floor":6},{"not_picked":["Twin Strike","Infernal Blade"],"picked":"Shrug It Off","floor":8},{"not_picked":["Thunderclap","Juggernaut","Body Slam"],"picked":"SKIP","floor":10},{"not_picked":["Seeing Red","Wild Strike","Sentinel"],"picked":"SKIP","floor":11},{"not_picked":["Thunderclap","Body Slam"],"picked":"Heavy Blade","floor":12},{"not_picked":["Pommel Strike","Thunderclap","Anger"],"picked":"SKIP","floor":13},{"not_picked":["Anger","Bloodletting","Warcry"],"picked":"SKIP","floor":18},{"not_picked":["Sentinel+1","Reckless Charge","Havoc+1"],"picked":"SKIP","floor":20},{"not_picked":["Heavy Blade","Body Slam","True Grit"],"picked":"SKIP","floor":23},{"not_picked":["Havoc","Twin Strike"],"picked":"Shrug It Off","floor":24},{"not_picked":["Cleave+1","Shockwave"],"picked":"Seeing Red+1","floor":29},{"not_picked":["Blood for Blood","Spot Weakness"],"picked":"Clothesline+1","floor":31}],"player_experience":183784,"relics_obtained":[{"floor":6,"key":"Sundial"},{"floor":9,"key":"Bronze Scales"},{"floor":19,"key":"Oddly Smooth Stone"},{"floor":23,"key":"MawBank"},{"floor":26,"key":"Blue Candle"}],"event_choices":[{"damage_healed":0,"gold_gain":0,"player_choice":"1 cards matched","damage_taken":0,"max_hp_gain":0,"max_hp_loss":0,"event_name":"Match and Keep!","floor":5,"gold_loss":0,"cards_obtained":["Bandage Up"]},{"damage_healed":0,"gold_gain":0,"player_choice":"Read","damage_taken":0,"max_hp_gain":0,"max_hp_loss":0,"event_name":"The Library","floor":22,"gold_loss":0,"cards_obtained":["Flex"]},{"damage_healed":0,"gold_gain":0,"player_choice":"Upgraded","damage_taken":0,"max_hp_gain":0,"max_hp_loss":0,"event_name":"Upgrade Shrine","floor":27,"gold_loss":0,"cards_upgraded":["Heavy Blade"]}],"is_beta":false,"boss_relics":[{"not_picked":["Fusion Hammer","Runic Cube"],"picked":"White Beast Statue"}],"items_purged_floors":[14,21],"is_endless":false,"potions_floor_spawned":[2,4,10,11,16,18,20,23,24,29,31],"killed_by":"Champ","ascension_level":0}