{"gold_per_floor":[117,131,151,168,184,211,211,211,238,272,272,272,272,290,290,391,391,408,420,433,77,92,92,92,109,109,121,158,170,182,204,216,326,338,362,393,424,75,75,75,89,89,114,114,449,459,459,469,469,469],"floor_reached":51,"playtime":3192,"items_purged":["Strike_R","Writhe"],"score":770,"play_id":"4bb71f97-ab01-463e-889e-b1fecb56fe5f","local_time":"20190920184833","is_ascension_mode":true,"campfire_choices":[{"data":"Searing Blow","floor":7,"key":"SMITH"},{"floor":11,"key":"REST"},{"data":"Searing Blow+1","floor":13,"key":"SMITH"},{"data":"Searing Blow+2","floor":15,"key":"SMITH"},{"data":"Searing Blow+3","floor":23,"key":"SMITH"},{"data":"Searing Blow+4","floor":27,"key":"SMITH"},{"floor":29,"key":"REST"},{"data":"Searing Blow+5","floor":32,"key":"SMITH"},{"data":"Searing Blow+6","floor":40,"key":"SMITH"},{"data":"Searing Blow+7","floor":42,"key":"SMITH"},{"data":"Searing Blow+8","floor":44,"key":"SMITH"},{"data":"Searing Blow+9","floor":47,"key":"SMITH"},{"data":"Searing Blow+10","floor":49,"key":"SMITH"}],"neow_cost":"NONE","seed_source_timestamp":667915814519400,"circlet_count":0,"master_deck":["Strike_R+1","Strike_R+1","Strike_R+1","Defend_R+1","Defend_R+1","Defend_R+1","Defend_R+1","Bash","Rampage","Searing Blow+11","Warcry","Headbutt","Double Tap","Headbutt","Warcry","Armaments","Armaments","Armaments","Headbutt","Warcry+1","Searing Blow+6","Dual Wield+1"],"relics":["Burning Blood","Bottled Flame","Red Skull","Centennial Puzzle","Orrery","Lee\u0027s Waffle","Pen Nib","MawBank","Regal Pillow","Sozu","Sundial","Blood Vial","Old Coin"],"potions_floor_usage":[25],"damage_taken":[{"damage":15,"enemies":"Jaw Worm","floor":1,"turns":4},{"damage":2,"enemies":"2 Louse","floor":2,"turns":3},{"damage":0,"enemies":"Cultist","floor":3,"turns":4},{"damage":16,"enemies":"Large Slime","floor":4,"turns":7},{"damage":9,"enemies":"Blue Slaver","floor":5,"turns":4},{"damage":24,"enemies":"Gremlin Nob","floor":6,"turns":4},{"damage":22,"enemies":"3 Sentries","floor":10,"turns":7},{"damage":0,"enemies":"3 Louse","floor":14,"turns":3},{"damage":29,"enemies":"Hexaghost","floor":16,"turns":9},{"damage":18,"enemies":"3 Byrds","floor":18,"turns":4},{"damage":10,"enemies":"Chosen","floor":19,"turns":3},{"damage":36,"enemies":"Shelled Parasite and Fungi","floor":20,"turns":5},{"damage":21,"enemies":"Snake Plant","floor":22,"turns":2},{"damage":36,"enemies":"Chosen and Byrds","floor":25,"turns":7},{"damage":27,"enemies":"Gremlin Leader","floor":28,"turns":2},{"damage":0,"enemies":"Sentry and Sphere","floor":31,"turns":3},{"damage":60,"enemies":"Collector","floor":33,"turns":5},{"damage":7,"enemies":"3 Darklings","floor":35,"turns":4},{"damage":0,"enemies":"3 Shapes","floor":36,"turns":3},{"damage":3,"enemies":"Jaw Worm Horde","floor":37,"turns":3},{"damage":0,"enemies":"Maw","floor":41,"turns":4},{"damage":5,"enemies":"Nemesis","floor":45,"turns":3},{"damage":3,"enemies":"Spire Growth","floor":46,"turns":2},{"damage":7,"enemies":"4 Shapes","floor":48,"turns":5},{"damage":70,"enemies":"Awakened One","floor":50,"turns":6}],"seed_played":"6230286651765436612","potions_obtained":[{"floor":4,"key":"SpeedPotion"},{"floor":5,"key":"Block Potion"},{"floor":10,"key":"Dexterity Potion"},{"floor":22,"key":"Weak Potion"},{"floor":25,"key":"Fire Potion"}],"is_trial":false,"path_per_floor":["M","M","M","M","M","E","R","?","T","E","R","?","R","M","R","B",null,"M","M","M","$","M","R","?","M","T","R","E","R","?","M","R","B",null,"M","M","M","$","?","R","M","R","T","R","E","M","R","M","R","B",null],"character_chosen":"IRONCLAD","items_purchased":["Lee\u0027s Waffle","Armaments","Headbutt","Sundial"],"campfire_rested":2,"item_purchase_floors":[21,21,21,38],"current_hp_per_floor":[71,75,80,70,67,49,49,33,33,17,41,34,34,40,40,17,80,68,64,34,87,72,72,72,42,42,42,21,62,62,68,68,14,87,86,87,87,87,87,87,87,87,87,87,87,87,87,86,86,23],"gold":469,"neow_bonus":"THREE_CARDS","is_prod":false,"is_daily":false,"chose_seed":false,"campfire_upgraded":11,"win_rate":0,"timestamp":1569019713,"path_taken":["M","M","M","M","M","E","R","?","T","E","R","?","R","M","R","BOSS","M","M","M","$","M","R","?","M","T","R","E","R","?","M","R","BOSS","M","M","M","$","?","R","M","R","T","R","E","M","R","M","R","BOSS"],"build_version":"2019-07-17","purchased_purges":2,"victory":true,"max_hp_per_floor":[80,80,80,80,80,80,80,80,80,80,80,80,80,80,80,80,80,80,80,80,87,87,87,87,87,87,87,87,87,87,87,87,87,87,87,87,87,87,87,87,87,87,87,87,87,87,87,87,87,87],"card_choices":[{"not_picked":["Headbutt","Perfected Strike"],"picked":"Rampage","floor":0},{"not_picked":["True Grit","Anger"],"picked":"Searing Blow","floor":1},{"not_picked":["Perfected Strike","Seeing Red"],"picked":"Warcry","floor":2},{"not_picked":["Body Slam","Cleave","Disarm"],"picked":"SKIP","floor":3},{"not_picked":["Pommel Strike","Thunderclap"],"picked":"Headbutt","floor":4},{"not_picked":["Whirlwind","Seeing Red","Iron Wave"],"picked":"SKIP","floor":5},{"not_picked":["Pommel Strike","Heavy Blade","Sword Boomerang"],"picked":"SKIP","floor":6},{"not_picked":["Inflame","Bloodletting","Pummel"],"picked":"SKIP","floor":10},{"not_picked":["Perfected Strike","Thunderclap","Fire Breathing"],"picked":"SKIP","floor":14},{"not_picked":["Offering","Impervious"],"picked":"Double Tap","floor":16},{"not_picked":["Rage","Flex"],"picked":"Headbutt","floor":17},{"not_picked":["Anger","Rage"],"picked":"Warcry","floor":17},{"not_picked":["Wild Strike+1","Warcry"],"picked":"Armaments","floor":18},{"not_picked":["Warcry","Sword Boomerang"],"picked":"Armaments","floor":19},{"not_picked":["Twin Strike","Carnage","Searing Blow"],"picked":"SKIP","floor":20},{"not_picked":["Barricade","Thunderclap","Sword Boomerang"],"picked":"SKIP","floor":22},{"not_picked":["Flame Barrier","Shrug It Off","Headbutt+1"],"picked":"SKIP","floor":25},{"not_picked":["Flex","Twin Strike+1","Heavy Blade"],"picked":"SKIP","floor":28},{"not_picked":["Seeing Red","Searing Blow"],"picked":"Warcry+1","floor":31},{"not_picked":["Thunderclap+1","Body Slam","Cleave+1"],"picked":"SKIP","floor":35},{"not_picked":["Shrug It Off+1","Rage+1","Perfected Strike+1"],"picked":"SKIP","floor":36},{"not_picked":["Clothesline","Rupture","Ghostly Armor"],"picked":"SKIP","floor":37},{"not_picked":["Sword Boomerang+1","Iron Wave","True Grit+1"],"picked":"SKIP","floor":41},{"not_picked":["Heavy Blade","Perfected Strike+1","Sword Boomerang"],"picked":"SKIP","floor":45},{"not_picked":["Heavy Blade","Perfected Strike+1","Sword Boomerang"],"picked":"SKIP","floor":45},{"not_picked":["Spot Weakness","Perfected Strike"],"picked":"Dual Wield+1","floor":46},{"not_picked":["Metallicize+1","Impervious","True Grit"],"picked":"SKIP","floor":48}],"player_experience":39762,"relics_obtained":[{"floor":6,"key":"Bottled Flame"},{"floor":9,"key":"Red Skull"},{"floor":10,"key":"Centennial Puzzle"},{"floor":26,"key":"MawBank"},{"floor":28,"key":"Regal Pillow"},{"floor":43,"key":"Blood Vial"},{"floor":45,"key":"Old Coin"}],"event_choices":[{"damage_healed":0,"gold_gain":0,"player_choice":"Entered Light","damage_taken":16,"max_hp_gain":0,"max_hp_loss":0,"event_name":"Shining Light","floor":8,"gold_loss":0,"cards_upgraded":["Strike_R","Defend_R"]},{"cards_removed":["Strike_R"],"damage_healed":0,"gold_gain":0,"player_choice":"Card Removal","damage_taken":7,"max_hp_gain":0,"max_hp_loss":0,"event_name":"Golden Wing","floor":12,"gold_loss":0},{"damage_healed":0,"gold_gain":0,"player_choice":"Opened","damage_taken":0,"relics_obtained":["Pen Nib"],"max_hp_gain":0,"max_hp_loss":0,"event_name":"The Mausoleum","floor":24,"gold_loss":0,"cards_obtained":["Writhe"]},{"damage_healed":0,"gold_gain":0,"player_choice":"Simplicity","damage_taken":0,"max_hp_gain":0,"max_hp_loss":0,"event_name":"Back to Basics","floor":30,"gold_loss":0,"cards_upgraded":["Strike_R","Strike_R","Defend_R","Defend_R","Defend_R"]},{"damage_healed":0,"gold_gain":0,"player_choice":"Copied","damage_taken":0,"max_hp_gain":0,"max_hp_loss":0,"event_name":"Duplicator","floor":39,"gold_loss":0,"cards_obtained":["Searing Blow"]}],"is_beta":false,"boss_relics":[{"not_picked":["Mark of Pain","Cursed Key"],"picked":"Orrery"},{"not_picked":["Fusion Hammer","Eternal Feather"],"picked":"Sozu"}],"items_purged_floors":[21,38],"is_endless":false,"potions_floor_spawned":[4,5,10,16,22,25,31,33,36,41,46],"ascension_level":1}