{"gold_per_floor":[109,109,129,129,146,146,178,178,202,231,249,259,322,341,341,443,443,456,456,456,456,471,506,525,558,558,571,571,604,616,657,669,784,796,826,851,182,194,40,40,52,87,87,87,101,129,29,42,42,42,42,42,42,42],"floor_reached":54,"playtime":3839,"items_purged":["Meditate","Strike_P+1"],"score":910,"play_id":"38c00c4f-283e-4258-be9b-938c31ab3322","local_time":"20190929101243","is_ascension_mode":true,"campfire_choices":[{"data":"Eruption","floor":6.0,"key":"SMITH"},{"data":"SashWhip","floor":8.0,"key":"SMITH"},{"data":"CrushJoints","floor":15.0,"key":"SMITH"},{"floor":28.0,"key":"REST"},{"data":"Ragnarok","floor":30.0,"key":"SMITH"},{"floor":32.0,"key":"REST"},{"floor":40.0,"key":"RECALL"},{"floor":44.0,"key":"REST"},{"floor":49.0,"key":"REST"},{"data":"WaveOfTheHand","floor":52.0,"key":"SMITH"}],"neow_cost":"NONE","seed_source_timestamp":0,"circlet_count":0,"master_deck":["Defend_P+1","Defend_P+1","Defend_P+1","Eruption+1","Vigilance","CutThroughFate","SashWhip+1","CrushJoints+1","WindmillStrike","EmptyBody","InnerPeace","Perseverance","Consecrate","ConjureBlade","MentalFortress","Pray","WaveOfTheHand+1","Worship","Tantrum+1","EmptyMind+1","EmptyBody+1","Ragnarok+1","Crescendo","Adaptation","FearNoEvil","Sanctity","Mayhem","Perseverance+1","MentalFortress+1","EmptyFist+1","Worship+1","WaveOfTheHand+1","Brilliance","EmptyMind+1"],"special_seed":0,"relics":["PureWater","NeowsBlessing","Happy Flower","Pen Nib","Nunchaku","Tiny Chest","Sozu","Prayer Wheel","Red Mask","Mummified Hand","MawBank","Ornamental Fan","Cursed Key","Mercury Hourglass","Lee\u0027s Waffle","Omamori","Akabeko","Yang"],"potions_floor_usage":[],"damage_taken":[{"damage":0.0,"enemies":"Jaw Worm","floor":1.0,"turns":1.0},{"damage":0.0,"enemies":"Cultist","floor":3.0,"turns":1.0},{"damage":0.0,"enemies":"2 Louse","floor":5.0,"turns":1.0},{"damage":14.0,"enemies":"3 Sentries","floor":7.0,"turns":7.0},{"damage":0.0,"enemies":"Gremlin Nob","floor":10.0,"turns":2.0},{"damage":0.0,"enemies":"Blue Slaver","floor":11.0,"turns":3.0},{"damage":0.0,"enemies":"Large Slime","floor":12.0,"turns":3.0},{"damage":0.0,"enemies":"3 Sentries","floor":13.0,"turns":5.0},{"damage":0.0,"enemies":"Exordium Wildlife","floor":14.0,"turns":3.0},{"damage":2.0,"enemies":"Hexaghost","floor":16.0,"turns":10.0},{"damage":4.0,"enemies":"Shell Parasite","floor":18.0,"turns":5.0},{"damage":0.0,"enemies":"Chosen","floor":22.0,"turns":3.0},{"damage":21.0,"enemies":"Book of Stabbing","floor":23.0,"turns":5.0},{"damage":10.0,"enemies":"Centurion and Healer","floor":24.0,"turns":3.0},{"damage":36.0,"enemies":"Masked Bandits","floor":25.0,"turns":4.0},{"damage":0.0,"enemies":"Chosen and Byrds","floor":27.0,"turns":6.0},{"damage":4.0,"enemies":"Gremlin Leader","floor":29.0,"turns":5.0},{"damage":15.0,"enemies":"Slavers","floor":31.0,"turns":4.0},{"damage":26.0,"enemies":"Champ","floor":33.0,"turns":9.0},{"damage":10.0,"enemies":"3 Shapes","floor":35.0,"turns":6.0},{"damage":9.0,"enemies":"Orb Walker","floor":36.0,"turns":3.0},{"damage":18.0,"enemies":"4 Shapes","floor":38.0,"turns":7.0},{"damage":42.0,"enemies":"Writhing Mass","floor":41.0,"turns":5.0},{"damage":18.0,"enemies":"Nemesis","floor":42.0,"turns":5.0},{"damage":22.0,"enemies":"Jaw Worm Horde","floor":45.0,"turns":3.0},{"damage":0.0,"enemies":"Giant Head","floor":46.0,"turns":3.0},{"damage":0.0,"enemies":"Maw","floor":48.0,"turns":7.0},{"damage":13.0,"enemies":"Time Eater","floor":50.0,"turns":9.0},{"damage":96,"enemies":"Shield and Spear","floor":54,"turns":3}],"seed_played":"-8800651171820742850","potions_obtained":[{"floor":3.0,"key":"BottledMiracle"},{"floor":5.0,"key":"Explosive Potion"},{"floor":7.0,"key":"Block Potion"},{"floor":12.0,"key":"EssenceOfSteel"},{"floor":14.0,"key":"Regen Potion"},{"floor":16.0,"key":"BottledMiracle"}],"is_trial":false,"path_per_floor":["M","?","M","?","M","R","E","R","T","E","M","M","E","M","R","B",null,"M","?","?","?","M","E","M","?","T","M","R","E","R","E","R","B",null,"M","M","$","M","$","R","M","E","T","R","M","E","$","M","R","B",null,"R","$","E"],"character_chosen":"WATCHER","items_purchased":["Sanctity","Mayhem","Mercury Hourglass","Lee\u0027s Waffle","Omamori"],"campfire_rested":4,"item_purchase_floors":[37,37,37,37,39],"current_hp_per_floor":[72,72,72,65,65,65,51,51,51,51,51,51,51,51,51,49,72,68,68,68,68,68,47,37,10,10,10,31,27,27,12,33,7,72,62,53,79,61,61,61,19,1,1,24,2,2,2,23,46,33,79,79,79,0],"gold":42,"neow_bonus":"THREE_ENEMY_KILL","is_prod":false,"is_daily":false,"chose_seed":false,"campfire_upgraded":5,"win_rate":0,"timestamp":1569766363,"path_taken":["M","?","?","?","M","R","E","R","T","E","M","M","E","M","R","BOSS","M","?","?","?","M","E","?","?","T","M","R","E","R","E","R","BOSS","M","M","$","M","$","R","M","E","T","R","M","E","$","M","R","BOSS","R","$","E"],"build_version":"2019-09-27","purchased_purges":2,"victory":false,"max_hp_per_floor":[72,72,72,72,72,72,72,72,72,72,72,72,72,72,72,72,72,72,72,72,72,72,72,72,72,72,72,72,72,72,72,72,72,72,72,72,79,79,79,79,79,79,79,79,79,79,79,79,79,79,79,79,79,79],"card_choices":[{"not_picked":["Crescendo","BowlingBash"],"picked":"CutThroughFate","floor":1.0},{"not_picked":["WreathOfFlame","Meditate"],"picked":"SashWhip","floor":3.0},{"not_picked":["ClearTheMind","JustLucky"],"picked":"CrushJoints","floor":5.0},{"not_picked":["SashWhip","Scrawl"],"picked":"WindmillStrike","floor":7.0},{"not_picked":["ConjureBlade","SandsOfTime"],"picked":"EmptyBody","floor":10.0},{"not_picked":["ForeignInfluence","WheelKick"],"picked":"InnerPeace","floor":11.0},{"not_picked":["ThirdEye","CutThroughFate","EmptyBody"],"picked":"SKIP","floor":12.0},{"not_picked":["Omniscience","WheelKick"],"picked":"Perseverance","floor":13.0},{"not_picked":["Fasting","Weave"],"picked":"Consecrate","floor":14.0},{"not_picked":["Omniscience","Nirvana"],"picked":"ConjureBlade","floor":16.0},{"not_picked":["Protect","Weave"],"picked":"MentalFortress","floor":18.0},{"not_picked":["Perseverance","SashWhip"],"picked":"Worship","floor":22.0},{"not_picked":["BowlingBash+1","Omniscience"],"picked":"Tantrum+1","floor":23.0},{"not_picked":["Protect","FlurryOfBlows"],"picked":"EmptyMind+1","floor":24.0},{"not_picked":["Halt","Protect"],"picked":"EmptyBody+1","floor":24.0},{"not_picked":["JustLucky","WaveOfTheHand"],"picked":"Meditate","floor":27.0},{"not_picked":["JustLucky+1","Worship","EmptyBody"],"picked":"SKIP","floor":27.0},{"not_picked":["SandsOfTime","FlyingSleeves"],"picked":"Ragnarok","floor":29.0},{"not_picked":["SashWhip","CarveReality"],"picked":"Crescendo","floor":31.0},{"not_picked":["Pray","DeusExMachina"],"picked":"Adaptation","floor":33.0},{"not_picked":["Consecrate","FollowUp+1"],"picked":"FearNoEvil","floor":35.0},{"not_picked":["FollowUp","Prostrate","BattleHymn+1"],"picked":"SKIP","floor":35.0},{"not_picked":["Ragnarok","CrushJoints","Collect"],"picked":"SKIP","floor":36.0},{"not_picked":["CrushJoints+1","Weave+1","ClearTheMind+1"],"picked":"SKIP","floor":36.0},{"not_picked":["CrushJoints+1","Halt"],"picked":"Perseverance+1","floor":38.0},{"not_picked":["Crescendo+1","SashWhip+1","Halt"],"picked":"SKIP","floor":38.0},{"not_picked":["BowlingBash","Nirvana"],"picked":"MentalFortress+1","floor":41.0},{"not_picked":["EmptyBody+1","Halt+1","ThirdEye"],"picked":"SKIP","floor":41.0},{"not_picked":["Meditate+1","EmptyBody+1"],"picked":"EmptyFist+1","floor":42.0},{"not_picked":["Halt","EmptyFist"],"picked":"Worship+1","floor":45.0},{"not_picked":["FlowState+1","Weave"],"picked":"WaveOfTheHand+1","floor":45.0},{"not_picked":["EmptyFist+1","Indignation"],"picked":"Brilliance","floor":46.0},{"not_picked":["Crescendo","EmptyBody+1"],"picked":"EmptyMind+1","floor":48.0},{"not_picked":["Worship+1","FollowUp+1","Prostrate"],"picked":"SKIP","floor":48.0}],"player_experience":1153647,"relics_obtained":[{"floor":7.0,"key":"Happy Flower"},{"floor":9.0,"key":"Pen Nib"},{"floor":10.0,"key":"Nunchaku"},{"floor":13.0,"key":"Tiny Chest"},{"floor":23.0,"key":"Prayer Wheel"},{"floor":25.0,"key":"Red Mask"},{"floor":26.0,"key":"Mummified Hand"},{"floor":29.0,"key":"MawBank"},{"floor":31.0,"key":"Ornamental Fan"},{"floor":42.0,"key":"Akabeko"},{"floor":46.0,"key":"Yang"}],"event_choices":[{"cards_removed":["Strike_P"],"damage_healed":0.0,"max_hp_gain":0.0,"max_hp_loss":0.0,"gold_gain":0.0,"event_name":"Bonfire Elementals","player_choice":"Offered Basic","floor":2.0,"gold_loss":0.0,"damage_taken":0.0},{"cards_removed":["Strike_P"],"damage_healed":0.0,"max_hp_gain":0.0,"max_hp_loss":0.0,"gold_gain":0.0,"event_name":"Golden Wing","player_choice":"Card Removal","floor":4.0,"gold_loss":0.0,"damage_taken":7.0},{"damage_healed":0.0,"max_hp_gain":0.0,"max_hp_loss":0.0,"gold_gain":0.0,"event_name":"Back to Basics","player_choice":"Simplicity","floor":19.0,"gold_loss":0.0,"damage_taken":0.0,"cards_upgraded":["Strike_P","Strike_P","Defend_P","Defend_P","Defend_P","Defend_P"]},{"damage_healed":0.0,"max_hp_gain":0.0,"max_hp_loss":0.0,"gold_gain":0.0,"event_name":"Vampires","player_choice":"Ignored","floor":20.0,"gold_loss":0.0,"damage_taken":0.0},{"damage_healed":0.0,"max_hp_gain":0.0,"max_hp_loss":0.0,"gold_gain":0.0,"cards_transformed":["Strike_P","Defend_P"],"event_name":"Drug Dealer","player_choice":"Became Test Subject","floor":21.0,"gold_loss":0.0,"damage_taken":0.0,"cards_obtained":["Pray","WaveOfTheHand"]},{"damage_healed":0.0,"max_hp_gain":0.0,"max_hp_loss":0.0,"gold_gain":0.0,"event_name":"Masked Bandits","player_choice":"Fought Bandits","floor":25.0,"gold_loss":0.0,"damage_taken":0.0}],"is_beta":true,"boss_relics":[{"not_picked":["SlaversCollar","Runic Pyramid"],"picked":"Sozu"},{"not_picked":["SacredBark","Snecko Eye"],"picked":"Cursed Key"}],"items_purged_floors":[37,47],"is_endless":false,"potions_floor_spawned":[3,5,7,12,14,16,22,27,29,31,33,35,38,46,48],"killed_by":"Shield and Spear","ascension_level":2}