{"gold_per_floor":[119,294,75,75,86,119,119,19,43,58,74,74,103,57,57,158,158,144,154,154,168,186,186,203,218,218,266,291,302,322,322,322,322],"floor_reached":33,"playtime":1890,"items_purged":["Doubt","Strike_G"],"score":321,"play_id":"50c54fda-f661-4fdf-b9c9-7cbfb92fffa5","local_time":"20191023000934","is_ascension_mode":true,"campfire_choices":[{"data":"Leg Sweep","floor":7,"key":"SMITH"},{"floor":12,"key":"REST"},{"data":"Blade Dance","floor":15,"key":"SMITH"},{"data":"Envenom","floor":23,"key":"SMITH"},{"floor":32,"key":"REST"}],"neow_cost":"NONE","seed_source_timestamp":30424659751300,"circlet_count":0,"master_deck":["Strike_G","Strike_G","Strike_G","Strike_G","Defend_G","Defend_G","Defend_G+1","Defend_G","Defend_G+1","Survivor","Neutralize","Leg Sweep+1","Dash","Blade Dance+1","PiercingWail","Riddle With Holes","Backflip","Envenom+1","Dash+1","Cloak And Dagger+1","After Image","Glass Knife","Footwork","Blade Dance"],"relics":["Ring of the Snake","PreservedInsect","Peace Pipe","Boot","Prayer Wheel","Sozu","Happy Flower","Juzu Bracelet","Bag of Marbles"],"potions_floor_usage":[6],"damage_taken":[{"damage":3,"enemies":"Jaw Worm","floor":1,"turns":6},{"damage":0,"enemies":"2 Louse","floor":5,"turns":3},{"damage":24,"enemies":"Gremlin Nob","floor":6,"turns":6},{"damage":0,"enemies":"Cultist","floor":10,"turns":6},{"damage":3,"enemies":"Exordium Thugs","floor":11,"turns":7},{"damage":12,"enemies":"3 Sentries","floor":13,"turns":9},{"damage":15,"enemies":"The Guardian","floor":16,"turns":13},{"damage":4,"enemies":"2 Thieves","floor":18,"turns":4},{"damage":13,"enemies":"Spheric Guardian","floor":19,"turns":7},{"damage":16,"enemies":"Cultist and Chosen","floor":21,"turns":7},{"damage":5,"enemies":"Centurion and Healer","floor":22,"turns":8},{"damage":6,"enemies":"Snake Plant","floor":24,"turns":6},{"damage":4,"enemies":"3 Cultists","floor":25,"turns":6},{"damage":8,"enemies":"Slavers","floor":28,"turns":5},{"damage":0,"enemies":"Snecko","floor":29,"turns":4},{"damage":13,"enemies":"Snake Plant","floor":30,"turns":4},{"damage":37,"enemies":"Automaton","floor":33,"turns":6}],"seed_played":"-966397526268795010","potions_obtained":[{"floor":5,"key":"Weak Potion"},{"floor":6,"key":"GamblersBrew"},{"floor":16,"key":"SteroidPotion"}],"is_trial":false,"path_per_floor":["M","?","$","?","M","E","R","$","T","M","M","R","E","$","R","B",null,"M","M","?","M","M","R","M","M","T","T","E","M","M","?","R","B"],"character_chosen":"THE_SILENT","items_purchased":["PreservedInsect","Backflip"],"campfire_rested":2,"item_purchase_floors":[3,14],"current_hp_per_floor":[74,74,74,59,59,35,35,35,35,35,32,55,43,43,43,28,77,73,60,60,44,39,39,33,29,29,29,21,21,8,8,31,0],"gold":322,"neow_bonus":"TEN_PERCENT_HP_BONUS","is_prod":false,"is_daily":false,"chose_seed":false,"campfire_upgraded":3,"win_rate":0,"timestamp":1571803774,"path_taken":["M","?","$","?","M","E","R","$","T","M","M","R","E","?","R","BOSS","M","M","?","M","?","R","M","M","T","?","E","M","M","?","R","BOSS"],"build_version":"2019-07-17","purchased_purges":2,"victory":false,"max_hp_per_floor":[77,77,77,77,77,77,77,77,77,77,77,77,77,77,77,77,77,77,77,77,77,77,77,77,77,77,77,77,77,77,77,77,77],"card_choices":[{"not_picked":["Underhanded Strike","Prepared"],"picked":"Leg Sweep","floor":1},{"not_picked":["Distraction","Bouncing Flask","Quick Slash"],"picked":"SKIP","floor":5},{"not_picked":["Skewer","Flying Knee"],"picked":"Dash","floor":6},{"not_picked":["Skewer","Outmaneuver"],"picked":"Blade Dance","floor":10},{"not_picked":["All Out Attack","Flying Knee"],"picked":"PiercingWail","floor":11},{"not_picked":["Storm of Steel","All Out Attack"],"picked":"Riddle With Holes","floor":13},{"not_picked":["Die Die Die","Unload"],"picked":"Envenom","floor":16},{"not_picked":["Quick Slash","Dagger Throw"],"picked":"Dash+1","floor":18},{"not_picked":["PiercingWail","Distraction","Sucker Punch"],"picked":"SKIP","floor":18},{"not_picked":["Dagger Throw+1","Noxious Fumes"],"picked":"Cloak And Dagger+1","floor":19},{"not_picked":["Crippling Poison+1","Deflect","Dagger Spray+1"],"picked":"SKIP","floor":19},{"not_picked":["Caltrops","Deflect","Sucker Punch"],"picked":"SKIP","floor":21},{"not_picked":["Sucker Punch","Tactician+1","Prepared"],"picked":"SKIP","floor":21},{"not_picked":["Expertise","Escape Plan"],"picked":"After Image","floor":22},{"not_picked":["Dagger Throw","Bane","Underhanded Strike"],"picked":"SKIP","floor":22},{"not_picked":["Dodge and Roll","Flechettes"],"picked":"Glass Knife","floor":24},{"not_picked":["Bane","Dagger Throw","Quick Slash"],"picked":"SKIP","floor":24},{"not_picked":["Acrobatics+1","Underhanded Strike","Envenom"],"picked":"SKIP","floor":25},{"not_picked":["Bane","Poisoned Stab","Leg Sweep"],"picked":"SKIP","floor":25},{"not_picked":["Tactician+1","Bouncing Flask"],"picked":"Footwork","floor":28},{"not_picked":["Bane","Flying Knee","Acrobatics"],"picked":"SKIP","floor":29},{"not_picked":["Riddle With Holes+1","Deflect","Distraction"],"picked":"SKIP","floor":29},{"not_picked":["Blur","Deflect"],"picked":"Blade Dance","floor":30},{"not_picked":["Catalyst","Masterful Stab","Dagger Spray"],"picked":"SKIP","floor":30}],"player_experience":172894,"relics_obtained":[{"floor":6,"key":"Peace Pipe"},{"floor":9,"key":"Boot"},{"floor":13,"key":"Prayer Wheel"},{"floor":26,"key":"Happy Flower"},{"floor":27,"key":"Juzu Bracelet"},{"floor":28,"key":"Bag of Marbles"}],"event_choices":[{"damage_healed":0,"gold_gain":175,"player_choice":"AGREE","damage_taken":0,"max_hp_gain":0,"max_hp_loss":0,"event_name":"Liars Game","floor":2,"gold_loss":0,"cards_obtained":["Doubt"]},{"damage_healed":0,"gold_gain":0,"player_choice":"Entered Light","damage_taken":15,"max_hp_gain":0,"max_hp_loss":0,"event_name":"Shining Light","floor":4,"gold_loss":0,"cards_upgraded":["Defend_G","Defend_G"]},{"damage_healed":0,"gold_gain":0,"player_choice":"Bought 0 Potions","damage_taken":0,"max_hp_gain":0,"max_hp_loss":0,"event_name":"The Woman in Blue","floor":20,"gold_loss":0},{"damage_healed":0,"gold_gain":0,"player_choice":"Got Potions","damage_taken":0,"max_hp_gain":0,"max_hp_loss":0,"event_name":"Lab","floor":31,"gold_loss":0}],"is_beta":false,"boss_relics":[{"not_picked":["HoveringKite","Cursed Key"],"picked":"Sozu"}],"items_purged_floors":[3,8],"is_endless":false,"potions_floor_spawned":[5,6,16,18,21,24,25,30],"killed_by":"Automaton","ascension_level":3}