{"gold_per_floor":[110,80,98,111,111,111,146,146,216,232,264,264,264,280,280,385,385,404,404,416,435,53,53,8,79,79,79,30,59,159,178,178,273,273,287,305,58,112,112,112,137,137,162,180,180,196,228,244,244,244],"floor_reached":50,"playtime":3216,"items_purged":["Strike_G","Parasite"],"score":533,"play_id":"68f5b356-cba1-4f8a-9b21-69e9715be5fc","local_time":"20190915114159","is_ascension_mode":false,"campfire_choices":[{"data":"Poisoned Stab","floor":6,"key":"SMITH"},{"data":"Corpse Explosion","floor":8,"key":"SMITH"},{"floor":15,"key":"REST"},{"floor":23,"key":"REST"},{"data":"Burst","floor":27,"key":"SMITH"},{"floor":32,"key":"RECALL"},{"data":"Dodge and Roll","floor":40,"key":"SMITH"},{"floor":42,"key":"REST"},{"floor":49,"key":"REST"}],"neow_cost":"NONE","seed_source_timestamp":426985892700,"circlet_count":0,"master_deck":["Strike_G+1","Strike_G+1","Strike_G","Defend_G","Defend_G+1","Defend_G","Defend_G","Defend_G+1","Survivor","Poisoned Stab+1","Poisoned Stab","Corpse Explosion+1","Flying Knee","Cloak And Dagger","Envenom+1","Infinite Blades+1","Dodge and Roll","Burst+1","Footwork+1","Footwork+1","Sucker Punch","Acrobatics","Dodge and Roll+1","Crippling Poison","Accuracy+1","Tools of the Trade+1","Dash+1","Backflip+1","PiercingWail+1","Tactician","Parasite","Bouncing Flask+1","Backflip+1"],"relics":["Ring of the Snake","NeowsBlessing","Dream Catcher","Frozen Egg 2","Snake Skull","Orichalcum","WristBlade","Whetstone","Bag of Marbles","Mummified Hand","War Paint","Red Mask","Mango","Mercury Hourglass","Runic Pyramid","Strawberry","Ginger","Ancient Tea Set","Question Card"],"potions_floor_usage":[11,16,21,29,30,33,38,38,38,47,48,48,50],"damage_taken":[{"damage":0,"enemies":"Small Slimes","floor":1,"turns":1},{"damage":0,"enemies":"Cultist","floor":3,"turns":1},{"damage":0,"enemies":"2 Louse","floor":4,"turns":1},{"damage":14,"enemies":"Lagavulin","floor":7,"turns":7},{"damage":0,"enemies":"Looter","floor":10,"turns":4},{"damage":8,"enemies":"Gremlin Nob","floor":11,"turns":3},{"damage":0,"enemies":"Red Slaver","floor":14,"turns":3},{"damage":24,"enemies":"Slime Boss","floor":16,"turns":8},{"damage":10,"enemies":"3 Byrds","floor":18,"turns":3},{"damage":15,"enemies":"Spheric Guardian","floor":20,"turns":8},{"damage":10,"enemies":"Snecko","floor":21,"turns":6},{"damage":4,"enemies":"Masked Bandits","floor":29,"turns":2},{"damage":11,"enemies":"Colosseum Slavers","floor":30,"turns":4},{"damage":6,"enemies":"Colosseum Nobs","floor":30,"turns":5},{"damage":0,"enemies":"Sentry and Sphere","floor":31,"turns":4},{"damage":25,"enemies":"Automaton","floor":33,"turns":10},{"damage":19,"enemies":"3 Darklings","floor":35,"turns":4},{"damage":0,"enemies":"3 Shapes","floor":36,"turns":6},{"damage":10,"enemies":"2 Orb Walkers","floor":38,"turns":5},{"damage":29,"enemies":"Reptomancer","floor":41,"turns":7},{"damage":0,"enemies":"3 Darklings","floor":44,"turns":2},{"damage":7,"enemies":"Sphere and 2 Shapes","floor":46,"turns":4},{"damage":54,"enemies":"Nemesis","floor":47,"turns":9},{"damage":0,"enemies":"Writhing Mass","floor":48,"turns":5},{"damage":41,"enemies":"Time Eater","floor":50,"turns":11}],"seed_played":"417296291489693630","potions_obtained":[{"floor":2,"key":"Fire Potion"},{"floor":2,"key":"EntropicBrew"},{"floor":3,"key":"FairyPotion"},{"floor":14,"key":"Swift Potion"},{"floor":18,"key":"SkillPotion"},{"floor":21,"key":"Explosive Potion"},{"floor":29,"key":"Poison Potion"},{"floor":30,"key":"SkillPotion"},{"floor":33,"key":"SpeedPotion"},{"floor":44,"key":"Swift Potion"},{"floor":47,"key":"Fire Potion"},{"floor":48,"key":"Swift Potion"}],"is_trial":false,"path_per_floor":["M","?","M","M","?","R","E","R","T","M","E","?","?","M","R","B",null,"M","?","M","M","$","R","$","T","T","R","$","?","?","M","R","B",null,"M","M","$","?","?","R","E","R","T","M","?","M","E","M","R","B"],"character_chosen":"THE_SILENT","items_purchased":["Whetstone","Bag of Marbles","Acrobatics","Dodge and Roll","Strawberry"],"campfire_rested":4,"item_purchase_floors":[22,22,24,28,37],"current_hp_per_floor":[70,70,70,70,63,63,49,49,49,49,41,23,40,40,61,37,70,60,60,45,35,35,56,56,56,56,56,56,52,49,49,49,24,84,65,65,72,62,62,62,33,59,59,59,59,52,8,8,34,0],"gold":244,"neow_bonus":"THREE_ENEMY_KILL","is_prod":false,"is_daily":false,"chose_seed":false,"campfire_upgraded":4,"win_rate":0,"timestamp":1568562119,"path_taken":["M","?","?","M","?","R","E","R","T","M","E","?","?","M","R","BOSS","M","?","M","?","$","R","$","?","T","R","$","?","?","M","R","BOSS","M","M","$","?","?","R","E","R","T","M","?","M","E","M","R","BOSS"],"build_version":"2019-07-17","purchased_purges":2,"victory":false,"max_hp_per_floor":[70,70,70,70,70,70,70,70,70,70,70,70,70,70,70,70,70,70,70,70,70,70,70,70,70,70,70,70,70,84,84,84,84,84,84,84,88,88,88,88,88,88,88,88,88,88,88,88,88,88],"card_choices":[{"not_picked":["Deadly Poison","Deflect"],"picked":"Poisoned Stab","floor":1},{"not_picked":["Quick Slash","Cloak And Dagger"],"picked":"Poisoned Stab","floor":3},{"not_picked":["Accuracy","Acrobatics"],"picked":"Corpse Explosion","floor":4},{"not_picked":["Poisoned Stab","Outmaneuver"],"picked":"Flying Knee","floor":7},{"not_picked":["Predator","Underhanded Strike"],"picked":"Cloak And Dagger","floor":10},{"not_picked":["Venomology","Expertise"],"picked":"Envenom+1","floor":11},{"not_picked":["Slice","Tactician"],"picked":"Infinite Blades+1","floor":14},{"not_picked":["Bane","Deflect"],"picked":"Dodge and Roll","floor":15},{"not_picked":["Adrenaline","A Thousand Cuts+1"],"picked":"Burst","floor":16},{"not_picked":["Sucker Punch","Dagger Spray"],"picked":"Footwork+1","floor":18},{"not_picked":["Flechettes","Slice","Tactician+1"],"picked":"SKIP","floor":20},{"not_picked":["Flechettes","Backstab"],"picked":"Sucker Punch","floor":21},{"not_picked":["Backflip","Terror"],"picked":"Crippling Poison","floor":29},{"not_picked":["Dodge and Roll","Deadly Poison"],"picked":"Accuracy+1","floor":30},{"not_picked":["Heel Hook","Envenom+1","Dagger Spray+1"],"picked":"SKIP","floor":31},{"not_picked":["After Image+1","Adrenaline"],"picked":"Tools of the Trade+1","floor":33},{"not_picked":["Choke+1","Expertise"],"picked":"Dash+1","floor":35},{"not_picked":["Quick Slash","Outmaneuver","Skewer+1"],"picked":"SKIP","floor":36},{"not_picked":["Predator+1","Endless Agony+1"],"picked":"Backflip+1","floor":41},{"not_picked":["Sucker Punch+1","Terror+1"],"picked":"PiercingWail+1","floor":42},{"not_picked":["Envenom+1","Dagger Throw","Backflip"],"picked":"SKIP","floor":44},{"not_picked":["Outmaneuver","Poisoned Stab+1","Dagger Spray"],"picked":"SKIP","floor":46},{"not_picked":["Predator","Outmaneuver+1"],"picked":"Tactician","floor":47},{"not_picked":["Dagger Spray","Accuracy+1","Well Laid Plans+1"],"picked":"Bouncing Flask+1","floor":48},{"not_picked":["Flechettes","Quick Slash","Prepared+1"],"picked":"Backflip+1","floor":49}],"player_experience":76501,"relics_obtained":[{"floor":7,"key":"Dream Catcher"},{"floor":9,"key":"Frozen Egg 2"},{"floor":11,"key":"Snake Skull"},{"floor":25,"key":"Mummified Hand"},{"floor":26,"key":"War Paint"},{"floor":29,"key":"Red Mask"},{"floor":30,"key":"Mango"},{"floor":30,"key":"Mercury Hourglass"},{"floor":38,"key":"Ginger"},{"floor":41,"key":"Ancient Tea Set"},{"floor":47,"key":"Question Card"}],"event_choices":[{"damage_healed":0,"gold_gain":0,"player_choice":"Bought 2 Potions","damage_taken":0,"max_hp_gain":0,"max_hp_loss":0,"event_name":"The Woman in Blue","floor":2,"gold_loss":0},{"cards_removed":["Strike_G"],"damage_healed":0,"gold_gain":0,"player_choice":"Card Removal","damage_taken":7,"max_hp_gain":0,"max_hp_loss":0,"event_name":"Golden Wing","floor":5,"gold_loss":0},{"damage_healed":0,"gold_gain":0,"player_choice":"Success","damage_taken":18,"relics_obtained":["Orichalcum"],"max_hp_gain":0,"max_hp_loss":0,"event_name":"Scrap Ooze","floor":12,"gold_loss":0},{"damage_healed":17,"gold_gain":0,"player_choice":"Healed and dodged fight","damage_taken":0,"max_hp_gain":0,"max_hp_loss":0,"event_name":"Mushrooms","floor":13,"gold_loss":0,"cards_obtained":["Parasite"]},{"damage_healed":0,"gold_gain":0,"player_choice":"Copied","damage_taken":0,"max_hp_gain":0,"max_hp_loss":0,"event_name":"Duplicator","floor":19,"gold_loss":0,"cards_obtained":["Footwork"]},{"damage_healed":0,"gold_gain":0,"player_choice":"Fought Bandits","damage_taken":0,"max_hp_gain":0,"max_hp_loss":0,"event_name":"Masked Bandits","floor":29,"gold_loss":0},{"damage_healed":0,"gold_gain":0,"player_choice":"Fight","damage_taken":0,"max_hp_gain":0,"max_hp_loss":0,"event_name":"Colosseum","floor":30,"gold_loss":0},{"damage_healed":0,"gold_gain":0,"player_choice":"Fought Nobs","damage_taken":0,"max_hp_gain":0,"max_hp_loss":0,"event_name":"Colosseum","floor":30,"gold_loss":0},{"damage_healed":0,"gold_gain":0,"player_choice":"Fight","damage_taken":0,"max_hp_gain":0,"max_hp_loss":0,"event_name":"Mysterious Sphere","floor":38,"gold_loss":0},{"cards_removed":["Neutralize"],"damage_healed":0,"gold_gain":0,"player_choice":"Removed Attack","damage_taken":0,"max_hp_gain":0,"max_hp_loss":0,"event_name":"Falling","floor":39,"gold_loss":0},{"damage_healed":0,"gold_gain":0,"player_choice":"Memory 1","damage_taken":0,"max_hp_gain":0,"max_hp_loss":0,"event_name":"SensoryStone","floor":45,"gold_loss":0}],"is_beta":false,"boss_relics":[{"not_picked":["Black Star","Sozu"],"picked":"WristBlade"},{"not_picked":["White Beast Statue","Snecko Eye"],"picked":"Runic Pyramid"}],"items_purged_floors":[22,37],"is_endless":false,"potions_floor_spawned":[3,4,14,18,21,29,30,33,36,44,46,47,48],"killed_by":"Time Eater","ascension_level":0}