{"gold_per_floor":[114,134,28,28,28,63,63,77,101,153,153,165,179,179,179,281,281,300,300,14,26,26,26,52,52,106,123,123,139,139,149,149,244,244,261,274,274,36,52,52,1,1,1,20,0,10,23,23,23,23],"floor_reached":50,"playtime":2964,"items_purged":[],"score":487,"play_id":"18bea185-21c2-47e4-83e2-0a4b750f214d","local_time":"20190804005848","is_ascension_mode":false,"campfire_choices":[{"data":"Searing Blow","floor":7,"key":"SMITH"},{"data":"Searing Blow+1","floor":11,"key":"SMITH"},{"data":"Armaments","floor":15,"key":"SMITH"},{"data":"Searing Blow+2","floor":23,"key":"SMITH"},{"data":"Armaments","floor":25,"key":"SMITH"},{"data":"Searing Blow+3","floor":28,"key":"SMITH"},{"floor":32,"key":"REST"},{"data":"Metallicize","floor":40,"key":"SMITH"},{"data":"J.A.X.","floor":42,"key":"SMITH"},{"data":"Mind Blast","floor":49,"key":"SMITH"}],"neow_cost":"","seed_source_timestamp":9626718452400,"circlet_count":0,"master_deck":["Strike_R","Strike_R","Strike_R","Strike_R","Strike_R+1","Defend_R","Defend_R+1","Defend_R+1","Defend_R+1","Bash","Whirlwind","Iron Wave","Cleave","Searing Blow+4","Perfected Strike","Perfected Strike","Flex","Armaments+1","Reaper","Armaments+1","J.A.X.+1","Carnage","Headbutt+1","Thunderclap","Thunderclap","Pommel Strike","Iron Wave","Fiend Fire","Perfected Strike+1","Body Slam+1","Magnetism","Deep Breath","Mind Blast+1","Shrug It Off","Metallicize+1","Flex+1","Clothesline","Normality","Ghostly Armor+1","Warcry","Iron Wave+1"],"relics":["Burning Blood","Happy Flower","War Paint","Ancient Tea Set","Potion Belt","Busted Crown","Chemical X","Enchiridion","Mercury Hourglass","Juzu Bracelet","Cursed Key","Blood Vial","Question Card","Red Mask"],"potions_floor_usage":[6,16,16,16,21,24,31,31,33,33,46,47,50,50],"damage_taken":[{"damage":0,"enemies":"Small Slimes","floor":1,"turns":3},{"damage":8,"enemies":"Cultist","floor":2,"turns":5},{"damage":22,"enemies":"3 Sentries","floor":6,"turns":6},{"damage":1,"enemies":"Jaw Worm","floor":8,"turns":3},{"damage":7,"enemies":"3 Louse","floor":12,"turns":3},{"damage":0,"enemies":"2 Fungi Beasts","floor":13,"turns":3},{"damage":41,"enemies":"The Guardian","floor":16,"turns":10},{"damage":4,"enemies":"3 Byrds","floor":18,"turns":5},{"damage":8,"enemies":"2 Thieves","floor":21,"turns":3},{"damage":32,"enemies":"Slavers","floor":24,"turns":3},{"damage":14,"enemies":"Chosen and Byrds","floor":27,"turns":3},{"damage":36,"enemies":"Shelled Parasite and Fungi","floor":29,"turns":3},{"damage":5,"enemies":"Cultist and Chosen","floor":31,"turns":3},{"damage":21,"enemies":"Champ","floor":33,"turns":7},{"damage":17,"enemies":"3 Darklings","floor":35,"turns":4},{"damage":10,"enemies":"Orb Walker","floor":36,"turns":2},{"damage":3,"enemies":"Transient","floor":39,"turns":5},{"damage":17,"enemies":"4 Shapes","floor":44,"turns":3},{"damage":21,"enemies":"3 Darklings","floor":46,"turns":5},{"damage":15,"enemies":"Spire Growth","floor":47,"turns":3},{"damage":102,"enemies":"Awakened One","floor":50,"turns":9}],"seed_played":"-6111711342290152521","potions_obtained":[{"floor":1,"key":"Ancient Potion"},{"floor":2,"key":"Block Potion"},{"floor":5,"key":"Strength Potion"},{"floor":5,"key":"EntropicBrew"},{"floor":16,"key":"Ancient Potion"},{"floor":21,"key":"SteroidPotion"},{"floor":24,"key":"GamblersBrew"},{"floor":35,"key":"Block Potion"},{"floor":39,"key":"Swift Potion"},{"floor":47,"key":"Fruit Juice"}],"is_trial":false,"path_per_floor":["M","M","$","?","?","E","R","M","T","T","R","M","M","?","R","B",null,"M","?","$","M","?","R","E","R","T","M","R","M","?","M","R","B",null,"M","M","?","$","M","R","$","R","T","M","?","M","M","$","R","B"],"character_chosen":"IRONCLAD","items_purchased":["Cleave","Searing Blow","Carnage","Chemical X","Block Potion","Shrug It Off","Metallicize","Blood Vial","Clothesline"],"campfire_rested":1,"item_purchase_floors":[3,3,20,20,20,38,38,38,41],"current_hp_per_floor":[80,78,78,62,62,46,46,51,51,51,51,50,56,53,53,18,80,80,80,80,78,62,62,56,56,56,61,61,31,16,17,42,33,85,84,80,70,70,79,79,79,79,79,85,85,85,90,90,90,0],"gold":23,"neow_bonus":"","is_prod":false,"is_daily":false,"chose_seed":false,"campfire_upgraded":9,"win_rate":0.0,"timestamp":1564894728,"path_taken":["M","M","$","?","?","E","R","?","T","?","R","M","M","?","R","BOSS","M","?","$","M","?","R","E","R","T","M","R","M","?","M","R","BOSS","M","M","?","$","M","R","$","R","T","M","?","M","M","?","R","BOSS"],"build_version":"2019-07-17","purchased_purges":0,"victory":false,"max_hp_per_floor":[80,80,80,80,80,80,80,80,80,80,80,80,80,80,80,80,80,80,80,80,80,80,80,80,80,80,80,80,80,85,85,85,85,85,85,85,85,85,85,85,85,85,85,85,85,85,90,90,90,90],"card_choices":[{"not_picked":["Warcry","Hemokinesis"],"picked":"Whirlwind","floor":1},{"not_picked":["Thunderclap","Power Through"],"picked":"Iron Wave","floor":2},{"not_picked":["Clothesline","Reckless Charge"],"picked":"Perfected Strike","floor":6},{"not_picked":["Intimidate","Headbutt"],"picked":"Perfected Strike","floor":8},{"not_picked":["Whirlwind","Warcry"],"picked":"Flex","floor":12},{"not_picked":["Rampage","Dual Wield"],"picked":"Armaments","floor":13},{"not_picked":["Offering","Dark Embrace"],"picked":"Reaper","floor":16},{"not_picked":[],"picked":"Armaments","floor":18},{"not_picked":[],"picked":"Headbutt+1","floor":21},{"not_picked":[],"picked":"Thunderclap","floor":24},{"not_picked":[],"picked":"Thunderclap","floor":27},{"not_picked":[],"picked":"Pommel Strike","floor":29},{"not_picked":[],"picked":"Iron Wave","floor":31},{"not_picked":[],"picked":"Fiend Fire","floor":33},{"not_picked":[],"picked":"Perfected Strike+1","floor":35},{"not_picked":[],"picked":"Body Slam+1","floor":36},{"not_picked":[],"picked":"Magnetism","floor":37},{"not_picked":[],"picked":"Deep Breath","floor":37},{"not_picked":[],"picked":"Mind Blast","floor":37},{"not_picked":[],"picked":"Flex+1","floor":39},{"not_picked":["Clash"],"picked":"Ghostly Armor+1","floor":44},{"not_picked":["Battle Trance"],"picked":"Warcry","floor":46},{"not_picked":["Armaments+1"],"picked":"Iron Wave+1","floor":47}],"player_experience":0,"relics_obtained":[{"floor":6,"key":"Happy Flower"},{"floor":9,"key":"War Paint"},{"floor":10,"key":"Ancient Tea Set"},{"floor":22,"key":"Enchiridion"},{"floor":24,"key":"Mercury Hourglass"},{"floor":26,"key":"Juzu Bracelet"},{"floor":43,"key":"Question Card"}],"event_choices":[{"damage_healed":0,"gold_gain":0,"player_choice":"Entered Light","damage_taken":16,"max_hp_gain":0,"max_hp_loss":0,"event_name":"Shining Light","floor":4,"gold_loss":0,"cards_upgraded":["Strike_R","Defend_R"]},{"damage_healed":0,"gold_gain":0,"player_choice":"Got Potions","damage_taken":0,"max_hp_gain":0,"max_hp_loss":0,"event_name":"Lab","floor":5,"gold_loss":0},{"damage_healed":0,"gold_gain":0,"player_choice":"Success","damage_taken":3,"relics_obtained":["Potion Belt"],"max_hp_gain":0,"max_hp_loss":0,"event_name":"Scrap Ooze","floor":14,"gold_loss":0},{"damage_healed":0,"gold_gain":0,"player_choice":"Obtain J.A.X.","damage_taken":0,"max_hp_gain":0,"max_hp_loss":0,"event_name":"Drug Dealer","floor":19,"gold_loss":0,"cards_obtained":["J.A.X."]},{"damage_healed":0,"gold_gain":0,"player_choice":"Obtained Book","damage_taken":16,"max_hp_gain":0,"max_hp_loss":0,"event_name":"Cursed Tome","floor":22,"gold_loss":0},{"damage_healed":0,"gold_gain":0,"player_choice":"Shed Blood","damage_taken":20,"max_hp_gain":5,"max_hp_loss":0,"event_name":"Forgotten Altar","floor":30,"gold_loss":0},{"damage_healed":0,"gold_gain":0,"player_choice":"Memory 3","damage_taken":10,"max_hp_gain":0,"max_hp_loss":0,"event_name":"SensoryStone","floor":37,"gold_loss":0},{"damage_healed":0,"gold_gain":0,"player_choice":"Paid","damage_taken":0,"relics_obtained":["Red Mask"],"max_hp_gain":0,"max_hp_loss":0,"event_name":"Tomb of Lord Red Mask","floor":45,"gold_loss":20}],"is_beta":false,"boss_relics":[{"not_picked":["Snecko Eye","Black Blood"],"picked":"Busted Crown"},{"not_picked":["Runic Dome","Fusion Hammer"],"picked":"Cursed Key"}],"items_purged_floors":[],"is_endless":false,"potions_floor_spawned":[1,2,16,21,24,35,39,47],"killed_by":"Awakened One","ascension_level":0}