{"gold_per_floor":[117,136,136,155,31,63,83,83,160,171,171,191,223,239,239,313,313,331,365,46,46,63,63,95,95,120,120,66,91,91,103,103,103],"floor_reached":33,"playtime":1101,"items_purged":["Strike_R","Strike_R"],"score":541,"play_id":"c757557e-fcc5-4fb0-a522-35c832c647cc","local_time":"20190823012249","is_ascension_mode":true,"campfire_choices":[{"data":"Bludgeon","floor":8,"key":"SMITH"},{"data":"Bash","floor":11,"key":"SMITH"},{"data":"Clothesline","floor":15,"key":"SMITH"},{"data":"Spot Weakness","floor":23,"key":"SMITH"},{"data":"Immolate","floor":25,"key":"SMITH"},{"data":"Heavy Blade","floor":27,"key":"SMITH"},{"data":"Double Tap","floor":32,"key":"SMITH"}],"neow_cost":"NONE","seed_source_timestamp":283314648618700,"circlet_count":0,"master_deck":["AscendersBane","Strike_R+1","Strike_R+1","Defend_R","Defend_R","Defend_R","Defend_R","Bash+1","Iron Wave","Shockwave","Bludgeon+1","Shrug It Off","Clothesline+1","Headbutt","Cleave","Impervious","Shrug It Off","Ghostly Armor","Double Tap+1","Immolate+1","Shrug It Off","Spot Weakness+1","Offering","Heavy Blade+1","Shrug It Off","True Grit+1","Shrug It Off"],"relics":["Black Blood","NeowsBlessing","Pocketwatch","Dodecahedron","Whetstone","Red Mask","Oddly Smooth Stone","Regal Pillow","Omamori","Blue Candle"],"potions_floor_usage":[6],"damage_taken":[{"damage":0,"enemies":"Jaw Worm","floor":1,"turns":1},{"damage":0,"enemies":"Cultist","floor":2,"turns":1},{"damage":0,"enemies":"Small Slimes","floor":4,"turns":2},{"damage":25,"enemies":"3 Sentries","floor":6,"turns":6},{"damage":7,"enemies":"Exordium Wildlife","floor":7,"turns":4},{"damage":10,"enemies":"3 Louse","floor":10,"turns":4},{"damage":0,"enemies":"Large Slime","floor":12,"turns":4},{"damage":16,"enemies":"Gremlin Nob","floor":13,"turns":3},{"damage":9,"enemies":"Lots of Slimes","floor":14,"turns":4},{"damage":38,"enemies":"Hexaghost","floor":16,"turns":10},{"damage":0,"enemies":"3 Byrds","floor":18,"turns":4},{"damage":0,"enemies":"Masked Bandits","floor":19,"turns":2},{"damage":6,"enemies":"Shell Parasite","floor":22,"turns":3},{"damage":9,"enemies":"Gremlin Leader","floor":24,"turns":6},{"damage":29,"enemies":"Slavers","floor":29,"turns":4},{"damage":0,"enemies":"3 Cultists","floor":31,"turns":2},{"damage":56,"enemies":"Automaton","floor":33,"turns":8}],"seed_played":"2797483881305208913","potions_obtained":[{"floor":2,"key":"Energy Potion"},{"floor":6,"key":"Swift Potion"},{"floor":10,"key":"Dexterity Potion"}],"is_trial":false,"path_per_floor":["M","M","?","M","$","E","M","R","T","M","R","M","E","M","R","B",null,"M","?","$","?","M","R","E","R","T","R","$","E","$","M","R","B"],"character_chosen":"IRONCLAD","items_purchased":["Clothesline","Oddly Smooth Stone","Offering","Shrug It Off"],"campfire_rested":0,"item_purchase_floors":[5,20,20,28],"current_hp_per_floor":[74,75,75,75,75,56,55,55,55,51,51,57,47,44,44,12,59,69,75,75,75,75,75,75,75,75,75,75,56,56,66,66,10],"gold":103,"neow_bonus":"THREE_ENEMY_KILL","is_prod":false,"is_daily":false,"chose_seed":false,"campfire_upgraded":7,"win_rate":0,"timestamp":1566537769,"path_taken":["M","M","?","?","$","E","M","R","T","M","R","M","E","M","R","BOSS","M","?","$","?","M","R","E","R","T","R","$","E","?","M","R","BOSS"],"build_version":"2019-07-17","purchased_purges":2,"victory":false,"max_hp_per_floor":[75,75,75,75,75,75,75,75,75,75,75,75,75,75,75,75,75,75,75,75,75,75,75,75,75,75,75,75,75,75,75,75,75],"card_choices":[{"not_picked":["Sword Boomerang","Dual Wield"],"picked":"Iron Wave","floor":1},{"not_picked":["Twin Strike","Clash"],"picked":"Shockwave","floor":2},{"not_picked":["Anger","Rampage"],"picked":"Shrug It Off","floor":4},{"not_picked":["Sentinel","Wild Strike"],"picked":"Headbutt","floor":6},{"not_picked":["Sword Boomerang","Wild Strike"],"picked":"Cleave","floor":7},{"not_picked":["Thunderclap","Dropkick"],"picked":"Impervious","floor":10},{"not_picked":["Body Slam","Intimidate"],"picked":"Shrug It Off","floor":12},{"not_picked":["Second Wind","Pommel Strike"],"picked":"Ghostly Armor","floor":13},{"not_picked":["Burning Pact","Armaments"],"picked":"Double Tap","floor":14},{"not_picked":["Offering","Juggernaut"],"picked":"Immolate","floor":16},{"not_picked":["Anger","Cleave"],"picked":"Shrug It Off","floor":18},{"not_picked":["Dropkick","Shockwave"],"picked":"Spot Weakness","floor":19},{"not_picked":["Cleave","Warcry","Barricade"],"picked":"SKIP","floor":22},{"not_picked":["Body Slam","Pommel Strike"],"picked":"Heavy Blade","floor":24},{"not_picked":["Spot Weakness","Iron Wave"],"picked":"True Grit+1","floor":29},{"not_picked":["Hemokinesis","Second Wind"],"picked":"Shrug It Off","floor":31}],"player_experience":893839,"relics_obtained":[{"floor":6,"key":"Pocketwatch"},{"floor":9,"key":"Dodecahedron"},{"floor":13,"key":"Whetstone"},{"floor":19,"key":"Red Mask"},{"floor":24,"key":"Regal Pillow"},{"floor":26,"key":"Omamori"},{"floor":29,"key":"Blue Candle"}],"event_choices":[{"damage_healed":0,"gold_gain":0,"cards_transformed":["Strike_R"],"player_choice":"Transformed","damage_taken":0,"max_hp_gain":0,"max_hp_loss":0,"event_name":"Transmorgrifier","floor":3,"gold_loss":0,"cards_obtained":["Bludgeon"]},{"damage_healed":0,"gold_gain":0,"player_choice":"Fought Bandits","damage_taken":0,"max_hp_gain":0,"max_hp_loss":0,"event_name":"Masked Bandits","floor":19,"gold_loss":0},{"damage_healed":0,"gold_gain":0,"player_choice":"Ignored","damage_taken":0,"max_hp_gain":0,"max_hp_loss":0,"event_name":"Vampires","floor":21,"gold_loss":0}],"is_beta":false,"boss_relics":[{"not_picked":["Runic Cube","Orrery"],"picked":"Black Blood"}],"items_purged_floors":[5,20],"is_endless":false,"potions_floor_spawned":[2,6,10,12,13,18,22,24,29],"killed_by":"Automaton","ascension_level":15}