{"gold_per_floor":[114,128,145,145,158,185,185,201,201,201,201,216,49,74,74,149,149,167,167,184,184,237,237,5,22,22,48,48,60,60,77,77,150,150,169,169,179,179,98,128,128,128,128,140,157,182,182,14,14,14],"floor_reached":51,"playtime":2316,"items_purged":["Defend_P"],"score":1410,"play_id":"8dc97194-5c8e-4601-a21b-d8236773b2b7","local_time":"20191013122222","is_ascension_mode":true,"campfire_choices":[{"data":"Eruption","floor":7.0,"key":"SMITH"},{"data":"Wallop","floor":11.0,"key":"SMITH"},{"data":"Study","floor":15.0,"key":"SMITH"},{"data":"Judgement","floor":23.0,"key":"SMITH"},{"data":"Ragnarok","floor":30.0,"key":"SMITH"},{"data":"ConjureBlade","floor":32.0,"key":"SMITH"},{"data":"Establishment","floor":41.0,"key":"SMITH"},{"data":"WindmillStrike","floor":47,"key":"SMITH"},{"data":"FlurryOfBlows","floor":49,"key":"SMITH"}],"neow_cost":"NONE","seed_source_timestamp":85164566688900,"circlet_count":0,"master_deck":["AscendersBane","Defend_P","Defend_P","Defend_P","Eruption+1","Vigilance","BowlingBash","Consecrate","EmptyMind","ConjureBlade+1","Wallop+1","FollowUp","Ragnarok+1","Study+1","Judgement+1","ClearTheMind+1","Meditate","Wallop+1","FlurryOfBlows+1","Establishment+1","WindmillStrike+1","Protect+1","LikeWater","CutThroughFate+1","TalkToTheHand","Adaptation"],"special_seed":0,"relics":["Coffee Dripper","Kunai","Question Card","Pantograph","SacredBark","Vajra","DollysMirror","Mercury Hourglass","Gremlin Horn","Omamori","Empty Cage","Smiling Mask","GoldenEye","MealTicket"],"potions_floor_usage":[44,46,50,50],"damage_taken":[{"damage":0.0,"enemies":"Jaw Worm","floor":1.0,"turns":2.0},{"damage":1.0,"enemies":"2 Louse","floor":2.0,"turns":4.0},{"damage":0.0,"enemies":"Small Slimes","floor":3.0,"turns":2.0},{"damage":11.0,"enemies":"Gremlin Gang","floor":5.0,"turns":5.0},{"damage":5.0,"enemies":"3 Sentries","floor":6.0,"turns":5.0},{"damage":20.0,"enemies":"Exordium Thugs","floor":8.0,"turns":6.0},{"damage":0.0,"enemies":"Exordium Wildlife","floor":12.0,"turns":3.0},{"damage":0.0,"enemies":"Gremlin Nob","floor":14.0,"turns":2.0},{"damage":10.0,"enemies":"The Guardian","floor":16.0,"turns":14.0},{"damage":0.0,"enemies":"2 Thieves","floor":18.0,"turns":4.0},{"damage":19.0,"enemies":"Chosen","floor":20.0,"turns":4.0},{"damage":1.0,"enemies":"Centurion and Healer","floor":25.0,"turns":4.0},{"damage":20.0,"enemies":"Book of Stabbing","floor":27.0,"turns":4.0},{"damage":12.0,"enemies":"Snecko","floor":29.0,"turns":4.0},{"damage":14.0,"enemies":"Shelled Parasite and Fungi","floor":31.0,"turns":3.0},{"damage":11.0,"enemies":"Collector","floor":33.0,"turns":5.0},{"damage":7.0,"enemies":"3 Shapes","floor":35.0,"turns":6.0},{"damage":20.0,"enemies":"3 Darklings","floor":37.0,"turns":3.0},{"damage":24.0,"enemies":"Reptomancer","floor":40.0,"turns":6.0},{"damage":0,"enemies":"Writhing Mass","floor":44,"turns":5},{"damage":11,"enemies":"Transient","floor":45,"turns":6},{"damage":0,"enemies":"Giant Head","floor":46,"turns":6},{"damage":22,"enemies":"Donu and Deca","floor":50,"turns":7}],"seed_played":"-3481753237107867573","potions_obtained":[{"floor":3.0,"key":"Fire Potion"},{"floor":8.0,"key":"FearPotion"},{"floor":14.0,"key":"PowerPotion"},{"floor":16.0,"key":"Block Potion"},{"floor":29.0,"key":"EssenceOfSteel"},{"floor":31.0,"key":"PowerPotion"},{"floor":40.0,"key":"Swift Potion"},{"floor":44,"key":"StancePotion"},{"floor":45,"key":"PowerPotion"}],"is_trial":false,"path_per_floor":["M","M","M","?","M","E","R","M","T","?","R","M","$","E","R","B",null,"M","?","M","?","T","R","$","M","T","E","T","M","R","M","R","B",null,"M","?","M","?","$","E","R","?","T","M","M","E","R","$","R","B",null],"character_chosen":"WATCHER","items_purchased":["Ragnarok","DollysMirror","LikeWater","Adaptation","EssenceOfSteel"],"campfire_rested":0,"item_purchase_floors":[13,24,39,48,48],"current_hp_per_floor":[61,60,60,53,42,37,37,17,17,17,17,17,17,17,17,32,59,59,59,40,54,54,54,54,53,53,33,33,21,21,7,7,21,56,49,49,29,29,29,5,5,65,65,65,54,54,54,65,65,43],"gold":14,"neow_bonus":"BOSS_RELIC","is_prod":false,"is_daily":false,"chose_seed":false,"campfire_upgraded":9,"win_rate":0,"timestamp":1570983742,"path_taken":["M","M","M","?","M","E","R","M","T","?","R","M","$","E","R","BOSS","M","?","?","?","?","R","$","M","T","E","?","?","R","M","R","BOSS","M","?","M","?","$","E","R","?","T","M","M","E","R","$","R","BOSS"],"build_version":"2019-10-11","purchased_purges":1,"victory":true,"max_hp_per_floor":[68,68,68,68,68,68,68,68,68,68,68,68,68,68,68,68,68,68,68,68,68,68,68,68,68,68,68,68,68,68,68,68,68,68,68,65,65,65,65,65,65,65,65,65,65,65,65,65,65,65],"card_choices":[{"not_picked":["Sanctity","Protect","BattleHymn"],"picked":"SKIP","floor":1.0},{"not_picked":["ForeignInfluence","Wireheading"],"picked":"BowlingBash","floor":2.0},{"not_picked":["Wireheading","PathToVictory"],"picked":"Consecrate","floor":3.0},{"not_picked":["EmptyBody","Consecrate"],"picked":"EmptyMind","floor":5.0},{"not_picked":["MasterReality","Scrawl"],"picked":"ConjureBlade","floor":6.0},{"not_picked":["Halt","DeceiveReality"],"picked":"Wallop","floor":8.0},{"not_picked":["CrushJoints","Collect","Wireheading"],"picked":"FollowUp","floor":12.0},{"not_picked":["Evaluate","ForeignInfluence","Protect"],"picked":"Study","floor":14.0},{"not_picked":["Devotion","ConjureBlade","Establishment"],"picked":"Judgement","floor":16.0},{"not_picked":["Halt+1","PathToVictory","CutThroughFate"],"picked":"ClearTheMind+1","floor":18.0},{"not_picked":["Crescendo+1","Weave","EmptyFist"],"picked":"Meditate","floor":20.0},{"not_picked":["WindmillStrike","FlyingSleeves","Halt"],"picked":"FlurryOfBlows","floor":25.0},{"not_picked":["Conclude","Wallop","CrushJoints","BattleHymn+1"],"picked":"SKIP","floor":27.0},{"not_picked":["SashWhip","CutThroughFate","JustLucky","Establishment"],"picked":"SKIP","floor":29.0},{"not_picked":["FollowUp","SashWhip","Protect","Prostrate+1"],"picked":"SKIP","floor":31.0},{"not_picked":["LessonLearned","MasterReality","Alpha"],"picked":"Establishment","floor":33.0},{"not_picked":["ReachHeaven","BowlingBash+1","Crescendo"],"picked":"WindmillStrike","floor":35.0},{"not_picked":["FlyingSleeves","SashWhip","FlurryOfBlows"],"picked":"Protect+1","floor":37.0},{"not_picked":["Halt+1","ConjureBlade","SashWhip+1","CrushJoints"],"picked":"SKIP","floor":40.0},{"not_picked":["Protect+1","WreathOfFlame","Sanctity","EmptyFist"],"picked":"SKIP","floor":44},{"not_picked":["BattleHymn+1","EmptyFist","ClearTheMind"],"picked":"CutThroughFate+1","floor":45},{"not_picked":["SandsOfTime","Establishment","Study+1"],"picked":"TalkToTheHand","floor":46}],"player_experience":1319700,"relics_obtained":[{"floor":6.0,"key":"Kunai"},{"floor":9.0,"key":"Question Card"},{"floor":14.0,"key":"Pantograph"},{"floor":22.0,"key":"Vajra"},{"floor":26.0,"key":"Mercury Hourglass"},{"floor":27.0,"key":"Gremlin Horn"},{"floor":28.0,"key":"Omamori"},{"floor":40.0,"key":"Smiling Mask"},{"floor":43.0,"key":"GoldenEye"},{"floor":46,"key":"MealTicket"}],"event_choices":[{"cards_removed":["Strike_P"],"damage_healed":0.0,"max_hp_gain":0.0,"max_hp_loss":0.0,"gold_gain":0.0,"event_name":"Golden Wing","player_choice":"Card Removal","floor":4.0,"gold_loss":0.0,"damage_taken":7.0},{"damage_healed":0.0,"max_hp_gain":0.0,"max_hp_loss":0.0,"gold_gain":0.0,"event_name":"Scrap Ooze","player_choice":"Fled","floor":10.0,"gold_loss":0.0,"damage_taken":0.0},{"cards_removed":["Strike_P"],"damage_healed":0.0,"max_hp_gain":0.0,"max_hp_loss":0.0,"gold_gain":0.0,"event_name":"Purifier","player_choice":"Purged","floor":19.0,"gold_loss":0.0,"damage_taken":0.0},{"damage_healed":14.0,"max_hp_gain":0.0,"max_hp_loss":0.0,"gold_gain":0.0,"event_name":"The Library","player_choice":"Heal","floor":21.0,"gold_loss":0.0,"damage_taken":0.0},{"damage_healed":0.0,"max_hp_gain":0.0,"max_hp_loss":3.0,"gold_gain":0.0,"event_name":"Winding Halls","player_choice":"Max HP","floor":36.0,"gold_loss":0.0,"damage_taken":0.0},{"damage_healed":0.0,"max_hp_gain":0.0,"max_hp_loss":0.0,"gold_gain":0.0,"event_name":"Tomb of Lord Red Mask","player_choice":"Ignored","floor":38.0,"gold_loss":0.0,"damage_taken":0.0},{"damage_healed":60.0,"max_hp_gain":0.0,"max_hp_loss":0.0,"gold_gain":0.0,"event_name":"MindBloom","player_choice":"Heal","floor":42.0,"gold_loss":0.0,"damage_taken":0.0,"cards_obtained":["Doubt"]}],"is_beta":true,"boss_relics":[{"not_picked":["Black Star","Velvet Choker"],"picked":"SacredBark"},{"not_picked":["SlaversCollar","Fusion Hammer"],"picked":"Empty Cage"}],"items_purged_floors":[24],"is_endless":false,"potions_floor_spawned":[3,8,14,16,29,31,40,44,45],"ascension_level":17}