{"gold_per_floor":[111,122,50,63,80,112,112,112,139,183,202,202,202,225,225,315,315,340,358,147,171,71,109,109,109,109,121,121,134,162,162,162,239,239,252,266,266,280,280,280],"floor_reached":40,"playtime":2460,"items_purged":["Strike_B","Strike_B"],"score":854,"play_id":"aed05b6a-f960-45b1-bb05-c013ba93340a","local_time":"20190813221812","is_ascension_mode":true,"campfire_choices":[{"data":"Capacitor","floor":7,"key":"SMITH"},{"data":"Go for the Eyes","floor":12,"key":"SMITH"},{"floor":15,"key":"REST"},{"data":"Defragment","floor":25,"key":"SMITH"},{"data":"Capacitor","floor":32,"key":"SMITH"}],"neow_cost":"NONE","seed_source_timestamp":130503920366000,"circlet_count":0,"master_deck":["AscendersBane","Strike_B","Strike_B","Defend_B","Defend_B","Defend_B","Defend_B","Zap","Dualcast","Reinforced Body","Compile Driver","Capacitor+1","Go for the Eyes+1","Glacier","Blizzard","Darkness","Glacier","Barrage","Seek","Capacitor+1","Redo","Biased Cognition","Defragment+1","Injury","White Noise","Machine Learning","Sunder+1","Recycle"],"relics":["Cracked Core","DataDisk","Bloody Idol","Bronze Scales","Happy Flower","Cursed Key","Bag of Marbles","Ornamental Fan","Mummified Hand","Velvet Choker"],"potions_floor_usage":[6,11,16,16,23,29,30,30],"damage_taken":[{"damage":1,"enemies":"Cultist","floor":1,"turns":4},{"damage":0,"enemies":"Small Slimes","floor":2,"turns":5},{"damage":7,"enemies":"Jaw Worm","floor":4,"turns":4},{"damage":25,"enemies":"Exordium Wildlife","floor":5,"turns":7},{"damage":5,"enemies":"Lagavulin","floor":6,"turns":9},{"damage":17,"enemies":"Gremlin Nob","floor":10,"turns":5},{"damage":16,"enemies":"Exordium Thugs","floor":11,"turns":4},{"damage":0,"enemies":"2 Fungi Beasts","floor":14,"turns":5},{"damage":16,"enemies":"The Guardian","floor":16,"turns":10},{"damage":2,"enemies":"Spheric Guardian","floor":18,"turns":5},{"damage":0,"enemies":"Shell Parasite","floor":19,"turns":6},{"damage":0,"enemies":"Shelled Parasite and Fungi","floor":21,"turns":7},{"damage":5,"enemies":"Book of Stabbing","floor":23,"turns":7},{"damage":0,"enemies":"Cultist and Chosen","floor":27,"turns":6},{"damage":6,"enemies":"3 Cultists","floor":29,"turns":6},{"damage":25,"enemies":"Slavers","floor":30,"turns":8},{"damage":0,"enemies":"Champ","floor":33,"turns":12},{"damage":12,"enemies":"Orb Walker","floor":35,"turns":4},{"damage":0,"enemies":"3 Shapes","floor":36,"turns":5},{"damage":14,"enemies":"Spire Growth","floor":38,"turns":8},{"damage":52,"enemies":"Nemesis","floor":40,"turns":7}],"seed_played":"-2696627390917743469","potions_obtained":[{"floor":2,"key":"Ancient Potion"},{"floor":5,"key":"Regen Potion"},{"floor":6,"key":"Weak Potion"},{"floor":13,"key":"Swift Potion"},{"floor":13,"key":"SkillPotion"},{"floor":18,"key":"GamblersBrew"},{"floor":23,"key":"Weak Potion"},{"floor":27,"key":"PowerPotion"},{"floor":29,"key":"Explosive Potion"}],"is_trial":false,"path_per_floor":["M","M","$","M","M","E","R","?","T","E","M","R","?","M","R","B",null,"M","M","$","M","$","E","?","R","T","M","T","M","E","?","R","B",null,"M","M","?","M","?","E"],"character_chosen":"DEFECT","items_purchased":["Capacitor","Biased Cognition"],"campfire_rested":1,"item_purchase_floors":[3,20],"current_hp_per_floor":[70,70,70,63,38,48,48,48,48,31,15,15,15,15,36,20,58,56,56,56,56,56,51,51,51,51,56,56,55,35,35,35,40,63,56,61,61,52,52,0],"gold":280,"neow_bonus":"TEN_PERCENT_HP_BONUS","is_prod":false,"is_daily":false,"chose_seed":false,"campfire_upgraded":4,"win_rate":0,"timestamp":1565749092,"path_taken":["M","M","$","M","M","E","R","?","T","E","M","R","?","M","R","BOSS","M","?","$","M","?","E","?","R","T","M","?","?","E","?","R","BOSS","M","M","?","M","?","E"],"build_version":"2019-07-17","purchased_purges":2,"victory":false,"max_hp_per_floor":[78,78,78,78,78,78,78,71,71,71,71,71,71,71,71,71,71,71,71,71,71,71,71,71,71,71,71,71,71,71,71,71,71,71,71,71,71,71,67,67],"card_choices":[{"not_picked":["Redo","Coolheaded"],"picked":"Reinforced Body","floor":1},{"not_picked":["Tempest","Lockon"],"picked":"Compile Driver","floor":2},{"not_picked":["Rebound","Gash"],"picked":"Go for the Eyes","floor":4},{"not_picked":["Cold Snap","Steam"],"picked":"Glacier","floor":5},{"not_picked":["Heatsinks","Conserve Battery"],"picked":"Blizzard","floor":6},{"not_picked":["Cold Snap","Turbo"],"picked":"Darkness","floor":10},{"not_picked":["Gash","Skim"],"picked":"Glacier","floor":11},{"not_picked":["Skim","Static Discharge"],"picked":"Barrage","floor":14},{"not_picked":["Hyperbeam","Multi-Cast"],"picked":"Seek","floor":16},{"not_picked":["Stack","Ball Lightning"],"picked":"Capacitor","floor":18},{"not_picked":["Rebound","Stack"],"picked":"Redo","floor":19},{"not_picked":["Streamline","Scrape"],"picked":"Defragment","floor":21},{"not_picked":["Go for the Eyes","Gash","Stack"],"picked":"SKIP","floor":23},{"not_picked":["Gash","Rebound","Static Discharge"],"picked":"SKIP","floor":27},{"not_picked":["Conserve Battery","Go for the Eyes","Gash"],"picked":"SKIP","floor":29},{"not_picked":["Leap","Gash"],"picked":"White Noise","floor":30},{"not_picked":["Fission","Seek"],"picked":"Machine Learning","floor":33},{"not_picked":["Stack","Reprogram"],"picked":"Sunder+1","floor":35},{"not_picked":["Leap","Hologram"],"picked":"Recycle","floor":36},{"not_picked":["Sweeping Beam+1","Streamline","Aggregate"],"picked":"SKIP","floor":38}],"player_experience":734322,"relics_obtained":[{"floor":6,"key":"DataDisk"},{"floor":9,"key":"Bronze Scales"},{"floor":10,"key":"Happy Flower"},{"floor":23,"key":"Bag of Marbles"},{"floor":28,"key":"Ornamental Fan"},{"floor":30,"key":"Mummified Hand"}],"event_choices":[{"damage_healed":0,"gold_gain":0,"player_choice":"Lose Max HP","damage_taken":0,"relics_obtained":["Golden Idol"],"max_hp_gain":0,"max_hp_loss":7,"event_name":"Golden Idol","floor":8,"gold_loss":0},{"damage_healed":0,"gold_gain":0,"player_choice":"Got Potions","damage_taken":0,"max_hp_gain":0,"max_hp_loss":0,"event_name":"Lab","floor":13,"gold_loss":0},{"damage_healed":0,"gold_gain":0,"player_choice":"Gave Idol","damage_taken":0,"relics_obtained":["Bloody Idol"],"max_hp_gain":0,"max_hp_loss":0,"event_name":"Forgotten Altar","floor":24,"relics_lost":["Golden Idol"],"gold_loss":0},{"damage_healed":0,"gold_gain":0,"player_choice":"Ignored","damage_taken":0,"max_hp_gain":0,"max_hp_loss":0,"event_name":"Ghosts","floor":31,"gold_loss":0},{"damage_healed":0,"gold_gain":0,"player_choice":"Ignored","damage_taken":0,"max_hp_gain":0,"max_hp_loss":0,"event_name":"Tomb of Lord Red Mask","floor":37,"gold_loss":0},{"damage_healed":0,"gold_gain":0,"player_choice":"Max HP","damage_taken":0,"max_hp_gain":0,"max_hp_loss":4,"event_name":"Winding Halls","floor":39,"gold_loss":0}],"is_beta":false,"boss_relics":[{"not_picked":["Pandora\u0027s Box","White Beast Statue"],"picked":"Cursed Key"},{"not_picked":["Snecko Eye","Eternal Feather"],"picked":"Velvet Choker"}],"items_purged_floors":[20,22],"is_endless":false,"potions_floor_spawned":[2,5,6,10,18,23,27,29],"killed_by":"Nemesis","ascension_level":15}