{"gold_per_floor":[116,135,146,2,25,25,25,25,97,97,97,97,113,130,130,232,232,248,263,263,282,293,293,327,327,327,188,200,274,292,322,322,421,421,437,448,448,461,478,478,508,508,508,523,523,68,87,87,87,87],"floor_reached":51,"playtime":817,"items_purged":["Defend_R","Defend_R","Parasite"],"score":716,"play_id":"095612db-f0e1-4934-82ab-63f5c12bf5d5","local_time":"20190419170635","is_ascension_mode":false,"campfire_choices":[{"data":"Bash","floor":6.0,"key":"SMITH"},{"data":"Shockwave","floor":10.0,"key":"SMITH"},{"data":"Sword Boomerang","floor":12.0,"key":"SMITH"},{"data":"Heavy Blade","floor":15.0,"key":"SMITH"},{"data":"Inflame","floor":23.0,"key":"SMITH"},{"data":"Intimidate","floor":25.0,"key":"SMITH"},{"floor":32,"key":"REST"},{"floor":40,"key":"REST"},{"floor":42,"key":"REST"},{"floor":49,"key":"REST"}],"neow_cost":"NONE","seed_source_timestamp":7527756359323,"circlet_count":0,"master_deck":["Strike_R","Strike_R+1","Strike_R","Strike_R","Strike_R","Defend_R","Defend_R","Bash+1","Carnage+1","Shockwave+1","Sword Boomerang+1","Inflame+1","Inflame+1","Heavy Blade+1","Clothesline+1","Sword Boomerang","Intimidate+1","Uppercut","Uppercut+1","Inflame+1","Demon Form+1","Headbutt+1","Metallicize+1","Twin Strike+1"],"special_seed":0,"relics":["Burning Blood","NeowsBlessing","Happy Flower","Mummified Hand","Velvet Choker","MutagenicStrength","Mercury Hourglass","Gremlin Horn","Frozen Egg 2","Red Mask","Fusion Hammer","Ginger","The Courier","ClockworkSouvenir","Paper Frog"],"potions_floor_usage":[50,50,50,50,50,50,50,50,50],"damage_taken":[{"damage":0.0,"enemies":"Cultist","floor":1.0,"turns":1.0},{"damage":0.0,"enemies":"2 Louse","floor":2.0,"turns":1.0},{"damage":0.0,"enemies":"Small Slimes","floor":3.0,"turns":1.0},{"damage":4.0,"enemies":"Red Slaver","floor":13.0,"turns":2.0},{"damage":14.0,"enemies":"Gremlin Gang","floor":14.0,"turns":3.0},{"damage":33.0,"enemies":"Hexaghost","floor":16.0,"turns":5.0},{"damage":3.0,"enemies":"Shell Parasite","floor":18.0,"turns":2.0},{"damage":20.0,"enemies":"2 Thieves","floor":19.0,"turns":3.0},{"damage":1.0,"enemies":"Cultist and Chosen","floor":21.0,"turns":3.0},{"damage":4.0,"enemies":"3 Cultists","floor":22.0,"turns":3.0},{"damage":28.0,"enemies":"Slavers","floor":24.0,"turns":4.0},{"damage":18,"enemies":"Shelled Parasite and Fungi","floor":28,"turns":2},{"damage":15,"enemies":"Snake Plant","floor":30,"turns":2},{"damage":6,"enemies":"Masked Bandits","floor":31,"turns":2},{"damage":20,"enemies":"Champ","floor":33,"turns":5},{"damage":6,"enemies":"Orb Walker","floor":35,"turns":2},{"damage":14,"enemies":"3 Darklings","floor":36,"turns":3},{"damage":33,"enemies":"Writhing Mass","floor":38,"turns":5},{"damage":22,"enemies":"Sphere and 2 Shapes","floor":39,"turns":3},{"damage":9,"enemies":"Giant Head","floor":41,"turns":5},{"damage":26,"enemies":"4 Shapes","floor":44,"turns":3},{"damage":3,"enemies":"Maw","floor":45,"turns":4},{"damage":18,"enemies":"Sphere and 2 Shapes","floor":47,"turns":3},{"damage":33,"enemies":"Donu and Deca","floor":50,"turns":4}],"seed_played":"1820744060589552834","potions_obtained":[{"floor":1.0,"key":"Ancient Potion"},{"floor":14.0,"key":"LiquidBronze"},{"floor":19.0,"key":"Regen Potion"},{"floor":21.0,"key":"EntropicBrew"},{"floor":33,"key":"SteroidPotion"},{"floor":47,"key":"EntropicBrew"}],"is_trial":false,"path_per_floor":["M","M","M","$","T","R","$","?","T","R","?","R","M","M","R","B",null,"M","M","?","M","M","R","E","R","T","$","M","T","M","?","R","B",null,"M","M","?","M","M","R","E","R","T","M","M","$","M","$","R","B",null],"character_chosen":"IRONCLAD","items_purchased":["Inflame","Uppercut","ClockworkSouvenir","Paper Frog"],"campfire_rested":4,"item_purchase_floors":[4,27,46,46],"current_hp_per_floor":[80,80,80,80,80,80,80,64,64,64,64,64,66,58,58,31,80,80,66,66,71,73,73,63,63,63,63,51,51,42,42,66,52,80,80,72,72,45,29,53,50,74,74,54,57,57,45,45,68,41],"gold":87,"neow_bonus":"THREE_ENEMY_KILL","is_prod":false,"is_daily":false,"chose_seed":false,"campfire_upgraded":6,"win_rate":0,"timestamp":1555715195,"path_taken":["M","M","?","$","?","R","$","?","T","R","?","R","?","?","R","BOSS","M","?","?","M","M","R","E","R","T","$","M","?","M","?","R","BOSS","M","M","?","?","?","R","E","R","T","M","M","$","M","$","R","BOSS"],"build_version":"2019-01-23","purchased_purges":3,"victory":true,"max_hp_per_floor":[80,80,80,80,80,80,80,80,80,80,80,80,80,80,80,80,80,80,80,80,80,80,80,80,80,80,80,80,80,80,80,80,80,80,80,80,80,80,80,80,80,80,80,80,80,77,77,77,77,77],"card_choices":[{"not_picked":["Sentinel","Flame Barrier"],"picked":"Carnage","floor":1.0},{"not_picked":["Clash","Warcry"],"picked":"Shockwave","floor":2.0},{"not_picked":["Juggernaut","Shrug It Off"],"picked":"Sword Boomerang","floor":3.0},{"not_picked":["Flex","Havoc"],"picked":"Inflame","floor":13.0},{"not_picked":["Armaments","Body Slam"],"picked":"Heavy Blade","floor":14.0},{"not_picked":["Sever Soul","Headbutt","Pommel Strike"],"picked":"SKIP","floor":18.0},{"not_picked":["Blood for Blood","Seeing Red","Spot Weakness"],"picked":"SKIP","floor":19.0},{"not_picked":["Anger","Pommel Strike"],"picked":"Clothesline+1","floor":21.0},{"not_picked":["Headbutt","Pommel Strike"],"picked":"Sword Boomerang","floor":22.0},{"not_picked":["Wild Strike","Impervious"],"picked":"Intimidate","floor":24.0},{"not_picked":["Headbutt","Second Wind","Pommel Strike"],"picked":"SKIP","floor":28},{"not_picked":["Wild Strike+1","Flex"],"picked":"Uppercut+1","floor":30},{"not_picked":["Sentinel","Sword Boomerang"],"picked":"Inflame+1","floor":31},{"not_picked":["Bludgeon","Dark Embrace+1"],"picked":"Demon Form+1","floor":33},{"not_picked":["Combust+1","Wild Strike","Shrug It Off+1"],"picked":"SKIP","floor":35},{"not_picked":["Metallicize+1","Clothesline","Thunderclap"],"picked":"SKIP","floor":36},{"not_picked":["Pommel Strike","Anger"],"picked":"Headbutt+1","floor":38},{"not_picked":["Havoc+1","Anger+1","Rage+1"],"picked":"SKIP","floor":39},{"not_picked":["Body Slam+1","Metallicize+1","Pommel Strike"],"picked":"SKIP","floor":41},{"not_picked":["Body Slam+1","Pommel Strike"],"picked":"Metallicize+1","floor":41},{"not_picked":["Twin Strike+1","Anger","Sword Boomerang+1"],"picked":"SKIP","floor":44},{"not_picked":["Anger","Sword Boomerang+1"],"picked":"Twin Strike+1","floor":44},{"not_picked":["Seeing Red","Wild Strike+1","Battle Trance+1"],"picked":"SKIP","floor":45},{"not_picked":["Clothesline","True Grit","Barricade+1"],"picked":"SKIP","floor":47}],"player_experience":1258549,"relics_obtained":[{"floor":5.0,"key":"Happy Flower"},{"floor":9.0,"key":"Mummified Hand"},{"floor":24.0,"key":"Mercury Hourglass"},{"floor":26.0,"key":"Gremlin Horn"},{"floor":29,"key":"Frozen Egg 2"},{"floor":31,"key":"Red Mask"},{"floor":41,"key":"Ginger"},{"floor":43,"key":"The Courier"}],"event_choices":[{"damage_healed":0.0,"max_hp_gain":0.0,"max_hp_loss":0.0,"gold_gain":0.0,"event_name":"Shining Light","player_choice":"Entered Light","floor":8.0,"gold_loss":0.0,"damage_taken":16.0,"cards_upgraded":["Carnage","Strike_R"]},{"damage_healed":0.0,"max_hp_gain":0.0,"max_hp_loss":0.0,"gold_gain":0.0,"event_name":"Upgrade Shrine","player_choice":"Upgraded","floor":11.0,"gold_loss":0.0,"damage_taken":0.0,"cards_upgraded":["Inflame"]},{"damage_healed":0.0,"max_hp_gain":0.0,"max_hp_loss":0.0,"gold_gain":0.0,"event_name":"Drug Dealer","player_choice":"Inject Mutagens","floor":20.0,"gold_loss":0.0,"damage_taken":0.0,"relics_obtained":["MutagenicStrength"]},{"damage_healed":0,"gold_gain":0,"player_choice":"Fought Bandits","damage_taken":0,"max_hp_gain":0,"max_hp_loss":0,"event_name":"Masked Bandits","floor":31,"gold_loss":0},{"damage_healed":0,"gold_gain":0,"player_choice":"Leave","damage_taken":0,"max_hp_gain":0,"max_hp_loss":0,"event_name":"FaceTrader","floor":37,"gold_loss":0}],"is_beta":false,"boss_relics":[{"not_picked":["Runic Dome","Mark of Pain"],"picked":"Velvet Choker"},{"not_picked":["White Beast Statue","Calling Bell"],"picked":"Fusion Hammer"}],"items_purged_floors":[4,27,46],"is_endless":false,"potions_floor_spawned":[1,14,19,21,22,33,36,39,41,47],"ascension_level":0}