{"gold_per_floor":[111,125,144,144,155,155,188,188,214,229,257,268,279,289,289,366,366,381,381,381,292,302,327,242,242,317,333,360,360,378,412,412,488,488,508,523,535,535],"floor_reached":38,"playtime":1769,"items_purged":[],"score":855,"play_id":"57448ad4-5b9d-4044-adc6-cabd15c1acae","local_time":"20190413134240","is_ascension_mode":true,"campfire_choices":[{"data":"Uppercut","floor":6.0,"key":"SMITH"},{"data":"Cleave","floor":8.0,"key":"SMITH"},{"data":"Metallicize","floor":15.0,"key":"SMITH"},{"data":"Power Through","floor":25.0,"key":"SMITH"},{"data":"Inflame","floor":32.0,"key":"SMITH"}],"neow_cost":"NONE","seed_source_timestamp":0,"circlet_count":0,"master_deck":["AscendersBane","Strike_R+1","Strike_R","Defend_R","Defend_R","Defend_R","Defend_R","Bash+1","Cleave+1","Uppercut+1","Reaper","Inflame+1","Second Wind","Metallicize+1","Feed","Power Through+1","Reaper","Inflame","True Grit+1","Immolate","Flame Barrier+1"],"special_seed":0,"relics":["Burning Blood","Vajra","Bronze Scales","Whetstone","Coffee Dripper","Dream Catcher","PreservedInsect","The Courier","Lantern","Art of War","Empty Cage"],"potions_floor_usage":[],"damage_taken":[{"damage":6.0,"enemies":"Cultist","floor":1.0,"turns":3.0},{"damage":4.0,"enemies":"Small Slimes","floor":2.0,"turns":4.0},{"damage":14.0,"enemies":"2 Louse","floor":3.0,"turns":3.0},{"damage":12.0,"enemies":"Gremlin Gang","floor":5.0,"turns":4.0},{"damage":30.0,"enemies":"Lagavulin","floor":7.0,"turns":5.0},{"damage":12.0,"enemies":"Looter","floor":10.0,"turns":3.0},{"damage":20.0,"enemies":"3 Sentries","floor":11.0,"turns":6.0},{"damage":16.0,"enemies":"Large Slime","floor":12.0,"turns":5.0},{"damage":24.0,"enemies":"Gremlin Gang","floor":13.0,"turns":3.0},{"damage":31.0,"enemies":"3 Louse","floor":14.0,"turns":4.0},{"damage":8.0,"enemies":"Hexaghost","floor":16.0,"turns":8.0},{"damage":20.0,"enemies":"Chosen","floor":18.0,"turns":5.0},{"damage":31.0,"enemies":"2 Thieves","floor":22.0,"turns":3.0},{"damage":39.0,"enemies":"Gremlin Leader","floor":23.0,"turns":7.0},{"damage":21.0,"enemies":"Snecko","floor":27.0,"turns":4.0},{"damage":35.0,"enemies":"Book of Stabbing","floor":28.0,"turns":5.0},{"damage":26.0,"enemies":"Cultist and Chosen","floor":30.0,"turns":9.0},{"damage":28.0,"enemies":"Slavers","floor":31.0,"turns":4.0},{"damage":86.0,"enemies":"Collector","floor":33.0,"turns":11.0},{"damage":11.0,"enemies":"Orb Walker","floor":35.0,"turns":3.0},{"damage":20.0,"enemies":"3 Darklings","floor":36.0,"turns":4.0},{"damage":68.0,"enemies":"Transient","floor":37.0,"turns":6.0},{"damage":49,"enemies":"Spire Growth","floor":38,"turns":4}],"seed_played":"6034305188354487763","potions_obtained":[{"floor":2.0,"key":"Fire Potion"},{"floor":3.0,"key":"Weak Potion"},{"floor":5.0,"key":"Poison Potion"},{"floor":10.0,"key":"Energy Potion"},{"floor":13.0,"key":"LiquidBronze"},{"floor":18.0,"key":"Poison Potion"},{"floor":27.0,"key":"EssenceOfSteel"},{"floor":28.0,"key":"Ancient Potion"},{"floor":36.0,"key":"Weak Potion"},{"floor":37.0,"key":"Weak Potion"}],"is_trial":false,"path_per_floor":["M","M","M","$","M","R","E","R","T","M","E","M","M","M","R","B",null,"M","?","?","$","M","E","?","R","T","M","E","?","M","E","R","B",null,"M","M","M","M"],"character_chosen":"IRONCLAD","items_purchased":["Inflame"],"campfire_rested":0,"item_purchase_floors":[21],"current_hp_per_floor":[68,70,62,62,56,56,32,32,32,31,31,31,24,14,14,22,62,58,58,58,58,50,78,78,78,78,79,66,66,58,64,64,30,71,71,70,32,0],"gold":535,"neow_bonus":"REMOVE_CARD","is_prod":false,"is_daily":false,"chose_seed":false,"campfire_upgraded":5,"win_rate":0,"timestamp":1555188160,"path_taken":["M","M","M","$","M","R","E","R","T","?","E","M","?","?","R","BOSS","M","?","?","$","?","E","?","R","T","M","E","?","M","E","R","BOSS","M","?","M","M"],"build_version":"2019-01-23","purchased_purges":0,"victory":false,"max_hp_per_floor":[75,75,75,75,75,75,75,75,75,75,75,75,75,75,75,75,75,78,78,78,78,78,78,78,78,78,81,84,84,84,84,84,84,84,84,84,84,84],"card_choices":[{"not_picked":["Flex","Heavy Blade"],"picked":"Cleave","floor":1.0},{"not_picked":["Disarm","Power Through"],"picked":"Uppercut","floor":2.0},{"not_picked":["Fire Breathing","Warcry","Entrench"],"picked":"SKIP","floor":3.0},{"not_picked":["Searing Blow","Anger","Clash"],"picked":"SKIP","floor":5.0},{"not_picked":["Armaments","Rampage"],"picked":"Reaper","floor":7.0},{"not_picked":["Flex","Sentinel"],"picked":"Inflame","floor":10.0},{"not_picked":["Rampage","Cleave","Barricade"],"picked":"SKIP","floor":11.0},{"not_picked":["Havoc","Corruption","Anger"],"picked":"SKIP","floor":12.0},{"not_picked":["Havoc","Flex"],"picked":"Second Wind","floor":13.0},{"not_picked":["Sword Boomerang","Heavy Blade"],"picked":"Metallicize","floor":14.0},{"not_picked":["Reaper","Double Tap"],"picked":"Feed","floor":16.0},{"not_picked":["Warcry","Sword Boomerang","Sever Soul"],"picked":"SKIP","floor":18.0},{"not_picked":["Wild Strike","Cleave+1","Iron Wave"],"picked":"SKIP","floor":22.0},{"not_picked":["Seeing Red","Dual Wield","Iron Wave+1"],"picked":"SKIP","floor":23.0},{"not_picked":["Whirlwind","Intimidate","Dual Wield"],"picked":"SKIP","floor":27.0},{"not_picked":["Burning Pact","Pommel Strike"],"picked":"True Grit","floor":28.0},{"not_picked":["Body Slam","Sentinel","Twin Strike"],"picked":"SKIP","floor":30.0},{"not_picked":["Burning Pact","Metallicize","Havoc"],"picked":"SKIP","floor":31.0},{"not_picked":["Juggernaut","Feed"],"picked":"Immolate","floor":33.0},{"not_picked":["Clash","Heavy Blade","Havoc"],"picked":"SKIP","floor":35.0},{"not_picked":["Twin Strike+1","Flex"],"picked":"Flame Barrier+1","floor":36.0},{"not_picked":["Entrench+1","Searing Blow","Iron Wave+1"],"picked":"SKIP","floor":37.0}],"player_experience":545734,"relics_obtained":[{"floor":7.0,"key":"Vajra"},{"floor":9.0,"key":"Bronze Scales"},{"floor":11.0,"key":"Whetstone"},{"floor":23.0,"key":"Dream Catcher"},{"floor":26.0,"key":"The Courier"},{"floor":28.0,"key":"Lantern"},{"floor":31.0,"key":"Art of War"}],"event_choices":[{"damage_healed":0.0,"max_hp_gain":0.0,"max_hp_loss":0.0,"gold_gain":0.0,"event_name":"The Library","player_choice":"Read","floor":19.0,"gold_loss":0.0,"damage_taken":0.0,"cards_obtained":["Power Through"]},{"damage_healed":0.0,"max_hp_gain":0.0,"max_hp_loss":0.0,"gold_gain":0.0,"event_name":"Duplicator","player_choice":"Copied","floor":20.0,"gold_loss":0.0,"damage_taken":0.0,"cards_obtained":["Reaper"]},{"damage_healed":0.0,"max_hp_gain":0.0,"max_hp_loss":0.0,"gold_gain":0.0,"event_name":"Addict","player_choice":"Obtained Relic","floor":24.0,"gold_loss":85.0,"damage_taken":0.0,"relics_obtained":["PreservedInsect"]},{"damage_healed":0.0,"max_hp_gain":0.0,"max_hp_loss":0.0,"gold_gain":0.0,"event_name":"Upgrade Shrine","player_choice":"Upgraded","floor":29.0,"gold_loss":0.0,"damage_taken":0.0,"cards_upgraded":["True Grit"]}],"is_beta":false,"boss_relics":[{"not_picked":["Ectoplasm","Lizard Tail"],"picked":"Coffee Dripper"},{"not_picked":["Runic Pyramid","Philosopher\u0027s Stone"],"picked":"Empty Cage"}],"items_purged_floors":[],"is_endless":false,"potions_floor_spawned":[2,3,5,10,13,18,27,28,36,37],"killed_by":"Spire Growth","ascension_level":18}