{"gold_per_floor":[116,116,130,8,26,41,55,55,82,82,99,99,109,125,125,230,230,205,225,325,342,45,45,64,64],"floor_reached":25,"playtime":2626,"items_purged":["Strike_B","Strike_B"],"score":199,"play_id":"20614f6c-ccfa-4d47-8780-472ed993058a","local_time":"20181224174144","is_ascension_mode":false,"campfire_choices":[{"data":"Genetic Algorithm","floor":10,"key":"SMITH"},{"data":"White Noise","floor":12,"key":"SMITH"},{"floor":15,"key":"REST"},{"data":"Redo","floor":23,"key":"SMITH"}],"neow_cost":"NONE","seed_source_timestamp":23504952984304,"circlet_count":0,"master_deck":["Strike_B","Strike_B","Defend_B","Defend_B","Defend_B","Zap","Dualcast","Rebound","Static Discharge","Coolheaded","Auto Shields","White Noise+1","Genetic Algorithm+1","Melter","Redo+1","Multi-Cast","Ball Lightning","Streamline","Heatsinks"],"relics":["Cracked Core","Regal Pillow","Boot","Coffee Dripper","Medical Kit"],"potions_floor_usage":[13,16,16,21],"damage_taken":[{"damage":1,"enemies":"Cultist","floor":1,"turns":3},{"damage":10,"enemies":"Small Slimes","floor":3,"turns":3},{"damage":3,"enemies":"Jaw Worm","floor":5,"turns":3},{"damage":16,"enemies":"Lots of Slimes","floor":6,"turns":4},{"damage":0,"enemies":"2 Fungi Beasts","floor":7,"turns":3},{"damage":4,"enemies":"3 Louse","floor":11,"turns":4},{"damage":26,"enemies":"Exordium Thugs","floor":13,"turns":5},{"damage":3,"enemies":"Exordium Wildlife","floor":14,"turns":4},{"damage":15,"enemies":"Slime Boss","floor":16,"turns":10},{"damage":25,"enemies":"2 Thieves","floor":18,"turns":5},{"damage":21,"enemies":"Chosen","floor":19,"turns":6},{"damage":0,"enemies":"Sentry and Sphere","floor":21,"turns":3},{"damage":14,"enemies":"Snake Plant","floor":24,"turns":3},{"damage":24,"enemies":"Chosen and Byrds","floor":25,"turns":4}],"seed_played":"-1971211319209137363","potions_obtained":[{"floor":3,"key":"Poison Potion"},{"floor":11,"key":"Explosive Potion"},{"floor":14,"key":"SpeedPotion"},{"floor":19,"key":"Strength Potion"}],"is_trial":false,"path_per_floor":["M","T","M","$","M","M","M","?","T","R","M","R","M","M","R","B",null,"M","M","?","M","$","R","M","M"],"character_chosen":"DEFECT","items_purchased":["Coolheaded","Medical Kit"],"campfire_rested":1,"item_purchase_floors":[4,22],"current_hp_per_floor":[81,81,71,71,68,52,52,45,45,45,41,41,15,12,51,36,82,57,36,36,36,36,36,22,0],"gold":64,"neow_bonus":"TEN_PERCENT_HP_BONUS","is_prod":false,"is_daily":false,"chose_seed":false,"campfire_upgraded":3,"win_rate":0.0,"timestamp":1545680504,"path_taken":["M","?","M","$","M","M","M","?","T","R","M","R","M","M","R","BOSS","M","M","?","M","?","R","M","M"],"build_version":"2018-12-20","purchased_purges":2,"victory":false,"max_hp_per_floor":[82,82,82,82,82,82,82,82,82,82,82,82,82,82,82,82,82,82,82,82,82,82,82,82,82],"card_choices":[{"not_picked":["Sweeping Beam","Compile Driver"],"picked":"Rebound","floor":1},{"not_picked":["Compile Driver","Gash"],"picked":"Static Discharge","floor":3},{"not_picked":["Gash","Consume"],"picked":"Auto Shields","floor":5},{"not_picked":["BootSequence","Biased Cognition"],"picked":"White Noise","floor":6},{"not_picked":["Cold Snap","Tempest"],"picked":"Genetic Algorithm","floor":7},{"not_picked":["Redo","Ball Lightning"],"picked":"Melter","floor":11},{"not_picked":["Lockon","Compile Driver"],"picked":"Redo","floor":13},{"not_picked":["Rip and Tear","Consume","Compile Driver"],"picked":"SKIP","floor":14},{"not_picked":["Buffer","Biased Cognition"],"picked":"Multi-Cast","floor":16},{"not_picked":["Redo","Melter"],"picked":"Ball Lightning","floor":18},{"not_picked":["Redo","Auto Shields","Ball Lightning"],"picked":"SKIP","floor":19},{"not_picked":["Auto Shields+1","Compile Driver"],"picked":"Streamline","floor":21},{"not_picked":["Tempest","Darkness"],"picked":"Heatsinks","floor":24}],"player_experience":76424,"relics_obtained":[{"floor":2,"key":"Regal Pillow"},{"floor":9,"key":"Boot"}],"event_choices":[{"cards_removed":["Defend_B"],"damage_healed":0,"gold_gain":0,"player_choice":"Card Removal","damage_taken":7,"max_hp_gain":0,"max_hp_loss":0,"event_name":"Golden Wing","floor":8,"gold_loss":0},{"damage_healed":0,"gold_gain":100,"player_choice":"Pray","damage_taken":0,"max_hp_gain":0,"max_hp_loss":0,"event_name":"Golden Shrine","floor":20,"gold_loss":0}],"is_beta":false,"boss_relics":[{"not_picked":["Calling Bell","Orrery"],"picked":"Coffee Dripper"}],"items_purged_floors":[4,22],"is_endless":false,"potions_floor_spawned":[3,11,14,19],"killed_by":"Chosen and Byrds","ascension_level":0}