{"gold_per_floor":[113,113,130,130,130,158,105,105,129,143,113,128,163,180,180,180],"floor_reached":16,"playtime":321,"items_purged":[],"score":142,"play_id":"8c8b3135-4b5d-4c30-b453-7dc28eb185d6","local_time":"20190410171958","is_ascension_mode":true,"campfire_choices":[{"data":"Pommel Strike","floor":8.0,"key":"SMITH"},{"data":"Bash","floor":15.0,"key":"SMITH"}],"neow_cost":"NONE","seed_source_timestamp":76113712672900,"circlet_count":0,"master_deck":["Strike_R","Strike_R","Strike_R","Strike_R","Strike_R","Defend_R","Defend_R","Defend_R","Defend_R","Bash+1","Pommel Strike","Pommel Strike+1","Twin Strike"],"special_seed":0,"relics":["Burning Blood","NeowsBlessing","Centennial Puzzle","Smiling Mask","Meat on the Bone"],"potions_floor_usage":[],"damage_taken":[{"damage":0.0,"enemies":"Small Slimes","floor":1.0,"turns":1.0},{"damage":0.0,"enemies":"Cultist","floor":3.0,"turns":1.0},{"damage":0.0,"enemies":"Gremlin Nob","floor":6.0,"turns":1.0},{"damage":2.0,"enemies":"2 Louse","floor":10.0,"turns":3.0},{"damage":12.0,"enemies":"Gremlin Gang","floor":12.0,"turns":3.0},{"damage":36.0,"enemies":"Lagavulin","floor":13.0,"turns":4.0},{"damage":12.0,"enemies":"2 Fungi Beasts","floor":14.0,"turns":4.0},{"damage":42,"enemies":"The Guardian","floor":16,"turns":10}],"seed_played":"2645860307263969838","potions_obtained":[{"floor":1.0,"key":"FearPotion"},{"floor":6.0,"key":"Dexterity Potion"},{"floor":11.0,"key":"Fire Potion"},{"floor":12.0,"key":"Poison Potion"}],"is_trial":false,"path_per_floor":["M","$","M","?","$","E","$","R","T","M","?","M","E","M","R","B"],"character_chosen":"IRONCLAD","items_purchased":["Twin Strike"],"campfire_rested":0,"item_purchase_floors":[7],"current_hp_per_floor":[80,80,80,80,80,80,80,80,80,80,80,74,44,50,50,8],"gold":180,"neow_bonus":"THREE_ENEMY_KILL","is_prod":false,"is_daily":false,"chose_seed":false,"campfire_upgraded":2,"win_rate":0,"timestamp":1554941998,"path_taken":["M","$","M","?","?","E","$","R","T","M","?","M","E","M","R","BOSS"],"build_version":"2019-01-23","purchased_purges":0,"victory":false,"max_hp_per_floor":[80,80,80,80,80,80,80,80,80,80,80,80,80,80,80,80],"card_choices":[{"not_picked":["Spot Weakness","True Grit","Burning Pact"],"picked":"SKIP","floor":1.0},{"not_picked":["Warcry","Power Through"],"picked":"Pommel Strike","floor":3.0},{"not_picked":["Infernal Blade","Cleave"],"picked":"Pommel Strike","floor":6.0},{"not_picked":["Burning Pact","Dual Wield","Armaments"],"picked":"SKIP","floor":10.0},{"not_picked":["Hemokinesis","Anger","Heavy Blade"],"picked":"SKIP","floor":12.0},{"not_picked":["Warcry","Feel No Pain","Sentinel"],"picked":"SKIP","floor":13.0},{"not_picked":["True Grit","Sentinel","Sword Boomerang"],"picked":"SKIP","floor":14.0}],"player_experience":518196,"relics_obtained":[{"floor":6.0,"key":"Centennial Puzzle"},{"floor":9.0,"key":"Smiling Mask"},{"floor":13.0,"key":"Meat on the Bone"}],"event_choices":[{"damage_healed":0.0,"max_hp_gain":0.0,"max_hp_loss":0.0,"gold_gain":0.0,"event_name":"NoteForYourself","player_choice":"Ignored","floor":4.0,"gold_loss":0.0,"damage_taken":0.0},{"damage_healed":0.0,"max_hp_gain":0.0,"max_hp_loss":0.0,"gold_gain":0.0,"event_name":"The Woman in Blue","player_choice":"Bought 2 Potions","floor":11.0,"gold_loss":0.0,"damage_taken":0.0}],"is_beta":false,"boss_relics":[],"items_purged_floors":[],"is_endless":false,"potions_floor_spawned":[1,6,12,13],"killed_by":"The Guardian","ascension_level":1}