{"gold_per_floor":[117,117,117,128,108,138,138,152,152,152,172,205,221,146,146,220,220,220,220,220,220,220,220],"floor_reached":23,"playtime":1136,"items_purged":["Regret"],"score":368,"play_id":"1078066f-a7d2-4d91-9126-2a810222eb5d","local_time":"20190411001336","is_ascension_mode":true,"campfire_choices":[{"data":"Zap","floor":7.0,"key":"SMITH"},{"floor":15,"key":"REST"}],"neow_cost":"NONE","seed_source_timestamp":38005756174041,"circlet_count":0,"master_deck":["AscendersBane","Strike_B","Strike_B","Defend_B","Defend_B","Defend_B","Defend_B","Zap+1","Dualcast","Panacea","Go for the Eyes","Machine Learning","Gash","Seek","Conserve Battery","FTL","Cold Snap","Machine Learning"],"special_seed":0,"relics":["Cracked Core","Sundial","Ice Cream","Singing Bowl","Kunai","Ectoplasm","Ornamental Fan"],"potions_floor_usage":[12,16],"damage_taken":[{"damage":0.0,"enemies":"2 Louse","floor":1.0,"turns":3.0},{"damage":5.0,"enemies":"Small Slimes","floor":4.0,"turns":3.0},{"damage":21.0,"enemies":"Lagavulin","floor":6.0,"turns":7.0},{"damage":0.0,"enemies":"Cultist","floor":8.0,"turns":3.0},{"damage":4.0,"enemies":"Large Slime","floor":11.0,"turns":6.0},{"damage":7,"enemies":"Gremlin Nob","floor":12,"turns":3},{"damage":4,"enemies":"Gremlin Gang","floor":13,"turns":6},{"damage":3,"enemies":"Slime Boss","floor":16,"turns":11},{"damage":4,"enemies":"Chosen","floor":18,"turns":5},{"damage":15,"enemies":"Shell Parasite","floor":19,"turns":6},{"damage":46,"enemies":"Colosseum Slavers","floor":21,"turns":5},{"damage":6,"enemies":"Book of Stabbing","floor":23,"turns":2}],"seed_played":"5028853040911728924","potions_obtained":[{"floor":4.0,"key":"Dexterity Potion"},{"floor":5.0,"key":"SkillPotion"},{"floor":12,"key":"Swift Potion"}],"is_trial":false,"path_per_floor":["M","?","?","M","?","E","R","M","T","?","M","E","M","$","R","B",null,"M","M","T","?","?","E"],"character_chosen":"DEFECT","items_purchased":[],"campfire_rested":1,"item_purchase_floors":[],"current_hp_per_floor":[64,64,64,59,59,38,38,38,38,38,36,29,25,25,46,43,66,64,51,51,5,5,0],"gold":220,"neow_bonus":"RANDOM_COLORLESS","is_prod":false,"is_daily":false,"chose_seed":false,"campfire_upgraded":1,"win_rate":0,"timestamp":1554966816,"path_taken":["M","?","?","?","?","E","R","?","T","?","M","E","M","$","R","BOSS","M","M","?","?","?","E"],"build_version":"2019-01-23","purchased_purges":1,"victory":false,"max_hp_per_floor":[71,71,71,71,71,71,71,71,71,71,73,73,73,73,73,73,73,75,77,77,77,77,77],"card_choices":[{"not_picked":["Reprogram","Redo"],"picked":"Go for the Eyes","floor":1.0},{"not_picked":["Rebound","Stack"],"picked":"Gash","floor":4.0},{"not_picked":["Gash","Rip and Tear"],"picked":"Seek","floor":6.0},{"not_picked":["Auto Shields","Hologram"],"picked":"Conserve Battery","floor":8.0},{"not_picked":["Rebound","Compile Driver","Streamline"],"picked":"Singing Bowl","floor":11.0},{"not_picked":["Auto Shields","Hologram"],"picked":"FTL","floor":12},{"not_picked":["Redo","Rebound"],"picked":"Cold Snap","floor":13},{"not_picked":["Seek","Reboot"],"picked":"Machine Learning","floor":16},{"not_picked":["Beam Cell","Melter","Sweeping Beam"],"picked":"Singing Bowl","floor":18},{"not_picked":["Stack","Turbo","Ball Lightning"],"picked":"Singing Bowl","floor":19}],"player_experience":705805,"relics_obtained":[{"floor":6.0,"key":"Ice Cream"},{"floor":9.0,"key":"Singing Bowl"},{"floor":12,"key":"Kunai"},{"floor":20,"key":"Ornamental Fan"}],"event_choices":[{"damage_healed":0.0,"max_hp_gain":0.0,"max_hp_loss":0.0,"gold_gain":0.0,"event_name":"Big Fish","player_choice":"Box","floor":2.0,"gold_loss":0.0,"damage_taken":0.0,"relics_obtained":["Sundial"],"cards_obtained":["Regret"]},{"damage_healed":0.0,"max_hp_gain":0.0,"max_hp_loss":0.0,"gold_gain":0.0,"cards_transformed":["Strike_B"],"event_name":"Transmorgrifier","player_choice":"Transformed","floor":3.0,"gold_loss":0.0,"damage_taken":0.0,"cards_obtained":["Machine Learning"]},{"damage_healed":0.0,"max_hp_gain":0.0,"max_hp_loss":0.0,"gold_gain":0.0,"event_name":"The Woman in Blue","player_choice":"Bought 1 Potion","floor":5.0,"gold_loss":0.0,"damage_taken":0.0},{"damage_healed":0.0,"max_hp_gain":0.0,"max_hp_loss":0.0,"gold_gain":0.0,"event_name":"FaceTrader","player_choice":"Leave","floor":10.0,"gold_loss":0.0,"damage_taken":0.0},{"damage_healed":0,"gold_gain":0,"player_choice":"Fight","damage_taken":0,"max_hp_gain":0,"max_hp_loss":0,"event_name":"Colosseum","floor":21,"gold_loss":0},{"damage_healed":0,"gold_gain":0,"player_choice":"Fled From Nobs","damage_taken":0,"max_hp_gain":0,"max_hp_loss":0,"event_name":"Colosseum","floor":21,"gold_loss":0},{"cards_removed":["Strike_B"],"damage_healed":0,"gold_gain":0,"player_choice":"Offered Basic","damage_taken":0,"max_hp_gain":0,"max_hp_loss":0,"event_name":"Bonfire Elementals","floor":22,"gold_loss":0}],"is_beta":false,"boss_relics":[{"not_picked":["Eternal Feather","Empty Cage"],"picked":"Ectoplasm"}],"items_purged_floors":[14],"is_endless":false,"potions_floor_spawned":[4,12,21],"killed_by":"Book of Stabbing","ascension_level":17}