{"gold_per_floor":[116,130,31,51,61,96,96,129,129,129,13,0,33,33,33,137,137,151,164,12,12,32,32,32,58,83,94,94,121,121,132,132,233,233,245,245,5,83,83,83,83],"floor_reached":41,"playtime":2490,"items_purged":["Strike_B"],"score":534,"play_id":"50850ce0-4f79-4757-a447-f0b7f4e83dc0","local_time":"20181208211945","is_ascension_mode":true,"campfire_choices":[{"floor":7,"key":"REST"},{"floor":15,"key":"REST"},{"floor":23,"key":"REST"},{"floor":28,"key":"REST"},{"floor":30,"key":"REST"},{"floor":32,"key":"REST"},{"floor":40,"key":"REST"}],"neow_cost":"NONE","seed_source_timestamp":1745777168312838,"circlet_count":0,"master_deck":["Strike_B","Strike_B","Defend_B","Defend_B+1","Zap","Dualcast","Doom and Gloom","Ball Lightning","Coolheaded","Turbo","Conserve Battery","Streamline","Redo","Machine Learning","Defragment","Sunder","Conserve Battery+1","Rainbow","Beam Cell+1","Tempest","Self Repair","Go for the Eyes","Rebound+1","Redo","Chaos+1","Rebound+1","Amplify","Rebound+1","Go for the Eyes","Capacitor","Stack"],"relics":["Cracked Core","Pen Nib","Bag of Preparation","Ornamental Fan","Gremlin Horn","Lantern","Fusion Hammer","Strawberry","Meat on the Bone","Dream Catcher","War Paint","White Beast Statue","Potion Belt","Matryoshka"],"potions_floor_usage":[6,16,25,29,33,41,41,41],"damage_taken":[{"damage":2,"enemies":"2 Louse","floor":1,"turns":2},{"damage":7,"enemies":"Jaw Worm","floor":2,"turns":2},{"damage":0,"enemies":"Cultist","floor":4,"turns":2},{"damage":0,"enemies":"Exordium Wildlife","floor":5,"turns":3},{"damage":17,"enemies":"Gremlin Nob","floor":6,"turns":4},{"damage":23,"enemies":"3 Sentries","floor":8,"turns":4},{"damage":8,"enemies":"Gremlin Nob","floor":13,"turns":3},{"damage":44,"enemies":"Hexaghost","floor":16,"turns":9},{"damage":20,"enemies":"Shell Parasite","floor":18,"turns":4},{"damage":14,"enemies":"2 Thieves","floor":19,"turns":3},{"damage":3,"enemies":"Snecko","floor":22,"turns":3},{"damage":20,"enemies":"Gremlin Leader","floor":25,"turns":6},{"damage":19,"enemies":"Snake Plant","floor":27,"turns":3},{"damage":12,"enemies":"Book of Stabbing","floor":29,"turns":5},{"damage":14,"enemies":"Shelled Parasite and Fungi","floor":31,"turns":4},{"damage":40,"enemies":"Automaton","floor":33,"turns":8},{"damage":2,"enemies":"3 Shapes","floor":35,"turns":3},{"damage":113,"enemies":"Giant Head","floor":41,"turns":9}],"seed_played":"7008078036768818591","potions_obtained":[{"floor":1,"key":"Block Potion"},{"floor":2,"key":"FocusPotion"},{"floor":8,"key":"Explosive Potion"},{"floor":16,"key":"EssenceOfSteel"},{"floor":25,"key":"AttackPotion"},{"floor":29,"key":"PowerPotion"},{"floor":33,"key":"EssenceOfSteel"},{"floor":35,"key":"EssenceOfSteel"}],"is_trial":false,"path_per_floor":["M","M","$","M","M","E","R","E","T","?","$","?","E","T","R","B",null,"M","M","$","?","M","R","?","E","T","M","R","E","R","M","R","B",null,"M","?","$","T","?","R","E"],"character_chosen":"DEFECT","items_purchased":["Turbo","Defragment","Sunder","Strawberry","Capacitor","Stack","Potion Belt"],"campfire_rested":7,"item_purchase_floors":[3,11,11,20,37,37,37],"current_hp_per_floor":[73,66,66,66,66,49,71,48,48,48,48,48,40,40,62,18,75,55,41,48,48,45,69,69,56,56,49,73,68,82,75,82,49,82,82,82,82,82,82,82,0],"gold":83,"neow_bonus":"THREE_CARDS","is_prod":false,"is_daily":false,"chose_seed":false,"campfire_upgraded":0,"win_rate":0,"timestamp":1544321985,"path_taken":["M","M","$","M","M","E","R","E","T","?","$","?","E","?","R","BOSS","M","?","$","?","?","R","?","E","T","M","R","E","R","M","R","BOSS","M","?","$","?","?","R","E"],"build_version":"2018-12-06","purchased_purges":1,"victory":false,"max_hp_per_floor":[75,75,75,75,75,75,75,75,75,75,75,75,75,75,75,75,75,75,75,82,82,82,82,82,82,82,82,82,82,82,82,82,82,82,82,82,82,82,82,82,82],"card_choices":[{"not_picked":["Barrage","Turbo"],"picked":"Doom and Gloom","floor":0},{"not_picked":["Reinforced Body","Fusion"],"picked":"Ball Lightning","floor":1},{"not_picked":["Lockon","Scrape"],"picked":"Coolheaded","floor":2},{"not_picked":["Gash","Self Repair"],"picked":"Conserve Battery","floor":4},{"not_picked":["Coolheaded","Auto Shields"],"picked":"Streamline","floor":5},{"not_picked":["Turbo","Undo"],"picked":"Redo","floor":6},{"not_picked":["Steam","Cold Snap"],"picked":"Machine Learning","floor":8},{"not_picked":["Cold Snap","Hyperbeam"],"picked":"Conserve Battery","floor":13},{"not_picked":["Fission","Amplify"],"picked":"Rainbow","floor":16},{"not_picked":["Doom and Gloom","Steam Power"],"picked":"Beam Cell+1","floor":18},{"not_picked":["Turbo","Scrape+1"],"picked":"Tempest","floor":19},{"not_picked":["Leap","Tempest+1"],"picked":"Self Repair","floor":22},{"not_picked":["Cold Snap","Consume","Glacier"],"picked":"SKIP","floor":25},{"not_picked":["Self Repair","Sweeping Beam"],"picked":"Go for the Eyes","floor":27},{"not_picked":["Darkness","Reboot"],"picked":"Rebound+1","floor":28},{"not_picked":["Sweeping Beam","Gash+1"],"picked":"Redo","floor":29},{"not_picked":["Tempest","Redo"],"picked":"Chaos+1","floor":30},{"not_picked":["Glacier+1","Sweeping Beam","Force Field"],"picked":"SKIP","floor":31},{"not_picked":["Conserve Battery","FTL"],"picked":"Rebound+1","floor":32},{"not_picked":["Multi-Cast","Seek"],"picked":"Amplify","floor":33},{"not_picked":["Beam Cell+1","Go for the Eyes+1"],"picked":"Rebound+1","floor":35}],"player_experience":173322,"relics_obtained":[{"floor":6,"key":"Pen Nib"},{"floor":8,"key":"Bag of Preparation"},{"floor":9,"key":"Ornamental Fan"},{"floor":13,"key":"Gremlin Horn"},{"floor":14,"key":"Lantern"},{"floor":25,"key":"Meat on the Bone"},{"floor":26,"key":"Dream Catcher"},{"floor":29,"key":"War Paint"},{"floor":38,"key":"Matryoshka"}],"event_choices":[{"damage_healed":0,"gold_gain":0,"player_choice":"Ignored","damage_taken":0,"max_hp_gain":0,"max_hp_loss":0,"event_name":"Shining Light","floor":10,"gold_loss":0},{"damage_healed":0,"gold_gain":0,"player_choice":"Left Gold","damage_taken":0,"max_hp_gain":0,"max_hp_loss":0,"event_name":"World of Goop","floor":12,"gold_loss":13},{"cards_removed":["Defend_B"],"damage_healed":0,"gold_gain":0,"player_choice":"Offered Basic","damage_taken":0,"max_hp_gain":0,"max_hp_loss":0,"event_name":"Bonfire Elementals","floor":21,"gold_loss":0},{"damage_healed":0,"gold_gain":0,"player_choice":"Ignored","damage_taken":0,"max_hp_gain":0,"max_hp_loss":0,"event_name":"Vampires","floor":24,"gold_loss":0},{"damage_healed":0,"gold_gain":0,"cards_transformed":["Strike_B"],"player_choice":"Transformed","damage_taken":0,"max_hp_gain":0,"max_hp_loss":0,"event_name":"Transmorgrifier","floor":36,"gold_loss":0,"cards_obtained":["Go for the Eyes"]},{"cards_removed":["Defend_B"],"damage_healed":0,"gold_gain":0,"player_choice":"Removed Skill","damage_taken":0,"max_hp_gain":0,"max_hp_loss":0,"event_name":"Falling","floor":39,"gold_loss":0}],"is_beta":false,"boss_relics":[{"not_picked":["Black Star","Orrery"],"picked":"Fusion Hammer"},{"not_picked":["Runic Pyramid","Philosopher\u0027s Stone"],"picked":"White Beast Statue"}],"items_purged_floors":[3],"is_endless":false,"potions_floor_spawned":[1,2,8,16,25,29,33,35],"killed_by":"Giant Head","ascension_level":4}