{"gold_per_floor":[117,137,62,62,79,106,122,122,122,122,122,122,138,164,164,237,237,247,91,103,120,120,120,120,132,132,132,132,163,163,67,67,141,141,161,161,161,181,197,197,213,245,245,274,287,287,315,331,331,331,331,331,331,44,69,69],"floor_reached":57,"playtime":7571,"items_purged":["Strike_R"],"score":2865,"play_id":"36f75b44-9293-4bb9-9624-c8b6ec57e6e2","local_time":"20190418165302","is_ascension_mode":true,"campfire_choices":[{"data":"Bash","floor":11.0,"key":"SMITH"},{"data":"True Grit","floor":15.0,"key":"SMITH"},{"data":"Feel No Pain","floor":23.0,"key":"SMITH"},{"data":"Juggernaut","floor":27.0,"key":"SMITH"},{"data":"Sever Soul","floor":30.0,"key":"SMITH"},{"floor":32.0,"key":"REST"},{"data":"Fiend Fire","floor":40.0,"key":"SMITH"},{"floor":46.0,"key":"RECALL"},{"data":"Feel No Pain","floor":49.0,"key":"SMITH"},{"data":"Flame Barrier","floor":53.0,"key":"SMITH"}],"neow_cost":"PERCENT_DAMAGE","seed_source_timestamp":756945475467400,"circlet_count":0,"master_deck":["AscendersBane","Strike_R+1","Strike_R+1","Defend_R+1","Defend_R+1","Defend_R+1","Defend_R+1","Bash+1","Wild Strike+1","Offering+1","True Grit+1","Shrug It Off","Juggernaut+1","Feel No Pain+1","Entrench","Disarm","Sever Soul+1","Cleave","Pommel Strike+1","Evolve","Fiend Fire+1","Feel No Pain+1","Perfected Strike+1","Clothesline","Flame Barrier+1","Clothesline","Spot Weakness","Shrug It Off"],"special_seed":0,"relics":["Burning Blood","War Paint","Calipers","Paper Frog","Gremlin Horn","Meat on the Bone","Snecko Eye","Happy Flower","Cursed Key","Centennial Puzzle","Pear","Dream Catcher","Bag of Preparation","Bronze Scales"],"potions_floor_usage":[56,56],"damage_taken":[{"damage":6.0,"enemies":"Cultist","floor":1.0,"turns":4.0},{"damage":5.0,"enemies":"Small Slimes","floor":2.0,"turns":4.0},{"damage":12.0,"enemies":"Jaw Worm","floor":5.0,"turns":2.0},{"damage":25.0,"enemies":"Lagavulin","floor":6.0,"turns":5.0},{"damage":6.0,"enemies":"Exordium Wildlife","floor":7.0,"turns":2.0},{"damage":3.0,"enemies":"Looter","floor":13.0,"turns":2.0},{"damage":11.0,"enemies":"Gremlin Nob","floor":14.0,"turns":3.0},{"damage":38.0,"enemies":"Slime Boss","floor":16.0,"turns":9.0},{"damage":36.0,"enemies":"3 Byrds","floor":18.0,"turns":6.0},{"damage":1.0,"enemies":"Chosen","floor":20.0,"turns":5.0},{"damage":28.0,"enemies":"Centurion and Healer","floor":21.0,"turns":8.0},{"damage":21.0,"enemies":"Colosseum Slavers","floor":24.0,"turns":5.0},{"damage":21.0,"enemies":"Chosen and Byrds","floor":25.0,"turns":6.0},{"damage":6.0,"enemies":"Gremlin Leader","floor":29.0,"turns":5.0},{"damage":44.0,"enemies":"Collector","floor":33.0,"turns":9.0},{"damage":0.0,"enemies":"Orb Walker","floor":35.0,"turns":3.0},{"damage":0.0,"enemies":"3 Shapes","floor":38.0,"turns":4.0},{"damage":9.0,"enemies":"Sphere and 2 Shapes","floor":39.0,"turns":4.0},{"damage":19.0,"enemies":"Transient","floor":41.0,"turns":6.0},{"damage":6.0,"enemies":"Reptomancer","floor":42.0,"turns":4.0},{"damage":15.0,"enemies":"Giant Head","floor":44.0,"turns":7.0},{"damage":6.0,"enemies":"Writhing Mass","floor":45.0,"turns":5.0},{"damage":6.0,"enemies":"Nemesis","floor":47.0,"turns":5.0},{"damage":0.0,"enemies":"4 Shapes","floor":48.0,"turns":4.0},{"damage":12.0,"enemies":"Time Eater","floor":50.0,"turns":10.0},{"damage":62.0,"enemies":"Donu and Deca","floor":51.0,"turns":9.0},{"damage":6.0,"enemies":"Shield and Spear","floor":55.0,"turns":4.0},{"damage":74,"enemies":"The Heart","floor":56,"turns":8}],"seed_played":"-6069760252789068374","potions_obtained":[{"floor":2.0,"key":"Fire Potion"},{"floor":5.0,"key":"EntropicBrew"},{"floor":7.0,"key":"PowerPotion"},{"floor":16.0,"key":"Regen Potion"},{"floor":20.0,"key":"Fruit Juice"},{"floor":21.0,"key":"Regen Potion"},{"floor":35.0,"key":"Swift Potion"},{"floor":44.0,"key":"LiquidBronze"}],"is_trial":false,"path_per_floor":["M","M","?","?","M","E","M","?","T","T","R","?","M","E","R","B",null,"M","$","M","M","?","R","?","M","T","R","?","E","R","$","R","B",null,"M","?","?","M","M","R","M","E","T","E","M","R","E","M","R","B","B",null,"R","$","E","B",null],"character_chosen":"IRONCLAD","items_purchased":["Entrench","Evolve","PowerPotion","Bag of Preparation","Spot Weakness","AttackPotion"],"campfire_rested":1,"item_purchase_floors":[19,31,31,54,54,54],"current_hp_per_floor":[64,65,65,65,59,40,40,35,35,35,35,35,38,33,33,26,73,58,58,68,58,58,58,55,55,55,55,55,55,55,55,83,57,85,91,91,91,94,91,91,78,78,78,79,79,79,79,85,85,79,35,87,87,87,87,31],"gold":69,"neow_bonus":"TWENTY_PERCENT_HP_BONUS","is_prod":false,"is_daily":false,"chose_seed":false,"campfire_upgraded":8,"win_rate":0,"timestamp":1555631582,"path_taken":["M","M","?","?","M","E","?","?","T","?","R","?","M","E","R","BOSS","M","$","M","M","?","R","?","M","T","R","?","E","R","?","R","BOSS","M","?","?","M","M","R","?","E","T","E","M","R","E","M","R","BOSS","BOSS","R","$","E","BOSS"],"build_version":"2019-01-23","purchased_purges":1,"victory":true,"max_hp_per_floor":[89,89,89,89,89,89,89,89,89,89,89,89,89,89,89,89,89,89,89,94,94,94,94,94,94,94,94,94,94,94,94,94,94,94,94,94,94,94,94,94,94,94,94,104,104,104,104,104,104,104,104,104,104,104,104,104],"card_choices":[{"not_picked":["Heavy Blade","Clash"],"picked":"Wild Strike","floor":1.0},{"not_picked":["Searing Blow","Clash","Pummel"],"picked":"SKIP","floor":2.0},{"not_picked":["Wild Strike","Hemokinesis","Sword Boomerang"],"picked":"SKIP","floor":5.0},{"not_picked":["Armaments","True Grit"],"picked":"Offering","floor":6.0},{"not_picked":["Body Slam","Twin Strike"],"picked":"True Grit","floor":7.0},{"not_picked":["Blood for Blood","Perfected Strike","Second Wind"],"picked":"SKIP","floor":13.0},{"not_picked":["Rupture","Dropkick"],"picked":"Shrug It Off","floor":14.0},{"not_picked":["Bludgeon","Barricade"],"picked":"Juggernaut","floor":16.0},{"not_picked":["Flex","Clash"],"picked":"Feel No Pain","floor":18.0},{"not_picked":["Metallicize","Perfected Strike"],"picked":"Disarm","floor":20.0},{"not_picked":["Iron Wave","Shrug It Off"],"picked":"Sever Soul","floor":21.0},{"not_picked":["Ghostly Armor","Headbutt"],"picked":"Cleave","floor":25.0},{"not_picked":["Ghostly Armor","Burning Pact"],"picked":"Pommel Strike+1","floor":29.0},{"not_picked":["Impervious","Barricade"],"picked":"Fiend Fire","floor":33.0},{"not_picked":["Twin Strike","Clothesline"],"picked":"Feel No Pain","floor":35.0},{"not_picked":["Anger","Sword Boomerang"],"picked":"Perfected Strike+1","floor":38.0},{"not_picked":["Whirlwind+1","Seeing Red"],"picked":"Clothesline","floor":39.0},{"not_picked":["Barricade","Clash+1"],"picked":"Flame Barrier","floor":41.0},{"not_picked":["Shrug It Off","Twin Strike","Battle Trance"],"picked":"SKIP","floor":42.0},{"not_picked":["Clash","Headbutt","Thunderclap"],"picked":"SKIP","floor":44.0},{"not_picked":["Sever Soul+1","Perfected Strike","Thunderclap+1"],"picked":"SKIP","floor":45.0},{"not_picked":["Clash","Bloodletting","Warcry"],"picked":"SKIP","floor":47.0},{"not_picked":["Havoc","Feed"],"picked":"Clothesline","floor":48.0},{"not_picked":["Evolve","Metallicize"],"picked":"Shrug It Off","floor":55.0}],"player_experience":570506,"relics_obtained":[{"floor":6.0,"key":"War Paint"},{"floor":9.0,"key":"Paper Frog"},{"floor":10.0,"key":"Gremlin Horn"},{"floor":14.0,"key":"Meat on the Bone"},{"floor":29.0,"key":"Happy Flower"},{"floor":42.0,"key":"Centennial Puzzle"},{"floor":44.0,"key":"Pear"},{"floor":47.0,"key":"Dream Catcher"},{"floor":55.0,"key":"Bronze Scales"}],"event_choices":[{"cards_removed":["Strike_R"],"damage_healed":0.0,"max_hp_gain":0.0,"max_hp_loss":0.0,"gold_gain":0.0,"event_name":"The Cleric","player_choice":"Card Removal","floor":3.0,"gold_loss":75.0,"damage_taken":0.0},{"damage_healed":0.0,"max_hp_gain":0.0,"max_hp_loss":0.0,"gold_gain":0.0,"event_name":"Upgrade Shrine","player_choice":"Upgraded","floor":4.0,"gold_loss":0.0,"damage_taken":0.0,"cards_upgraded":["Wild Strike"]},{"damage_healed":0.0,"max_hp_gain":0.0,"max_hp_loss":0.0,"gold_gain":0.0,"event_name":"Scrap Ooze","player_choice":"Success","floor":8.0,"gold_loss":0.0,"damage_taken":5.0,"relics_obtained":["Calipers"]},{"damage_healed":0.0,"max_hp_gain":0.0,"max_hp_loss":0.0,"gold_gain":0.0,"event_name":"Liars Game","player_choice":"Ignored","floor":12.0,"gold_loss":0.0,"damage_taken":0.0},{"damage_healed":0.0,"max_hp_gain":0.0,"max_hp_loss":0.0,"gold_gain":0.0,"event_name":"Ghosts","player_choice":"Ignored","floor":22.0,"gold_loss":0.0,"damage_taken":0.0},{"damage_healed":0.0,"max_hp_gain":0.0,"max_hp_loss":0.0,"gold_gain":0.0,"event_name":"Colosseum","player_choice":"Fight","floor":24.0,"gold_loss":0.0,"damage_taken":0.0},{"damage_healed":0.0,"max_hp_gain":0.0,"max_hp_loss":0.0,"gold_gain":0.0,"event_name":"Colosseum","player_choice":"Fled From Nobs","floor":24.0,"gold_loss":0.0,"damage_taken":0.0},{"damage_healed":0.0,"max_hp_gain":0.0,"max_hp_loss":0.0,"gold_gain":0.0,"event_name":"Colosseum","player_choice":"Fled From Nobs","floor":24.0,"gold_loss":0.0,"damage_taken":0.0},{"damage_healed":0.0,"max_hp_gain":0.0,"max_hp_loss":0.0,"gold_gain":0.0,"event_name":"Colosseum","player_choice":"Fled From Nobs","floor":24.0,"gold_loss":0.0,"damage_taken":0.0},{"damage_healed":0.0,"max_hp_gain":0.0,"max_hp_loss":0.0,"gold_gain":0.0,"event_name":"Back to Basics","player_choice":"Simplicity","floor":28.0,"gold_loss":0.0,"damage_taken":0.0,"cards_upgraded":["Strike_R","Strike_R","Strike_R","Defend_R","Defend_R","Defend_R"]},{"damage_healed":0.0,"max_hp_gain":0.0,"max_hp_loss":0.0,"gold_gain":0.0,"event_name":"Tomb of Lord Red Mask","player_choice":"Ignored","floor":36.0,"gold_loss":0.0,"damage_taken":0.0},{"cards_removed":["Strike_R"],"damage_healed":0.0,"max_hp_gain":0.0,"max_hp_loss":0.0,"gold_gain":0.0,"event_name":"Purifier","player_choice":"Purged","floor":37.0,"gold_loss":0.0,"damage_taken":0.0}],"is_beta":false,"boss_relics":[{"not_picked":["Eternal Feather","Ectoplasm"],"picked":"Snecko Eye"},{"not_picked":["Empty Cage","Lizard Tail"],"picked":"Cursed Key"}],"items_purged_floors":[19],"is_endless":false,"potions_floor_spawned":[2,5,7,16,20,21,24,35,44],"ascension_level":20}