{"gold_per_floor":[110,122,138,88,88,116,131,164,164,164,178,198,198,218,218,294,294,304,318,318,329,68,68,97,108,108,108,135,153,78,78,78,151,151,169,143,143,162,162,190,190,208,208,242,252,284,284,329,329,329],"floor_reached":51,"playtime":3257,"items_purged":["Regret"],"score":1473,"play_id":"caad966e-4bef-49e8-b14d-292b843110a5","local_time":"20190318163006","is_ascension_mode":true,"campfire_choices":[{"floor":10.0,"key":"REST"},{"floor":15.0,"key":"REST"},{"data":"Dualcast","floor":23.0,"key":"SMITH"},{"floor":27.0,"key":"REST"},{"data":"Defragment","floor":32.0,"key":"SMITH"},{"floor":41.0,"key":"REST"},{"data":"Reboot","floor":47.0,"key":"SMITH"},{"floor":49,"key":"REST"}],"neow_cost":"TEN_PERCENT_HP_LOSS","seed_source_timestamp":0,"circlet_count":0,"master_deck":["AscendersBane","Strike_B","Strike_B","Strike_B","Defend_B","Defend_B","Defend_B","Defend_B","Zap","Dualcast+1","Defragment+1","Leap","Gash","Core Surge","Undo","Auto Shields","Steam","Reboot+1","FTL","Redo","Zap","Conserve Battery","Electrodynamics+1","Steam","Melter+1","Mayhem+1","Hologram+1","Double Energy+1","Gash","Echo Form+1","Coolheaded+1","Hologram+1","Panache+1","Finesse+1","Master of Strategy+1","White Noise+1","Chill+1","Glacier+1","Defragment+1","Redo+1","Steam+1","Coolheaded+1"],"special_seed":0,"relics":["FrozenCore","Ice Cream","Mercury Hourglass","Anchor","Pocketwatch","Frozen Egg 2","Darkstone Periapt","Pantograph","Toxic Egg 2","Runic Pyramid","Shuriken","Dodecahedron","Blood Vial","Oddly Smooth Stone","Bag of Preparation","Ginger"],"potions_floor_usage":[48,50],"damage_taken":[{"damage":1.0,"enemies":"Cultist","floor":1.0,"turns":3.0},{"damage":7.0,"enemies":"Jaw Worm","floor":2.0,"turns":4.0},{"damage":0.0,"enemies":"2 Louse","floor":3.0,"turns":2.0},{"damage":26.0,"enemies":"3 Sentries","floor":6.0,"turns":7.0},{"damage":0.0,"enemies":"Red Slaver","floor":7.0,"turns":3.0},{"damage":24.0,"enemies":"Gremlin Nob","floor":8.0,"turns":5.0},{"damage":0.0,"enemies":"Lots of Slimes","floor":11.0,"turns":3.0},{"damage":5.0,"enemies":"Large Slime","floor":12.0,"turns":3.0},{"damage":0.0,"enemies":"2 Fungi Beasts","floor":14.0,"turns":2.0},{"damage":8.0,"enemies":"Slime Boss","floor":16.0,"turns":6.0},{"damage":0.0,"enemies":"Chosen","floor":18.0,"turns":4.0},{"damage":13.0,"enemies":"Spheric Guardian","floor":19.0,"turns":5.0},{"damage":1.0,"enemies":"Chosen and Byrds","floor":21.0,"turns":5.0},{"damage":13.0,"enemies":"Slavers","floor":24.0,"turns":4.0},{"damage":6.0,"enemies":"Snake Plant","floor":25.0,"turns":5.0},{"damage":0.0,"enemies":"Book of Stabbing","floor":28.0,"turns":7.0},{"damage":2.0,"enemies":"Shelled Parasite and Fungi","floor":29.0,"turns":4.0},{"damage":50.0,"enemies":"Champ","floor":33.0,"turns":12.0},{"damage":0.0,"enemies":"Orb Walker","floor":35.0,"turns":4.0},{"damage":0.0,"enemies":"3 Shapes","floor":38.0,"turns":6.0},{"damage":21.0,"enemies":"Reptomancer","floor":40.0,"turns":5.0},{"damage":0.0,"enemies":"Maw","floor":42.0,"turns":7.0},{"damage":0.0,"enemies":"Nemesis","floor":44.0,"turns":11.0},{"damage":0.0,"enemies":"Spire Growth","floor":45.0,"turns":6.0},{"damage":2.0,"enemies":"Reptomancer","floor":46.0,"turns":7.0},{"damage":18,"enemies":"2 Orb Walkers","floor":48,"turns":8},{"damage":42,"enemies":"Time Eater","floor":50,"turns":12}],"seed_played":"5350980961248742530","potions_obtained":[{"floor":6.0,"key":"Block Potion"},{"floor":8.0,"key":"EssenceOfSteel"},{"floor":14.0,"key":"PowerPotion"},{"floor":21.0,"key":"Poison Potion"},{"floor":25.0,"key":"Fire Potion"},{"floor":28.0,"key":"FearPotion"},{"floor":29.0,"key":"Ancient Potion"},{"floor":38.0,"key":"Explosive Potion"}],"is_trial":false,"path_per_floor":["M","M","M","?","?","E","M","E","T","R","M","M","?","M","R","B",null,"M","M","?","M","$","R","E","M","T","R","E","M","?","?","R","B",null,"M","$","?","M","T","E","R","M","T","E","M","E","R","?","R","B",null],"character_chosen":"DEFECT","items_purchased":["Mayhem+1","Hologram+1"],"campfire_rested":5,"item_purchase_floors":[22,36],"current_hp_per_floor":[63,56,56,56,56,30,30,6,6,25,25,20,20,20,39,31,56,56,43,43,42,42,42,29,23,23,42,42,40,40,40,40,14,52,52,52,42,42,42,21,40,40,40,42,44,44,44,28,47,22],"gold":329,"neow_bonus":"ONE_RARE_RELIC","is_prod":false,"is_daily":false,"chose_seed":false,"campfire_upgraded":3,"win_rate":0,"timestamp":1552951806,"path_taken":["M","?","M","?","?","E","M","E","T","R","M","M","?","?","R","BOSS","M","?","?","?","$","R","E","M","T","R","E","M","?","?","R","BOSS","M","?","?","M","?","E","R","M","T","E","M","E","R","?","R","BOSS"],"build_version":"2019-01-23","purchased_purges":1,"victory":true,"max_hp_per_floor":[64,64,64,64,64,64,64,64,64,64,64,64,64,64,64,64,64,64,64,64,64,64,64,64,64,64,64,64,64,64,64,64,64,64,64,64,64,64,64,64,64,64,64,64,64,64,64,64,64,64],"card_choices":[{"not_picked":["Turbo","Ball Lightning"],"picked":"Defragment","floor":1.0},{"not_picked":["Compile Driver","Reinforced Body"],"picked":"Leap","floor":2.0},{"not_picked":["Fusion","Hologram"],"picked":"Gash","floor":3.0},{"not_picked":["Hologram","Melter"],"picked":"Core Surge","floor":6.0},{"not_picked":["Go for the Eyes","Steam"],"picked":"Undo","floor":7.0},{"not_picked":["Force Field","Streamline"],"picked":"Auto Shields","floor":8.0},{"not_picked":["Hologram","Barrage","Steam Power"],"picked":"SKIP","floor":11.0},{"not_picked":["Hologram","Reinforced Body"],"picked":"Steam","floor":12.0},{"not_picked":["Doom and Gloom","Force Field"],"picked":"Conserve Battery","floor":14.0},{"not_picked":["Hyperbeam","Fission"],"picked":"Electrodynamics+1","floor":16.0},{"not_picked":["Barrage","Turbo"],"picked":"Steam","floor":18.0},{"not_picked":["Steam","Barrage"],"picked":"Melter+1","floor":19.0},{"not_picked":["Compile Driver","Steam","Auto Shields"],"picked":"SKIP","floor":21.0},{"not_picked":["Conserve Battery","Heatsinks+1"],"picked":"Hologram+1","floor":24.0},{"not_picked":["Coolheaded","Go for the Eyes"],"picked":"Double Energy","floor":25.0},{"not_picked":["Barrage","Lockon","Sweeping Beam"],"picked":"SKIP","floor":28.0},{"not_picked":["Force Field+1","Turbo+1"],"picked":"Gash","floor":29.0},{"not_picked":["Fission+1","Electrodynamics+1"],"picked":"Echo Form+1","floor":33.0},{"not_picked":["Compile Driver+1","Heatsinks+1"],"picked":"Coolheaded+1","floor":35.0},{"not_picked":["Purity+1","Jack Of All Trades+1"],"picked":"Panache+1","floor":37.0},{"not_picked":["PanicButton+1","Blind+1"],"picked":"Finesse+1","floor":37.0},{"not_picked":["Chrysalis+1","Enlightenment+1"],"picked":"Master of Strategy+1","floor":37.0},{"not_picked":["Beam Cell","Go for the Eyes"],"picked":"White Noise+1","floor":38.0},{"not_picked":["Steam Power+1","Reprogram+1"],"picked":"Chill+1","floor":40.0},{"not_picked":["Steam Power+1","Aggregate+1"],"picked":"Glacier+1","floor":42.0},{"not_picked":["Hologram+1","Skim+1"],"picked":"Defragment+1","floor":44.0},{"not_picked":["Sweeping Beam+1","Consume+1"],"picked":"Redo+1","floor":45.0},{"not_picked":["Ball Lightning+1","Compile Driver+1"],"picked":"Steam+1","floor":46.0},{"not_picked":["Turbo+1","Streamline"],"picked":"Coolheaded+1","floor":48}],"player_experience":662171,"relics_obtained":[{"floor":6.0,"key":"Anchor"},{"floor":8.0,"key":"Pocketwatch"},{"floor":9.0,"key":"Frozen Egg 2"},{"floor":24.0,"key":"Darkstone Periapt"},{"floor":26.0,"key":"Pantograph"},{"floor":28.0,"key":"Toxic Egg 2"},{"floor":39.0,"key":"Shuriken"},{"floor":40.0,"key":"Dodecahedron"},{"floor":43.0,"key":"Blood Vial"},{"floor":44.0,"key":"Oddly Smooth Stone"},{"floor":46.0,"key":"Bag of Preparation"},{"floor":48,"key":"Ginger"}],"event_choices":[{"cards_removed":["Strike_B"],"damage_healed":0.0,"max_hp_gain":0.0,"max_hp_loss":0.0,"gold_gain":0.0,"event_name":"The Cleric","player_choice":"Card Removal","floor":4.0,"gold_loss":50.0,"damage_taken":0.0},{"damage_healed":0.0,"max_hp_gain":0.0,"max_hp_loss":0.0,"gold_gain":0.0,"event_name":"Big Fish","player_choice":"Box","floor":5.0,"gold_loss":0.0,"damage_taken":0.0,"relics_obtained":["Mercury Hourglass"],"cards_obtained":["Regret"]},{"damage_healed":0.0,"max_hp_gain":0.0,"max_hp_loss":0.0,"gold_gain":0.0,"event_name":"Match and Keep!","player_choice":"4 cards matched","floor":13.0,"gold_loss":0.0,"damage_taken":0.0,"cards_obtained":["Reboot","FTL","Redo","Zap"]},{"damage_healed":0.0,"max_hp_gain":0.0,"max_hp_loss":0.0,"gold_gain":0.0,"event_name":"Wheel of Change","player_choice":"Cursed","floor":20.0,"gold_loss":0.0,"damage_taken":0.0,"cards_obtained":["Decay"]},{"cards_removed":["Decay"],"damage_healed":0.0,"max_hp_gain":0.0,"max_hp_loss":0.0,"gold_gain":0.0,"event_name":"Beggar","player_choice":"Gave Gold","floor":30.0,"gold_loss":75.0,"damage_taken":0.0},{"damage_healed":0.0,"max_hp_gain":0.0,"max_hp_loss":0.0,"gold_gain":0.0,"event_name":"Upgrade Shrine","player_choice":"Upgraded","floor":31.0,"gold_loss":0.0,"damage_taken":0.0,"cards_upgraded":["Double Energy"]},{"damage_healed":0.0,"max_hp_gain":0.0,"max_hp_loss":0.0,"gold_gain":0.0,"event_name":"SensoryStone","player_choice":"Memory 3","floor":37.0,"gold_loss":0.0,"damage_taken":10.0},{"damage_healed":0,"gold_gain":0,"player_choice":"Fight","damage_taken":0,"max_hp_gain":0,"max_hp_loss":0,"event_name":"Mysterious Sphere","floor":48,"gold_loss":0}],"is_beta":false,"boss_relics":[{"not_picked":["Coffee Dripper","Orrery"],"picked":"FrozenCore"},{"not_picked":["Runic Dome","Calling Bell"],"picked":"Runic Pyramid"}],"items_purged_floors":[22],"is_endless":false,"potions_floor_spawned":[6,8,14,21,25,28,29,38,42,44,45,46],"ascension_level":14}