{"gold_per_floor":[112,187,206,236,161,189,189,204,227,127,138,164,13,27,27,126,126,138,138,138,158,8,8,18,18,18,30,40,67,83,101,101,202,252,268,93,93,93,109,109,109,126,126,144,144,160,180,194,194,194],"floor_reached":51,"playtime":1001,"items_purged":["Defend_R","Defend_R","Strike_R","Dark Embrace+1","Disarm"],"score":713,"play_id":"0433392a-5d09-44fa-97a8-6010711fa05f","local_time":"20190417144120","is_ascension_mode":false,"campfire_choices":[{"floor":7.0,"key":"REST"},{"data":"Uppercut","floor":15.0,"key":"SMITH"},{"data":"Clash","floor":23.0,"key":"SMITH"},{"data":"Clash","floor":25.0,"key":"SMITH"},{"data":"Offering","floor":32.0,"key":"SMITH"},{"data":"Bash","floor":40.0,"key":"SMITH"},{"floor":49,"key":"DIG"}],"neow_cost":"TEN_PERCENT_HP_LOSS","seed_source_timestamp":10882326119280,"circlet_count":0,"master_deck":["Strike_R+1","Bash+1","Clash+1","Uppercut+1","Clash+1","Offering+1","Dual Wield+1","Disarm"],"special_seed":0,"relics":["Burning Blood","Tiny Chest","Red Skull","Anchor","Letter Opener","Astrolabe","Bottled Lightning","Mercury Hourglass","Boot","Tiny House","Shovel","Ancient Tea Set","Mango","Blood Vial"],"potions_floor_usage":[50,50,50],"damage_taken":[{"damage":4.0,"enemies":"2 Louse","floor":1.0,"turns":3.0},{"damage":0.0,"enemies":"Small Slimes","floor":3.0,"turns":3.0},{"damage":53.0,"enemies":"3 Sentries","floor":6.0,"turns":10.0},{"damage":11.0,"enemies":"Jaw Worm","floor":8.0,"turns":2.0},{"damage":3.0,"enemies":"Lots of Slimes","floor":11.0,"turns":4.0},{"damage":22.0,"enemies":"Lagavulin","floor":12.0,"turns":4.0},{"damage":0.0,"enemies":"Exordium Wildlife","floor":14.0,"turns":2.0},{"damage":0.0,"enemies":"Slime Boss","floor":16.0,"turns":6.0},{"damage":15.0,"enemies":"3 Byrds","floor":18.0,"turns":4.0},{"damage":6.0,"enemies":"Chosen","floor":21.0,"turns":2.0},{"damage":6.0,"enemies":"Snecko","floor":24.0,"turns":2.0},{"damage":6.0,"enemies":"Shelled Parasite and Fungi","floor":27.0,"turns":1.0},{"damage":6.0,"enemies":"Centurion and Healer","floor":28.0,"turns":2.0},{"damage":6.0,"enemies":"Snecko","floor":30.0,"turns":1.0},{"damage":6.0,"enemies":"Snake Plant","floor":31.0,"turns":1.0},{"damage":16.0,"enemies":"Champ","floor":33.0,"turns":4.0},{"damage":6.0,"enemies":"3 Darklings","floor":35.0,"turns":2.0},{"damage":6.0,"enemies":"Orb Walker","floor":39.0,"turns":1.0},{"damage":8.0,"enemies":"Maw","floor":42.0,"turns":3.0},{"damage":6.0,"enemies":"Writhing Mass","floor":44.0,"turns":2.0},{"damage":6,"enemies":"Spire Growth","floor":46,"turns":2},{"damage":21,"enemies":"4 Shapes","floor":47,"turns":2},{"damage":6,"enemies":"Jaw Worm Horde","floor":48,"turns":2},{"damage":70,"enemies":"Time Eater","floor":50,"turns":6}],"seed_played":"-6459128629276634087","potions_obtained":[{"floor":6.0,"key":"Ancient Potion"},{"floor":8.0,"key":"Regen Potion"},{"floor":16.0,"key":"Block Potion"},{"floor":18.0,"key":"SkillPotion"},{"floor":34.0,"key":"Strength Potion"},{"floor":46,"key":"SteroidPotion"}],"is_trial":false,"path_per_floor":["M","?","M","?","$","E","R","M","T","$","M","E","$","M","R","B",null,"M","$","T","M","$","R","M","R","T","M","M","T","M","M","R","B",null,"M","$","?","T","M","R","T","M","T","M","$","M","M","M","R","B",null],"character_chosen":"IRONCLAD","items_purchased":["Clash"],"campfire_rested":1,"item_purchase_floors":[13],"current_hp_per_floor":[72,61,67,64,64,17,38,33,33,33,36,32,32,38,38,44,72,63,63,63,63,63,63,63,63,63,63,63,63,63,63,63,53,77,77,77,77,77,77,77,77,75,89,89,89,89,74,74,74,12],"gold":194,"neow_bonus":"REMOVE_TWO","is_prod":false,"is_daily":false,"chose_seed":false,"campfire_upgraded":5,"win_rate":0,"timestamp":1555533680,"path_taken":["M","?","M","?","$","E","R","M","T","$","M","E","$","?","R","BOSS","M","?","?","M","$","R","M","R","T","M","M","?","?","M","R","BOSS","M","$","?","?","M","R","?","M","T","?","$","M","M","M","R","BOSS"],"build_version":"2019-01-23","purchased_purges":5,"victory":true,"max_hp_per_floor":[72,72,72,72,72,72,72,72,72,72,72,72,72,72,72,72,72,72,72,72,72,72,72,72,72,72,72,72,72,72,72,72,72,77,77,77,77,77,77,77,77,77,91,91,91,91,91,91,91,91],"card_choices":[{"not_picked":["Headbutt","Seeing Red"],"picked":"Clash","floor":1.0},{"not_picked":["Sword Boomerang","Power Through","Intimidate"],"picked":"SKIP","floor":3.0},{"not_picked":["Havoc","Wild Strike","True Grit"],"picked":"SKIP","floor":6.0},{"not_picked":["Rampage","Brutality"],"picked":"Disarm","floor":8.0},{"not_picked":["Corruption","Anger","True Grit"],"picked":"SKIP","floor":11.0},{"not_picked":["Cleave","Blood for Blood"],"picked":"Uppercut","floor":12.0},{"not_picked":["Shockwave","Sever Soul","Power Through"],"picked":"SKIP","floor":14.0},{"not_picked":["Limit Break","Impervious"],"picked":"Offering","floor":16.0},{"not_picked":["Heavy Blade","Feel No Pain"],"picked":"Disarm","floor":18.0},{"not_picked":["Rupture","Heavy Blade+1","Shrug It Off"],"picked":"SKIP","floor":21.0},{"not_picked":["Clothesline","Dropkick","Wild Strike+1"],"picked":"SKIP","floor":24.0},{"not_picked":["Wild Strike","Sever Soul","Dropkick"],"picked":"SKIP","floor":27.0},{"not_picked":["Clothesline+1","Body Slam","Flex+1"],"picked":"SKIP","floor":28.0},{"not_picked":["Uppercut","Sever Soul","Clothesline+1"],"picked":"SKIP","floor":30.0},{"not_picked":["Double Tap","Feel No Pain","Evolve"],"picked":"SKIP","floor":31.0},{"not_picked":["Burning Pact+1","Perfected Strike","Blood for Blood+1"],"picked":"SKIP","floor":35.0},{"not_picked":["Rupture+1","Headbutt","Dark Embrace"],"picked":"SKIP","floor":39.0},{"not_picked":["Twin Strike+1","Evolve","Warcry+1"],"picked":"SKIP","floor":42.0},{"not_picked":["Sword Boomerang","Wild Strike+1","Armaments"],"picked":"SKIP","floor":44.0},{"not_picked":["Thunderclap+1","Sever Soul+1","Blood for Blood+1"],"picked":"SKIP","floor":46},{"not_picked":["Uppercut","Whirlwind","Sentinel+1"],"picked":"SKIP","floor":47},{"not_picked":["Flex","Cleave","Pommel Strike+1"],"picked":"SKIP","floor":48}],"player_experience":1244867,"relics_obtained":[{"floor":6.0,"key":"Red Skull"},{"floor":9.0,"key":"Anchor"},{"floor":12.0,"key":"Letter Opener"},{"floor":20.0,"key":"Bottled Lightning"},{"floor":26.0,"key":"Mercury Hourglass"},{"floor":29.0,"key":"Boot"},{"floor":38.0,"key":"Shovel"},{"floor":41.0,"key":"Ancient Tea Set"},{"floor":43.0,"key":"Mango"},{"floor":49,"key":"Blood Vial"}],"event_choices":[{"damage_healed":0.0,"max_hp_gain":0.0,"max_hp_loss":0.0,"gold_gain":75.0,"event_name":"World of Goop","player_choice":"Gather Gold","floor":2.0,"gold_loss":0.0,"damage_taken":11.0},{"damage_healed":0.0,"max_hp_gain":0.0,"max_hp_loss":0.0,"gold_gain":0.0,"event_name":"Scrap Ooze","player_choice":"Success","floor":4.0,"gold_loss":0.0,"damage_taken":3.0,"relics_obtained":["Tiny Chest"]},{"cards_removed":["Shockwave"],"damage_healed":0.0,"max_hp_gain":0.0,"max_hp_loss":0.0,"gold_gain":0.0,"event_name":"Falling","player_choice":"Removed Skill","floor":37.0,"gold_loss":0.0,"damage_taken":0.0}],"is_beta":false,"boss_relics":[{"not_picked":["Lizard Tail","Black Star"],"picked":"Astrolabe"},{"not_picked":["Philosopher\u0027s Stone","Runic Pyramid"],"picked":"Tiny House"}],"items_purged_floors":[5,10,13,22,36],"is_endless":false,"potions_floor_spawned":[6,8,16,18,30,31,35,44,46,48],"ascension_level":0}