{"gold_per_floor":[117,117,117,133,65,65,20,45,45,55,69,69,95,105,105,105],"floor_reached":16,"playtime":861,"items_purged":[],"score":116,"play_id":"cbf960db-5f04-424f-b992-4e76e31a1c2b","local_time":"20181005212615","is_ascension_mode":true,"campfire_choices":[{"data":"Infinite Blades","floor":6,"key":"SMITH"},{"floor":12,"key":"REST"},{"floor":15,"key":"REST"}],"neow_cost":"NONE","seed_source_timestamp":96114902882050,"circlet_count":0,"master_deck":["Defend_G","Defend_G","Defend_G+1","Defend_G","Defend_G","Strike_G","Strike_G","Strike_G+1","Strike_G","Survivor","Neutralize","Deadly Poison","Bane","Infinite Blades+1","Prepared","Bullet Time","Footwork","Flying Knee","Deadly Poison","Deadly Poison","Finisher","Phantasmal Killer"],"relics":["Ring of the Snake","Dream Catcher","Vajra","Bottled Tornado","Omamori"],"potions_floor_usage":[8],"damage_taken":[{"damage":0,"enemies":"2 Louse","floor":1,"turns":3},{"damage":1,"enemies":"Jaw Worm","floor":4,"turns":5},{"damage":30,"enemies":"Gremlin Nob","floor":8,"turns":5},{"damage":0,"enemies":"Cultist","floor":10,"turns":2},{"damage":5,"enemies":"2 Fungi Beasts","floor":11,"turns":4},{"damage":28,"enemies":"3 Sentries","floor":13,"turns":8},{"damage":11,"enemies":"Exordium Wildlife","floor":14,"turns":4},{"damage":37,"enemies":"The Guardian","floor":16,"turns":6}],"seed_played":"8289040711544390528","potions_obtained":[{"floor":1,"key":"Regen Potion"},{"floor":10,"key":"LiquidBronze"}],"is_trial":false,"path_per_floor":["M","?","?","M","$","R","$","E","T","M","M","R","E","M","R"],"character_chosen":"THE_SILENT","items_purchased":["Infinite Blades","Prepared"],"campfire_rested":2,"item_purchase_floors":[5,7],"current_hp_per_floor":[70,56,56,55,55,55,55,37,37,37,32,53,25,14,35,0],"gold":105,"neow_bonus":"RANDOM_COMMON_RELIC","is_prod":false,"is_daily":false,"chose_seed":false,"campfire_upgraded":1,"win_rate":0,"timestamp":1538789175,"path_taken":["M","?","?","M","$","R","?","E","T","M","M","R","E","M","R","BOSS"],"build_version":"2018-10-04","purchased_purges":0,"victory":false,"max_hp_per_floor":[70,70,70,70,70,70,70,70,70,70,70,70,70,70,70,70],"card_choices":[{"not_picked":["Flying Knee","Deflect"],"picked":"Deadly Poison","floor":1},{"not_picked":["Underhanded Strike","Slice"],"picked":"Bane","floor":4},{"not_picked":["Acrobatics","Dagger Throw"],"picked":"Bullet Time","floor":8},{"not_picked":["Poisoned Stab","Heel Hook"],"picked":"Footwork","floor":10},{"not_picked":["Dagger Throw","Sucker Punch"],"picked":"Flying Knee","floor":11},{"not_picked":["Escape Plan","Leg Sweep"],"picked":"Deadly Poison","floor":12},{"not_picked":["Flying Knee","Underhanded Strike"],"picked":"Deadly Poison","floor":13},{"not_picked":["Dodge and Roll","Deadly Poison"],"picked":"Finisher","floor":14},{"not_picked":["Cloak And Dagger","Quick Slash"],"picked":"Phantasmal Killer","floor":15}],"player_experience":96474,"relics_obtained":[{"floor":8,"key":"Vajra"},{"floor":9,"key":"Bottled Tornado"},{"floor":13,"key":"Omamori"}],"event_choices":[{"event_name":"Shining Light","player_choice":"Entered Light","floor":2,"damage_taken":0},{"event_name":"Purifier","player_choice":"One Purge","floor":3,"damage_taken":0}],"is_beta":false,"boss_relics":[],"items_purged_floors":[],"is_endless":false,"potions_floor_spawned":[1,10],"killed_by":"The Guardian","ascension_level":1}