{"gold_per_floor":[116,66,78,78,95,50,64,64,64,40,54,72,72],"floor_reached":13,"playtime":830,"items_purged":[],"score":81,"play_id":"2c135a36-a774-4295-b697-c947111ce8da","local_time":"20181006204429","is_ascension_mode":true,"campfire_choices":[{"data":"Cloak And Dagger","floor":8,"key":"SMITH"}],"neow_cost":"TEN_PERCENT_HP_LOSS","seed_source_timestamp":180046002290348,"circlet_count":0,"master_deck":["Defend_G","Defend_G","Defend_G","Defend_G","Strike_G","Strike_G","Strike_G","Survivor","Neutralize","Blur","Acrobatics","Deflect","Flying Knee","Cloak And Dagger+1","Deadly Poison","Outmaneuver"],"relics":["Ring of the Snake","Blue Candle"],"potions_floor_usage":[],"damage_taken":[{"damage":2,"enemies":"Small Slimes","floor":1,"turns":6},{"damage":0,"enemies":"Jaw Worm","floor":3,"turns":8},{"damage":0,"enemies":"2 Louse","floor":5,"turns":4},{"damage":0,"enemies":"Looter","floor":6,"turns":5},{"damage":0,"enemies":"Blue Slaver","floor":7,"turns":5},{"damage":7,"enemies":"Large Slime","floor":11,"turns":9},{"damage":0,"enemies":"Looter","floor":12,"turns":4},{"damage":0,"enemies":"Gremlin Nob","floor":13,"turns":2}],"seed_played":"3514933082632090244","potions_obtained":[{"floor":3,"key":"Strength Potion"},{"floor":11,"key":"Block Potion"}],"is_trial":false,"path_per_floor":["M","?","M","?","M","M","M","R","T","?","M","M"],"character_chosen":"THE_SILENT","items_purchased":[],"campfire_rested":0,"item_purchase_floors":[],"current_hp_per_floor":[61,61,61,61,61,61,61,61,61,61,54,54,54],"gold":72,"neow_bonus":"REMOVE_TWO","is_prod":false,"is_daily":false,"chose_seed":false,"campfire_upgraded":1,"win_rate":0,"timestamp":1538873069,"path_taken":["M","?","M","?","M","M","M","R","T","?","?","M","E"],"build_version":"2018-10-04v2","purchased_purges":0,"victory":false,"max_hp_per_floor":[63,63,63,63,63,63,63,63,63,63,63,63,63],"card_choices":[{"not_picked":["Slice","Outmaneuver"],"picked":"Blur","floor":1},{"not_picked":["Bane","Outmaneuver"],"picked":"Acrobatics","floor":3},{"not_picked":["Calculated Gamble","Dagger Throw"],"picked":"Deflect","floor":5},{"not_picked":["Quick Slash","Calculated Gamble"],"picked":"Flying Knee","floor":6},{"not_picked":["Backflip","Catalyst"],"picked":"Cloak And Dagger","floor":7},{"not_picked":["Dodge and Roll","Burst"],"picked":"Deadly Poison","floor":11},{"not_picked":["Poisoned Stab","Backflip"],"picked":"Outmaneuver","floor":12}],"player_experience":104379,"relics_obtained":[{"floor":9,"key":"Blue Candle"}],"event_choices":[{"event_name":"The Cleric","player_choice":"Card Removal","floor":2,"damage_taken":0},{"event_name":"Liars Game","player_choice":"disagreed","floor":4,"damage_taken":0},{"event_name":"World of Goop","player_choice":"Left","floor":10,"damage_taken":0}],"is_beta":false,"boss_relics":[],"items_purged_floors":[],"is_endless":false,"potions_floor_spawned":[3,11],"killed_by":"Gremlin Nob","ascension_level":1}