{"gold_per_floor":[111,111,127,146,146,163,163,163,188,188,40,50,84,101,101,198,198,210,210,15,15,15,15,48,48,48,61,61,87,110,10,10,112,112,124,124,172,187,203,8,8,18,18,30,30,65,65,84,84,84],"floor_reached":51,"playtime":3470,"items_purged":["Metamorphosis"],"score":822,"play_id":"360c494e-1060-4680-b630-4609607b448f","local_time":"20190825225709","is_ascension_mode":false,"campfire_choices":[{"data":"Predator","floor":7.0,"key":"SMITH"},{"data":"Neutralize","floor":10.0,"key":"SMITH"},{"data":"Footwork","floor":15.0,"key":"SMITH"},{"data":"Adrenaline","floor":23.0,"key":"SMITH"},{"floor":25.0,"key":"REST"},{"data":"Burst","floor":32.0,"key":"SMITH"},{"data":"Footwork","floor":45,"key":"SMITH"},{"data":"Footwork","floor":47,"key":"SMITH"},{"data":"Catalyst","floor":49,"key":"SMITH"}],"neow_cost":"NONE","seed_source_timestamp":445386613951600,"circlet_count":0,"master_deck":["Defend_G+1","Defend_G","Defend_G","Defend_G","Defend_G+1","Survivor+1","Neutralize+1","Predator+1","Dagger Throw","Adrenaline+1","Backflip","Sucker Punch","Leg Sweep","Footwork+1","Envenom","Crippling Poison+1","Bite","Bite","Underhanded Strike+1","Acrobatics","Dodge and Roll","Burst+1","Footwork+1","Underhanded Strike","Corpse Explosion","Dodge and Roll+1","Catalyst+1","Well Laid Plans","Bouncing Flask+1","Footwork+1","Bouncing Flask","Prepared","Distraction+1","Footwork+1","Outmaneuver+1"],"special_seed":0,"relics":["Ring of the Snake","Lantern","Omamori","War Paint","Ancient Tea Set","Snecko Eye","Membership Card","Matryoshka","Happy Flower","Orichalcum","MawBank","DollysMirror","Sozu","Mango","Bag of Preparation","Pear","Centennial Puzzle"],"potions_floor_usage":[50],"damage_taken":[{"damage":2.0,"enemies":"Small Slimes","floor":1.0,"turns":4.0},{"damage":0.0,"enemies":"2 Louse","floor":3.0,"turns":2.0},{"damage":0.0,"enemies":"Jaw Worm","floor":4.0,"turns":3.0},{"damage":0.0,"enemies":"Large Slime","floor":6.0,"turns":6.0},{"damage":0.0,"enemies":"3 Louse","floor":12.0,"turns":2.0},{"damage":2.0,"enemies":"Lagavulin","floor":13.0,"turns":8.0},{"damage":0.0,"enemies":"Looter","floor":14.0,"turns":2.0},{"damage":4.0,"enemies":"Slime Boss","floor":16.0,"turns":14.0},{"damage":0.0,"enemies":"Spheric Guardian","floor":18.0,"turns":4.0},{"damage":52.0,"enemies":"Gremlin Leader","floor":24.0,"turns":12.0},{"damage":2.0,"enemies":"Shell Parasite","floor":27.0,"turns":15.0},{"damage":0.0,"enemies":"Snecko","floor":29.0,"turns":3.0},{"damage":0.0,"enemies":"Cultist and Chosen","floor":30.0,"turns":6.0},{"damage":37.0,"enemies":"Collector","floor":33.0,"turns":15.0},{"damage":5.0,"enemies":"3 Darklings","floor":35.0,"turns":6.0},{"damage":5.0,"enemies":"2 Orb Walkers","floor":37.0,"turns":3.0},{"damage":0.0,"enemies":"Orb Walker","floor":38.0,"turns":3.0},{"damage":0.0,"enemies":"Jaw Worm Horde","floor":39.0,"turns":4.0},{"damage":1,"enemies":"3 Darklings","floor":42,"turns":4},{"damage":0,"enemies":"Sphere and 2 Shapes","floor":44,"turns":4},{"damage":0,"enemies":"Nemesis","floor":46,"turns":5},{"damage":0,"enemies":"Spire Growth","floor":48,"turns":3},{"damage":0,"enemies":"Time Eater","floor":50,"turns":7}],"seed_played":"-4291585042708410293","potions_obtained":[{"floor":1.0,"key":"PowerPotion"},{"floor":4.0,"key":"SkillPotion"},{"floor":6.0,"key":"Explosive Potion"},{"floor":16.0,"key":"SpeedPotion"},{"floor":24.0,"key":"Regen Potion"},{"floor":29.0,"key":"Energy Potion"},{"floor":30.0,"key":"PowerPotion"}],"is_trial":false,"path_per_floor":["M","?","M","M","?","M","R","?","T","R","$","M","E","M","R","B",null,"M","?","$","?","?","R","E","R","T","M","?","M","M","$","R","B",null,"M","?","?","M","M","$","?","M","T","M","R","E","R","M","R","B",null],"character_chosen":"THE_SILENT","items_purchased":["War Paint","Membership Card","DollysMirror","Underhanded Strike","Footwork","Bag of Preparation","Bouncing Flask"],"campfire_rested":1,"item_purchase_floors":[11,20,31,31,40,40,40],"current_hp_per_floor":[68,73,73,73,58,58,58,51,51,51,51,51,49,49,49,45,75,75,52,52,52,52,52,16,31,31,52,52,52,52,52,52,27,52,52,52,65,66,66,66,66,65,75,76,76,76,76,76,76,76],"gold":84,"neow_bonus":"RANDOM_COMMON_RELIC","is_prod":false,"is_daily":false,"chose_seed":false,"campfire_upgraded":8,"win_rate":1,"timestamp":1566741429,"path_taken":["M","?","M","M","?","M","R","?","T","R","?","M","E","M","R","BOSS","M","?","$","?","?","R","E","R","T","M","?","M","?","$","R","BOSS","M","?","?","M","M","$","?","M","T","M","R","E","R","M","R","BOSS"],"build_version":"2019-07-17","purchased_purges":1,"victory":true,"max_hp_per_floor":[70,75,75,75,75,75,75,75,75,75,75,75,75,75,75,75,75,75,52,52,52,52,52,52,52,52,52,52,52,52,52,52,52,52,52,52,66,66,66,66,66,66,76,76,76,76,76,76,76,76],"card_choices":[{"not_picked":["Slice","Underhanded Strike"],"picked":"Predator","floor":1.0},{"not_picked":["Escape Plan","Quick Slash"],"picked":"Dagger Throw","floor":3.0},{"not_picked":["Backflip","Deadly Poison"],"picked":"Adrenaline","floor":4.0},{"not_picked":["Distraction","Predator"],"picked":"Backflip","floor":6.0},{"not_picked":["Expertise","Flying Knee"],"picked":"Sucker Punch","floor":12.0},{"not_picked":["Infinite Blades","Acrobatics"],"picked":"Leg Sweep","floor":13.0},{"not_picked":["Well Laid Plans","Blur"],"picked":"Footwork","floor":14.0},{"not_picked":["Die Die Die","Venomology"],"picked":"Envenom","floor":16.0},{"not_picked":["Backflip","Cloak And Dagger"],"picked":"Crippling Poison+1","floor":18.0},{"not_picked":["Flying Knee","Prepared+1"],"picked":"Underhanded Strike+1","floor":24.0},{"not_picked":["Blade Dance","Cloak And Dagger"],"picked":"Acrobatics","floor":27.0},{"not_picked":["Accuracy","Deflect"],"picked":"Dodge and Roll","floor":29.0},{"not_picked":["Reflex","Prepared+1"],"picked":"Burst","floor":30.0},{"not_picked":["Glass Knife","Adrenaline"],"picked":"Corpse Explosion","floor":33.0},{"not_picked":["Dagger Spray+1","Quick Slash"],"picked":"Dodge and Roll+1","floor":35.0},{"not_picked":["Poisoned Stab","Dodge and Roll+1"],"picked":"Catalyst","floor":37.0},{"not_picked":["Concentrate","Slice+1"],"picked":"Well Laid Plans","floor":38.0},{"not_picked":["Slice+1","Distraction+1"],"picked":"Bouncing Flask+1","floor":39.0},{"not_picked":["Escape Plan+1","Flying Knee"],"picked":"Prepared","floor":42},{"not_picked":["Cloak And Dagger","Storm of Steel"],"picked":"Distraction+1","floor":44},{"not_picked":["Deflect+1","Blur"],"picked":"Footwork","floor":46},{"not_picked":["Dagger Spray+1","Escape Plan+1"],"picked":"Outmaneuver+1","floor":48}],"player_experience":222272,"relics_obtained":[{"floor":9.0,"key":"Omamori"},{"floor":13.0,"key":"Ancient Tea Set"},{"floor":24.0,"key":"Matryoshka"},{"floor":26.0,"key":"Happy Flower"},{"floor":26.0,"key":"Orichalcum"},{"floor":37.0,"key":"Mango"},{"floor":43,"key":"Pear"},{"floor":46,"key":"Centennial Puzzle"}],"event_choices":[{"damage_healed":0.0,"max_hp_gain":5.0,"max_hp_loss":0.0,"gold_gain":0.0,"event_name":"Big Fish","player_choice":"Donut","floor":2.0,"gold_loss":0.0,"damage_taken":0.0},{"damage_healed":0.0,"max_hp_gain":0.0,"max_hp_loss":0.0,"gold_gain":0.0,"event_name":"Shining Light","player_choice":"Entered Light","floor":5.0,"gold_loss":0.0,"damage_taken":15.0,"cards_upgraded":["Strike_G","Survivor"]},{"cards_removed":["Strike_G"],"damage_healed":0.0,"max_hp_gain":0.0,"max_hp_loss":0.0,"gold_gain":0.0,"event_name":"Golden Wing","player_choice":"Card Removal","floor":8.0,"gold_loss":0.0,"damage_taken":7.0},{"damage_healed":0.0,"max_hp_gain":0.0,"max_hp_loss":23.0,"gold_gain":0.0,"event_name":"Vampires","player_choice":"Became a vampire","floor":19.0,"gold_loss":0.0,"damage_taken":0.0,"cards_obtained":["Bite","Bite","Bite","Bite","Bite"]},{"damage_healed":0.0,"max_hp_gain":0.0,"max_hp_loss":0.0,"gold_gain":0.0,"event_name":"Ghosts","player_choice":"Ignored","floor":21.0,"gold_loss":0.0,"damage_taken":0.0},{"damage_healed":0.0,"max_hp_gain":0.0,"max_hp_loss":0.0,"gold_gain":0.0,"cards_transformed":["Bite","Bite"],"event_name":"Drug Dealer","player_choice":"Became Test Subject","floor":22.0,"gold_loss":0.0,"damage_taken":0.0,"cards_obtained":["Transmutation","Metamorphosis"]},{"cards_removed":["Bite"],"damage_healed":0.0,"max_hp_gain":0.0,"max_hp_loss":0.0,"gold_gain":0.0,"event_name":"WeMeetAgain","player_choice":"Gave Card","floor":28.0,"gold_loss":0.0,"damage_taken":0.0,"relics_obtained":["MawBank"]},{"damage_healed":0.0,"max_hp_gain":0.0,"max_hp_loss":0.0,"gold_gain":0.0,"event_name":"Tomb of Lord Red Mask","player_choice":"Ignored","floor":36.0,"gold_loss":0.0,"damage_taken":0.0},{"damage_healed":0.0,"max_hp_gain":0.0,"max_hp_loss":0.0,"gold_gain":0.0,"event_name":"Mysterious Sphere","player_choice":"Fight","floor":37.0,"gold_loss":0.0,"damage_taken":0.0},{"cards_removed":["Transmutation"],"damage_healed":0.0,"max_hp_gain":0.0,"max_hp_loss":0.0,"gold_gain":0.0,"event_name":"Purifier","player_choice":"Purged","floor":41.0,"gold_loss":0.0,"damage_taken":0.0}],"is_beta":false,"boss_relics":[{"not_picked":["Velvet Choker","Astrolabe"],"picked":"Snecko Eye"},{"not_picked":["Eternal Feather","Philosopher\u0027s Stone"],"picked":"Sozu"}],"items_purged_floors":[40],"is_endless":false,"potions_floor_spawned":[1,4,6,12,16,24,29,30,42,44,46],"ascension_level":0}