{"gold_per_floor":[359,378,172,189,203,203,230,230,257,267,282,282,282,313,313,415,415,430,162,162,172,172,172,185,213,238,238],"floor_reached":27,"playtime":1412,"items_purged":["Strike_G","Shame"],"score":377,"play_id":"ccf14ade-9652-437d-b7b4-68242545a9ca","local_time":"20190903160728","is_ascension_mode":true,"campfire_choices":[{"data":"Dash","floor":6.0,"key":"SMITH"},{"data":"Neutralize","floor":8.0,"key":"SMITH"},{"data":"A Thousand Cuts","floor":13.0,"key":"SMITH"},{"data":"Footwork","floor":15.0,"key":"SMITH"},{"floor":23,"key":"REST"}],"neow_cost":"PERCENT_DAMAGE","seed_source_timestamp":0,"circlet_count":0,"master_deck":["AscendersBane","Strike_G","Strike_G+1","Strike_G+1","Defend_G","Defend_G","Defend_G","Defend_G","Defend_G","Survivor","Neutralize+1","Slice","Dash+1","Footwork+1","Dodge and Roll","Dagger Spray","Slice","PiercingWail","Deadly Poison","Well Laid Plans","A Thousand Cuts+1","Catalyst","Glass Knife","Dagger Spray+1","Deadly Poison","Caltrops","Blind","Bane+1","Acrobatics+1","Wraith Form v2"],"special_seed":0,"relics":["Ring of the Snake","Whetstone","Omamori","Pen Nib","Calling Bell","Smiling Mask","Pantograph","Du-Vu Doll","Pear","Vajra"],"potions_floor_usage":[18,25],"damage_taken":[{"damage":3.0,"enemies":"Jaw Worm","floor":1.0,"turns":7.0},{"damage":1.0,"enemies":"2 Louse","floor":2.0,"turns":3.0},{"damage":0.0,"enemies":"Cultist","floor":4.0,"turns":5.0},{"damage":0.0,"enemies":"Blue Slaver","floor":5.0,"turns":6.0},{"damage":4.0,"enemies":"3 Sentries","floor":7.0,"turns":10.0},{"damage":0.0,"enemies":"2 Fungi Beasts","floor":10.0,"turns":4.0},{"damage":0.0,"enemies":"3 Louse","floor":11.0,"turns":4.0},{"damage":11.0,"enemies":"Lagavulin","floor":14.0,"turns":5.0},{"damage":1.0,"enemies":"The Guardian","floor":16.0,"turns":12.0},{"damage":2,"enemies":"2 Thieves","floor":18,"turns":4},{"damage":26,"enemies":"Shell Parasite","floor":21,"turns":4},{"damage":24,"enemies":"Snake Plant","floor":24,"turns":5},{"damage":1,"enemies":"Gremlin Leader","floor":25,"turns":8},{"damage":31,"enemies":"Book of Stabbing","floor":27,"turns":4}],"seed_played":"-1345990391606109331","potions_obtained":[{"floor":2.0,"key":"GamblersBrew"},{"floor":7.0,"key":"Strength Potion"},{"floor":10.0,"key":"SpeedPotion"},{"floor":16.0,"key":"GhostInAJar"},{"floor":24,"key":"Explosive Potion"}],"is_trial":false,"path_per_floor":["M","M","$","M","M","R","E","R","T","M","M","?","R","E","R","B",null,"M","$","?","M","?","R","M","E","T","E"],"character_chosen":"THE_SILENT","items_purchased":["Footwork","Dodge and Roll","Deadly Poison","Caltrops","Blind"],"campfire_rested":1,"item_purchase_floors":[3,3,19,19,19],"current_hp_per_floor":[42,41,41,41,41,41,37,37,37,37,37,37,37,26,26,25,59,57,57,50,24,24,45,21,30,30,0],"gold":238,"neow_bonus":"TWO_FIFTY_GOLD","is_prod":false,"is_daily":false,"chose_seed":false,"campfire_upgraded":4,"win_rate":0,"timestamp":1567541248,"path_taken":["M","M","$","M","M","R","E","R","T","M","M","?","R","E","R","BOSS","M","$","?","?","?","R","M","E","T","E"],"build_version":"2019-07-17","purchased_purges":2,"victory":false,"max_hp_per_floor":[70,70,70,70,70,70,70,70,70,70,70,70,70,70,70,70,70,70,70,70,70,70,70,70,80,80,80],"card_choices":[{"not_picked":["Outmaneuver","Flying Knee"],"picked":"Slice","floor":1.0},{"not_picked":["Deadly Poison","Slice"],"picked":"Dash","floor":2.0},{"not_picked":["Tactician","Cloak And Dagger"],"picked":"Dagger Spray","floor":4.0},{"not_picked":["Acrobatics","Bane"],"picked":"Slice","floor":5.0},{"not_picked":["Night Terror","Wraith Form v2"],"picked":"PiercingWail","floor":7.0},{"not_picked":["Dodge and Roll","Choke"],"picked":"Deadly Poison","floor":10.0},{"not_picked":["Reflex","Dagger Spray"],"picked":"Well Laid Plans","floor":11.0},{"not_picked":["Cloak And Dagger","Dash"],"picked":"Catalyst","floor":14.0},{"not_picked":["A Thousand Cuts","Doppelganger"],"picked":"Glass Knife","floor":16.0},{"not_picked":["Sucker Punch","Expertise"],"picked":"Dagger Spray+1","floor":18},{"not_picked":["Blade Dance","PiercingWail"],"picked":"Bane+1","floor":21},{"not_picked":["Sucker Punch","Blade Dance"],"picked":"Acrobatics+1","floor":24},{"not_picked":["Footwork","Heel Hook"],"picked":"Wraith Form v2","floor":25}],"player_experience":297870,"relics_obtained":[{"floor":7.0,"key":"Whetstone"},{"floor":9.0,"key":"Omamori"},{"floor":14.0,"key":"Pen Nib"},{"floor":17,"key":"Smiling Mask"},{"floor":17,"key":"Pantograph"},{"floor":17,"key":"Du-Vu Doll"},{"floor":25,"key":"Pear"},{"floor":26,"key":"Vajra"}],"event_choices":[{"damage_healed":0.0,"max_hp_gain":0.0,"max_hp_loss":0.0,"gold_gain":0.0,"cards_transformed":["Strike_G"],"event_name":"Living Wall","player_choice":"Change","floor":12.0,"gold_loss":0.0,"damage_taken":0.0,"cards_obtained":["A Thousand Cuts"]},{"damage_healed":0,"gold_gain":0,"player_choice":"","damage_taken":7,"max_hp_gain":0,"max_hp_loss":0,"event_name":"Knowing Skull","floor":20,"potions_obtained":[],"gold_loss":0,"cards_obtained":[]},{"damage_healed":0,"gold_gain":0,"player_choice":"Ignored","damage_taken":0,"max_hp_gain":0,"max_hp_loss":0,"event_name":"Vampires","floor":22,"gold_loss":0}],"is_beta":false,"boss_relics":[{"not_picked":["Fusion Hammer","Astrolabe"],"picked":"Calling Bell"}],"items_purged_floors":[3,19],"is_endless":false,"potions_floor_spawned":[2,7,10,16,24],"killed_by":"Book of Stabbing","ascension_level":11}