{"gold_per_floor":[119,194,210,223,238,267,267,283,283,309,309,334,351,368,368,470,470,488,498,678,694,694,724,233,233,233,261,276,276,201,201,201,201],"floor_reached":33,"playtime":2347,"items_purged":["Strike_G"],"score":501,"play_id":"e67555d7-f564-43fe-9350-68afc94cf79e","local_time":"20190903135605","is_ascension_mode":true,"campfire_choices":[{"data":"Neutralize","floor":7,"key":"SMITH"},{"floor":11,"key":"REST"},{"data":"Deadly Poison","floor":15,"key":"SMITH"},{"floor":25,"key":"REST"},{"data":"Venomology","floor":29,"key":"SMITH"},{"floor":32,"key":"REST"}],"neow_cost":"NONE","seed_source_timestamp":157950150224700,"circlet_count":0,"master_deck":["AscendersBane","Strike_G","Strike_G","Defend_G","Defend_G","Defend_G","Defend_G","Defend_G","Survivor","Neutralize+1","Flying Knee","Blur","Quick Slash","Deadly Poison+1","Unload","Slice","Deflect","Deadly Poison","Poisoned Stab","Venomology+1","All Out Attack+1","PiercingWail","Bouncing Flask","Catalyst"],"relics":["Ring of the Snake","Singing Bowl","Ornamental Fan","Centennial Puzzle","Frozen Egg 2","Velvet Choker","Strawberry","PreservedInsect","Vajra","Shuriken","Happy Flower"],"potions_floor_usage":[6,6,14,16,16,18,19,23,23,27,28,33,33,33],"damage_taken":[{"damage":0,"enemies":"2 Louse","floor":1,"turns":3},{"damage":0,"enemies":"Jaw Worm","floor":3,"turns":5},{"damage":5,"enemies":"Cultist","floor":4,"turns":6},{"damage":5,"enemies":"Looter","floor":5,"turns":4},{"damage":7,"enemies":"Lagavulin","floor":6,"turns":8},{"damage":5,"enemies":"2 Fungi Beasts","floor":8,"turns":4},{"damage":21,"enemies":"3 Sentries","floor":10,"turns":9},{"damage":18,"enemies":"Gremlin Nob","floor":12,"turns":4},{"damage":1,"enemies":"Large Slime","floor":13,"turns":5},{"damage":0,"enemies":"Exordium Wildlife","floor":14,"turns":4},{"damage":10,"enemies":"Hexaghost","floor":16,"turns":7},{"damage":5,"enemies":"Shell Parasite","floor":18,"turns":6},{"damage":7,"enemies":"Spheric Guardian","floor":19,"turns":4},{"damage":8,"enemies":"Snecko","floor":21,"turns":5},{"damage":27,"enemies":"Gremlin Leader","floor":23,"turns":6},{"damage":3,"enemies":"Slavers","floor":27,"turns":3},{"damage":8,"enemies":"Snake Plant","floor":28,"turns":3},{"damage":57,"enemies":"Automaton","floor":33,"turns":6}],"seed_played":"5515333091123613051","potions_obtained":[{"floor":3,"key":"EssenceOfSteel"},{"floor":5,"key":"EssenceOfSteel"},{"floor":12,"key":"SpeedPotion"},{"floor":13,"key":"Poison Potion"},{"floor":14,"key":"PowerPotion"},{"floor":16,"key":"Block Potion"},{"floor":21,"key":"SkillPotion"},{"floor":27,"key":"Dexterity Potion"},{"floor":28,"key":"Poison Potion"}],"is_trial":false,"path_per_floor":["M","?","M","M","M","E","R","M","T","E","R","E","M","M","R","B",null,"M","M","?","M","?","E","$","R","T","E","M","R","?","?","R","B"],"character_chosen":"THE_SILENT","items_purchased":["Catalyst","PreservedInsect","Vajra","Energy Potion"],"campfire_rested":3,"item_purchase_floors":[24,24,24,24],"current_hp_per_floor":[63,52,52,47,42,35,35,30,30,9,30,14,13,13,13,3,55,50,45,24,16,40,20,20,44,44,43,37,37,37,21,48,0],"gold":201,"neow_bonus":"REMOVE_CARD","is_prod":false,"is_daily":false,"chose_seed":false,"campfire_upgraded":3,"win_rate":0,"timestamp":1567533365,"path_taken":["M","?","M","M","M","E","R","M","T","E","R","E","M","M","R","BOSS","M","M","?","?","?","E","$","R","T","E","M","R","?","?","R","BOSS"],"build_version":"2019-07-17","purchased_purges":1,"victory":false,"max_hp_per_floor":[70,70,70,70,70,70,70,70,70,70,70,72,72,72,72,72,72,72,74,74,74,74,81,81,81,81,83,85,85,85,90,90,90],"card_choices":[{"not_picked":["Dagger Throw","PiercingWail"],"picked":"Flying Knee","floor":1},{"not_picked":["Distraction","Outmaneuver"],"picked":"Blur","floor":3},{"not_picked":["Sucker Punch","Prepared"],"picked":"Quick Slash","floor":4},{"not_picked":["Reflex","Blur"],"picked":"Deadly Poison","floor":5},{"not_picked":["Crippling Poison","Infinite Blades"],"picked":"Unload","floor":6},{"not_picked":["Quick Slash","Acrobatics"],"picked":"Slice","floor":8},{"not_picked":["PiercingWail","Burst"],"picked":"Deflect","floor":10},{"not_picked":["Outmaneuver","Noxious Fumes","Calculated Gamble"],"picked":"Singing Bowl","floor":12},{"not_picked":["Poisoned Stab","Cloak And Dagger"],"picked":"Deadly Poison","floor":13},{"not_picked":["Calculated Gamble","Masterful Stab"],"picked":"Poisoned Stab","floor":14},{"not_picked":["Storm of Steel","A Thousand Cuts+1"],"picked":"Venomology","floor":16},{"not_picked":["Dodge and Roll","Reflex"],"picked":"All Out Attack+1","floor":18},{"not_picked":["Infinite Blades+1","Dodge and Roll","Poisoned Stab+1"],"picked":"Singing Bowl","floor":19},{"not_picked":["Slice","Deadly Poison"],"picked":"PiercingWail","floor":21},{"not_picked":["Escape Plan","Riddle With Holes"],"picked":"Bouncing Flask","floor":23},{"not_picked":["Choke","Concentrate","Deflect"],"picked":"Singing Bowl","floor":27},{"not_picked":["Blade Dance","Prepared","All Out Attack"],"picked":"Singing Bowl","floor":28}],"player_experience":292849,"relics_obtained":[{"floor":6,"key":"Singing Bowl"},{"floor":9,"key":"Ornamental Fan"},{"floor":10,"key":"Centennial Puzzle"},{"floor":12,"key":"Frozen Egg 2"},{"floor":23,"key":"Strawberry"},{"floor":26,"key":"Shuriken"},{"floor":27,"key":"Happy Flower"}],"event_choices":[{"damage_healed":0,"gold_gain":75,"player_choice":"Gather Gold","damage_taken":11,"max_hp_gain":0,"max_hp_loss":0,"event_name":"World of Goop","floor":2,"gold_loss":0},{"damage_healed":0,"gold_gain":180,"player_choice":"GOLD GOLD ","damage_taken":21,"max_hp_gain":0,"max_hp_loss":0,"event_name":"Knowing Skull","floor":20,"potions_obtained":[],"gold_loss":0,"cards_obtained":[]},{"damage_healed":24,"gold_gain":0,"player_choice":"Heal","damage_taken":0,"max_hp_gain":0,"max_hp_loss":0,"event_name":"The Library","floor":22,"gold_loss":0},{"cards_removed":["Strike_G"],"damage_healed":0,"gold_gain":0,"player_choice":"Gave Gold","damage_taken":0,"max_hp_gain":0,"max_hp_loss":0,"event_name":"Beggar","floor":30,"gold_loss":75},{"damage_healed":0,"gold_gain":0,"player_choice":"Shed Blood","damage_taken":21,"max_hp_gain":5,"max_hp_loss":0,"event_name":"Forgotten Altar","floor":31,"gold_loss":0}],"is_beta":false,"boss_relics":[{"not_picked":["Fusion Hammer","Philosopher\u0027s Stone"],"picked":"Velvet Choker"}],"items_purged_floors":[24],"is_endless":false,"potions_floor_spawned":[3,5,12,13,14,16,21,27,28],"killed_by":"Automaton","ascension_level":11}