{"gold_per_floor":[111,111,14,28,43,43,62,91,117,128,155,155,183,198,198,272,272,289,306,356,375,46,79,79,79,158,187,203,203,118,148,148,221,221,236,236,236,250,267,267,267,267,267,45,80,94,111,24,24,24,24,24,24,24,54,54],"floor_reached":56,"playtime":4919,"items_purged":["Strike_B"],"score":1910,"play_id":"e0955719-edbe-4a8e-94aa-3517970bcf3b","local_time":"20190802171122","is_ascension_mode":true,"campfire_choices":[{"floor":6.0,"key":"REST"},{"floor":12.0,"key":"REST"},{"data":"Consume","floor":15.0,"key":"SMITH"},{"floor":24.0,"key":"REST"},{"data":"Loop","floor":32.0,"key":"SMITH"},{"floor":40.0,"key":"REST"},{"floor":49,"key":"RECALL"},{"data":"Defragment","floor":53,"key":"SMITH"}],"neow_cost":"NONE","seed_source_timestamp":0,"circlet_count":0,"master_deck":["AscendersBane","Strike_B+1","Defend_B+1","Defend_B+1","Defend_B","Defend_B","Zap","Dualcast","Sunder","Cold Snap","Chill","Rip and Tear","Conserve Battery","Conserve Battery","Undo+1","Leap","Consume+1","Echo Form","Go for the Eyes+1","Ball Lightning+1","Loop+1","Ball Lightning","FTL","Stack","Writhe","Core Surge","Enlightenment","Defragment+1","Glacier","Capacitor+1"],"special_seed":0,"relics":["FrozenCore","Regal Pillow","Bronze Scales","Art of War","DataDisk","War Paint","Juzu Bracelet","Bag of Marbles","Singing Bowl","Kunai","Thread and Needle","Pantograph","Bag of Preparation","Snecko Eye","Runic Capacitor","Du-Vu Doll","Letter Opener"],"potions_floor_usage":[45,50,56],"damage_taken":[{"damage":0.0,"enemies":"2 Louse","floor":1.0,"turns":2.0},{"damage":4.0,"enemies":"Small Slimes","floor":4.0,"turns":3.0},{"damage":0.0,"enemies":"Jaw Worm","floor":5.0,"turns":2.0},{"damage":0.0,"enemies":"3 Louse","floor":7.0,"turns":3.0},{"damage":21.0,"enemies":"Lagavulin","floor":8.0,"turns":6.0},{"damage":0.0,"enemies":"2 Fungi Beasts","floor":10.0,"turns":2.0},{"damage":21.0,"enemies":"Gremlin Nob","floor":11.0,"turns":4.0},{"damage":0.0,"enemies":"Lagavulin","floor":13.0,"turns":6.0},{"damage":4.0,"enemies":"Looter","floor":14.0,"turns":2.0},{"damage":20.0,"enemies":"Slime Boss","floor":16.0,"turns":11.0},{"damage":0.0,"enemies":"Chosen","floor":18.0,"turns":7.0},{"damage":0.0,"enemies":"Shell Parasite","floor":19.0,"turns":5.0},{"damage":11.0,"enemies":"Chosen and Byrds","floor":21.0,"turns":7.0},{"damage":36.0,"enemies":"Gremlin Leader","floor":23.0,"turns":9.0},{"damage":26.0,"enemies":"Slavers","floor":27.0,"turns":7.0},{"damage":6.0,"enemies":"Snake Plant","floor":28.0,"turns":4.0},{"damage":13.0,"enemies":"Gremlin Leader","floor":31.0,"turns":11.0},{"damage":1.0,"enemies":"Champ","floor":33.0,"turns":12.0},{"damage":20.0,"enemies":"3 Darklings","floor":35.0,"turns":10.0},{"damage":0.0,"enemies":"3 Shapes","floor":38.0,"turns":7.0},{"damage":3.0,"enemies":"Transient","floor":39.0,"turns":6.0},{"damage":14,"enemies":"Reptomancer","floor":45,"turns":10},{"damage":5,"enemies":"4 Shapes","floor":46,"turns":4},{"damage":0,"enemies":"Maw","floor":47,"turns":7},{"damage":28,"enemies":"Time Eater","floor":50,"turns":15},{"damage":4,"enemies":"Donu and Deca","floor":51,"turns":13},{"damage":58,"enemies":"Shield and Spear","floor":55,"turns":11},{"damage":54,"enemies":"The Heart","floor":56,"turns":2}],"seed_played":"2582130288728419088","potions_obtained":[{"floor":4.0,"key":"SkillPotion"},{"floor":7.0,"key":"Ancient Potion"},{"floor":8.0,"key":"SkillPotion"},{"floor":14.0,"key":"Block Potion"},{"floor":16.0,"key":"Poison Potion"},{"floor":19.0,"key":"FocusPotion"},{"floor":21.0,"key":"SkillPotion"},{"floor":23.0,"key":"Fire Potion"},{"floor":31.0,"key":"FocusPotion"},{"floor":39.0,"key":"AttackPotion"},{"floor":46,"key":"Energy Potion"},{"floor":55,"key":"Explosive Potion"}],"is_trial":false,"path_per_floor":["M","?","$","M","M","R","M","E","T","M","E","R","E","M","R","B",null,"M","M","?","M","$","E","R","?","T","E","M","?","?","E","R","B",null,"M","?","?","M","M","R","?","?","T","$","E","M","M","$","R","B","B",null,"R","$","E","B"],"character_chosen":"DEFECT","items_purchased":["Cold Snap","Chill","Loop","Juzu Bracelet","Runic Capacitor","Glacier"],"campfire_rested":4,"item_purchase_floors":[3,3,22,22,44,48],"current_hp_per_floor":[64,43,43,39,39,71,71,50,50,50,29,65,65,61,61,41,64,64,64,64,53,53,17,53,53,53,29,25,25,25,14,14,38,67,49,43,43,45,44,85,83,83,83,83,69,66,68,68,68,59,80,85,85,85,27,0],"gold":54,"neow_bonus":"RANDOM_COMMON_RELIC","is_prod":false,"is_daily":false,"chose_seed":false,"campfire_upgraded":3,"win_rate":0,"timestamp":1564780282,"path_taken":["M","?","$","M","M","R","M","E","T","M","E","R","E","M","R","BOSS","M","M","?","M","$","E","R","?","T","E","M","?","?","E","R","BOSS","M","?","?","M","M","R","?","?","T","$","E","M","M","$","R","BOSS","BOSS","R","$","E","BOSS"],"build_version":"2019-07-17","purchased_purges":1,"victory":false,"max_hp_per_floor":[71,71,71,71,71,71,71,71,71,71,71,71,71,71,71,71,71,71,71,71,71,71,71,71,71,71,73,75,75,75,77,77,77,77,79,83,83,85,87,87,83,83,83,83,83,85,87,87,87,87,87,87,87,87,87,87],"card_choices":[{"not_picked":["Stack","Gash"],"picked":"Sunder","floor":1.0},{"not_picked":["Streamline","Barrage"],"picked":"Rip and Tear","floor":4.0},{"not_picked":["Redo","Recycle"],"picked":"Conserve Battery","floor":5.0},{"not_picked":["Static Discharge","Redo"],"picked":"Go for the Eyes","floor":7.0},{"not_picked":["Streamline","Darkness"],"picked":"Conserve Battery","floor":8.0},{"not_picked":["Sweeping Beam","Conserve Battery"],"picked":"Undo","floor":10.0},{"not_picked":["Gash","Chaos","Self Repair"],"picked":"SKIP","floor":11.0},{"not_picked":["Reinforced Body","Turbo"],"picked":"Leap","floor":13.0},{"not_picked":["Leap","Force Field"],"picked":"Consume","floor":14.0},{"not_picked":["Creative AI","Hyperbeam"],"picked":"Echo Form","floor":16.0},{"not_picked":["Conserve Battery","Force Field","Consume"],"picked":"SKIP","floor":18.0},{"not_picked":["Stack","Rebound"],"picked":"Go for the Eyes+1","floor":19.0},{"not_picked":["Hologram+1","Sweeping Beam+1"],"picked":"Ball Lightning+1","floor":21.0},{"not_picked":["Static Discharge","Sweeping Beam"],"picked":"Ball Lightning","floor":23.0},{"not_picked":["Conserve Battery","Self Repair","Barrage"],"picked":"Singing Bowl","floor":27.0},{"not_picked":["Ball Lightning","Tempest","Double Energy"],"picked":"Singing Bowl","floor":28.0},{"not_picked":["Recycle","Go for the Eyes","Chaos+1"],"picked":"Singing Bowl","floor":31.0},{"not_picked":["Echo Form","Rainbow"],"picked":"Core Surge","floor":33.0},{"not_picked":["Compile Driver","Sunder","Rebound+1"],"picked":"Singing Bowl","floor":35.0},{"not_picked":["Dramatic Entrance","The Bomb","Finesse"],"picked":"Singing Bowl","floor":36.0},{"not_picked":["Panacea","Jack Of All Trades"],"picked":"Enlightenment","floor":36.0},{"not_picked":["Impatience","Madness","Transmutation"],"picked":"Singing Bowl","floor":36.0},{"not_picked":["Genetic Algorithm+1","Conserve Battery","Static Discharge+1"],"picked":"Singing Bowl","floor":38.0},{"not_picked":["Stack+1","Double Energy","Steam Power+1"],"picked":"Singing Bowl","floor":39.0},{"not_picked":["Go for the Eyes","Echo Form"],"picked":"Defragment","floor":45},{"not_picked":["Auto Shields","Melter+1","Coolheaded"],"picked":"Singing Bowl","floor":46},{"not_picked":["Beam Cell","BootSequence","Stack+1"],"picked":"Singing Bowl","floor":47},{"not_picked":["Loop","Redo+1"],"picked":"Capacitor+1","floor":55}],"player_experience":1409857,"relics_obtained":[{"floor":8.0,"key":"Bronze Scales"},{"floor":9.0,"key":"Art of War"},{"floor":11.0,"key":"DataDisk"},{"floor":13.0,"key":"War Paint"},{"floor":23.0,"key":"Bag of Marbles"},{"floor":26.0,"key":"Singing Bowl"},{"floor":27.0,"key":"Kunai"},{"floor":31.0,"key":"Bag of Preparation"},{"floor":45,"key":"Du-Vu Doll"},{"floor":55,"key":"Letter Opener"}],"event_choices":[{"damage_healed":0.0,"max_hp_gain":0.0,"max_hp_loss":0.0,"gold_gain":0.0,"event_name":"Shining Light","player_choice":"Entered Light","floor":2.0,"gold_loss":0.0,"damage_taken":21.0,"cards_upgraded":["Defend_B","Strike_B"]},{"damage_healed":0.0,"max_hp_gain":0.0,"max_hp_loss":0.0,"gold_gain":50.0,"event_name":"Nest","player_choice":"Stole From Cult","floor":20.0,"gold_loss":0.0,"damage_taken":0.0},{"damage_healed":0.0,"max_hp_gain":0.0,"max_hp_loss":0.0,"gold_gain":0.0,"cards_transformed":["Strike_B","Strike_B"],"event_name":"Drug Dealer","player_choice":"Became Test Subject","floor":25.0,"gold_loss":0.0,"damage_taken":0.0,"cards_obtained":["FTL","Stack"]},{"damage_healed":0.0,"max_hp_gain":0.0,"max_hp_loss":0.0,"gold_gain":0.0,"event_name":"The Mausoleum","player_choice":"Opened","floor":29.0,"gold_loss":0.0,"damage_taken":0.0,"relics_obtained":["Thread and Needle"],"cards_obtained":["Writhe"]},{"damage_healed":0.0,"max_hp_gain":0.0,"max_hp_loss":0.0,"gold_gain":0.0,"event_name":"Addict","player_choice":"Obtained Relic","floor":30.0,"gold_loss":85.0,"damage_taken":0.0,"relics_obtained":["Pantograph"]},{"damage_healed":0.0,"max_hp_gain":0.0,"max_hp_loss":0.0,"gold_gain":0.0,"event_name":"SensoryStone","player_choice":"Memory 3","floor":36.0,"gold_loss":0.0,"damage_taken":10.0},{"cards_removed":["Go for the Eyes"],"damage_healed":0.0,"max_hp_gain":0.0,"max_hp_loss":0.0,"gold_gain":0.0,"event_name":"Falling","player_choice":"Removed Attack","floor":37.0,"gold_loss":0.0,"damage_taken":0.0},{"damage_healed":0.0,"max_hp_gain":0.0,"max_hp_loss":4.0,"gold_gain":0.0,"event_name":"Winding Halls","player_choice":"Max HP","floor":41.0,"gold_loss":0.0,"damage_taken":0.0},{"damage_healed":0.0,"max_hp_gain":0.0,"max_hp_loss":0.0,"gold_gain":0.0,"event_name":"Tomb of Lord Red Mask","player_choice":"Ignored","floor":42.0,"gold_loss":0.0,"damage_taken":0.0}],"is_beta":false,"boss_relics":[{"not_picked":["Runic Pyramid","Eternal Feather"],"picked":"FrozenCore"},{"not_picked":["White Beast Statue","Inserter"],"picked":"Snecko Eye"}],"items_purged_floors":[22],"is_endless":false,"potions_floor_spawned":[4,7,8,14,16,19,21,23,31,39,46,55],"killed_by":"The Heart","ascension_level":20}