{"gold_per_floor":[119,136,9,9,22,47,62,62,62,62,62,77,92,122,122,199,199,219,219,230,280,39,39,69,69,69,69,69,82,82,115,115,189,189,201,201,201,214,42,74,74,92,139,170,170,28,48,74,74,74,74,74,74,14,39,39],"floor_reached":56,"playtime":2227,"items_purged":["Strike_R","Strike_R"],"score":2112,"play_id":"907a462b-e192-42a6-8083-956259381381","local_time":"20190604232403","is_ascension_mode":true,"campfire_choices":[{"data":"Inflame","floor":8.0,"key":"SMITH"},{"data":"Offering","floor":10.0,"key":"SMITH"},{"data":"Clothesline","floor":15.0,"key":"SMITH"},{"data":"Immolate","floor":23.0,"key":"SMITH"},{"data":"Inflame","floor":25.0,"key":"SMITH"},{"data":"Pummel","floor":28.0,"key":"SMITH"},{"data":"Bash","floor":30.0,"key":"SMITH"},{"floor":32.0,"key":"REST"},{"data":"Sword Boomerang","floor":41.0,"key":"SMITH"},{"floor":45.0,"key":"RECALL"},{"floor":49.0,"key":"REST"},{"floor":53.0,"key":"REST"}],"neow_cost":"NONE","seed_source_timestamp":708041987391300,"circlet_count":0,"master_deck":["AscendersBane","Strike_R","Strike_R","Defend_R","Defend_R","Defend_R","Defend_R","Bash+1","Pummel+1","Inflame+1","Heavy Blade+1","Sever Soul","Offering+1","Inflame+1","Clothesline+1","Double Tap+1","Immolate+1","Necronomicurse","Impervious+1","Burning Pact+1","Finesse+1","Armaments+1","Apotheosis+1","Secret Weapon+1","Warcry+1","Sword Boomerang+1","Offering+1","Sentinel+1","Corruption","Ghostly Armor+1"],"special_seed":0,"relics":["Burning Blood","NeowsBlessing","The Courier","Bottled Lightning","Toxic Egg 2","Busted Crown","Necronomicon","PreservedInsect","Mercury Hourglass","Pear","Vajra","Runic Pyramid","Strange Spoon","Bag of Marbles","Bottled Flame","Regal Pillow","Gremlin Horn"],"potions_floor_usage":[56],"damage_taken":[{"damage":0.0,"enemies":"Jaw Worm","floor":1.0,"turns":1.0},{"damage":0.0,"enemies":"Cultist","floor":2.0,"turns":1.0},{"damage":0.0,"enemies":"2 Louse","floor":5.0,"turns":1.0},{"damage":35.0,"enemies":"Lagavulin","floor":6.0,"turns":5.0},{"damage":14.0,"enemies":"Blue Slaver","floor":7.0,"turns":3.0},{"damage":7.0,"enemies":"Looter","floor":12.0,"turns":2.0},{"damage":11.0,"enemies":"Lots of Slimes","floor":13.0,"turns":4.0},{"damage":14.0,"enemies":"Gremlin Nob","floor":14.0,"turns":3.0},{"damage":20.0,"enemies":"Hexaghost","floor":16.0,"turns":6.0},{"damage":8.0,"enemies":"Chosen","floor":18.0,"turns":3.0},{"damage":6.0,"enemies":"3 Byrds","floor":20.0,"turns":1.0},{"damage":6.0,"enemies":"Gremlin Leader","floor":24.0,"turns":2.0},{"damage":6.0,"enemies":"Snake Plant","floor":29.0,"turns":1.0},{"damage":12.0,"enemies":"Book of Stabbing","floor":31.0,"turns":3.0},{"damage":32.0,"enemies":"Automaton","floor":33.0,"turns":6.0},{"damage":6.0,"enemies":"3 Darklings","floor":35.0,"turns":1.0},{"damage":6.0,"enemies":"Orb Walker","floor":38.0,"turns":1.0},{"damage":6.0,"enemies":"Nemesis","floor":40.0,"turns":3.0},{"damage":0.0,"enemies":"3 Darklings","floor":42.0,"turns":1.0},{"damage":6.0,"enemies":"Reptomancer","floor":44.0,"turns":1.0},{"damage":12.0,"enemies":"Sphere and 2 Shapes","floor":47.0,"turns":1.0},{"damage":4.0,"enemies":"Nemesis","floor":48.0,"turns":5.0},{"damage":43.0,"enemies":"Awakened One","floor":50.0,"turns":8.0},{"damage":36.0,"enemies":"Time Eater","floor":51.0,"turns":5.0},{"damage":6.0,"enemies":"Shield and Spear","floor":55.0,"turns":1.0},{"damage":89,"enemies":"The Heart","floor":56,"turns":6}],"seed_played":"4868236214224739824","potions_obtained":[{"floor":1.0,"key":"Poison Potion"},{"floor":2.0,"key":"GamblersBrew"},{"floor":7.0,"key":"Block Potion"},{"floor":13.0,"key":"AttackPotion"},{"floor":24.0,"key":"SkillPotion"},{"floor":40.0,"key":"Poison Potion"},{"floor":42.0,"key":"SteroidPotion"},{"floor":48.0,"key":"Dexterity Potion"},{"floor":55.0,"key":"SpeedPotion"}],"is_trial":false,"path_per_floor":["M","M","$","?","M","E","M","R","T","R","?","M","M","E","R","B",null,"M","?","M","?","$","R","E","R","T","T","R","M","R","E","R","B",null,"M","?","?","M","$","E","R","M","T","E","R","$","M","E","R","B","B",null,"R","$","E","B"],"character_chosen":"IRONCLAD","items_purchased":["Heavy Blade","Impervious+1","Burning Pact+1","Finesse+1","Strange Spoon","Offering+1","Corruption"],"campfire_rested":3,"item_purchase_floors":[3,22,22,22,39,46,54],"current_hp_per_floor":[74,75,75,75,75,46,38,38,38,38,38,37,32,24,24,10,59,57,36,36,36,36,36,36,36,36,46,46,46,46,40,65,39,74,74,64,52,52,52,52,52,58,58,58,58,58,52,54,85,48,18,68,85,85,85,0],"gold":39,"neow_bonus":"THREE_ENEMY_KILL","is_prod":false,"is_daily":false,"chose_seed":false,"campfire_upgraded":8,"win_rate":0,"timestamp":1559705043,"path_taken":["M","M","$","?","?","E","M","R","T","R","?","M","M","E","R","BOSS","M","?","M","?","$","R","E","R","T","?","R","M","R","E","R","BOSS","M","?","?","?","$","E","R","M","T","E","R","$","M","E","R","BOSS","BOSS","R","$","E","BOSS"],"build_version":"2019-01-23","purchased_purges":2,"victory":false,"max_hp_per_floor":[75,75,75,75,75,75,75,75,75,75,75,75,75,75,75,75,75,75,75,75,75,75,75,75,75,75,85,85,85,85,85,85,85,85,85,85,85,85,85,85,85,85,85,85,85,85,85,85,85,85,85,85,85,85,85,85],"card_choices":[{"not_picked":["Iron Wave","Dropkick"],"picked":"Pummel","floor":1.0},{"not_picked":["Rampage","Pummel"],"picked":"Inflame","floor":2.0},{"not_picked":["Shrug It Off","Thunderclap"],"picked":"Sever Soul","floor":5.0},{"not_picked":["Ghostly Armor","Headbutt"],"picked":"Offering","floor":6.0},{"not_picked":["Flex","Thunderclap"],"picked":"Inflame","floor":7.0},{"not_picked":["Clash","Perfected Strike","Iron Wave"],"picked":"SKIP","floor":12.0},{"not_picked":["Heavy Blade","Clash"],"picked":"Clothesline","floor":13.0},{"not_picked":["Inflame","Headbutt"],"picked":"Double Tap","floor":14.0},{"not_picked":["Impervious+1","Limit Break+1"],"picked":"Immolate","floor":16.0},{"not_picked":["Thunderclap"],"picked":"SKIP","floor":18.0},{"not_picked":["Searing Blow"],"picked":"SKIP","floor":20.0},{"not_picked":["Flex+1"],"picked":"SKIP","floor":24.0},{"not_picked":["Cleave"],"picked":"SKIP","floor":29.0},{"not_picked":[],"picked":"Armaments+1","floor":31.0},{"not_picked":["Twin Strike"],"picked":"SKIP","floor":35.0},{"not_picked":[],"picked":"Apotheosis+1","floor":36.0},{"not_picked":[],"picked":"Secret Weapon+1","floor":36.0},{"not_picked":[],"picked":"Warcry+1","floor":38.0},{"not_picked":[],"picked":"Sword Boomerang","floor":40.0},{"not_picked":["Wild Strike+1"],"picked":"SKIP","floor":42.0},{"not_picked":["Perfected Strike"],"picked":"SKIP","floor":44.0},{"not_picked":["Wild Strike"],"picked":"SKIP","floor":47.0},{"not_picked":[],"picked":"Sentinel+1","floor":48.0},{"not_picked":[],"picked":"Ghostly Armor+1","floor":55.0}],"player_experience":1138113,"relics_obtained":[{"floor":6.0,"key":"The Courier"},{"floor":9.0,"key":"Bottled Lightning"},{"floor":14.0,"key":"Toxic Egg 2"},{"floor":19.0,"key":"Necronomicon"},{"floor":24.0,"key":"PreservedInsect"},{"floor":26.0,"key":"Mercury Hourglass"},{"floor":27.0,"key":"Pear"},{"floor":31.0,"key":"Vajra"},{"floor":40.0,"key":"Bag of Marbles"},{"floor":44.0,"key":"Bottled Flame"},{"floor":48.0,"key":"Regal Pillow"},{"floor":55.0,"key":"Gremlin Horn"}],"event_choices":[{"cards_removed":["Strike_R"],"damage_healed":0.0,"max_hp_gain":0.0,"max_hp_loss":0.0,"gold_gain":0.0,"event_name":"Purifier","player_choice":"Purged","floor":4.0,"gold_loss":0.0,"damage_taken":0.0},{"damage_healed":0.0,"max_hp_gain":0.0,"max_hp_loss":0.0,"gold_gain":0.0,"event_name":"Accursed Blacksmith","player_choice":"Forge","floor":11.0,"gold_loss":0.0,"damage_taken":0.0,"cards_upgraded":["Heavy Blade"]},{"damage_healed":0.0,"max_hp_gain":0.0,"max_hp_loss":0.0,"gold_gain":0.0,"event_name":"Cursed Tome","player_choice":"Obtained Book","floor":19.0,"gold_loss":0.0,"damage_taken":21.0},{"damage_healed":0.0,"max_hp_gain":0.0,"max_hp_loss":0.0,"gold_gain":50.0,"event_name":"Nest","player_choice":"Stole From Cult","floor":21.0,"gold_loss":0.0,"damage_taken":0.0},{"damage_healed":0.0,"max_hp_gain":0.0,"max_hp_loss":0.0,"gold_gain":0.0,"event_name":"SensoryStone","player_choice":"Memory 3","floor":36.0,"gold_loss":0.0,"damage_taken":10.0},{"damage_healed":0.0,"max_hp_gain":0.0,"max_hp_loss":0.0,"gold_gain":0.0,"event_name":"Wheel of Change","player_choice":"Damaged","floor":37.0,"gold_loss":0.0,"damage_taken":12.0}],"is_beta":false,"boss_relics":[{"not_picked":["Tiny House","Lizard Tail"],"picked":"Busted Crown"},{"not_picked":["Coffee Dripper","Eternal Feather"],"picked":"Runic Pyramid"}],"items_purged_floors":[3,46],"is_endless":false,"potions_floor_spawned":[1,2,7,13,24,40,42,44,48,55],"killed_by":"The Heart","ascension_level":20}