{"gold_per_floor":[113,263,233,243,54,84,84,84,84,109,123,157,232,244,244,244],"floor_reached":16,"playtime":453,"items_purged":["Doubt"],"score":236,"play_id":"7d479d89-52a7-4b35-918d-ca0bc124d90e","local_time":"20190830143300","is_ascension_mode":true,"campfire_choices":[{"data":"Immolate","floor":8.0,"key":"SMITH"},{"data":"Strike_R","floor":15.0,"key":"PURGE"}],"neow_cost":"CURSE","seed_source_timestamp":110972337397300,"circlet_count":0,"master_deck":["AscendersBane","Strike_R","Strike_R","Strike_R","Strike_R","Defend_R","Defend_R","Defend_R","Defend_R","Bash","Writhe","Immolate+1","True Grit","Disarm","Shrug It Off","Feel No Pain","Headbutt","Exhume","Power Through"],"special_seed":0,"relics":["Burning Blood","Potion Belt","Peace Pipe","Singing Bowl","Anchor"],"potions_floor_usage":[16],"damage_taken":[{"damage":4.0,"enemies":"2 Louse","floor":1.0,"turns":2.0},{"damage":5.0,"enemies":"Small Slimes","floor":4.0,"turns":2.0},{"damage":34.0,"enemies":"Lagavulin","floor":6.0,"turns":10.0},{"damage":53.0,"enemies":"Gremlin Nob","floor":10.0,"turns":5.0},{"damage":0.0,"enemies":"Cultist","floor":11.0,"turns":3.0},{"damage":2.0,"enemies":"3 Sentries","floor":12.0,"turns":4.0},{"damage":0.0,"enemies":"Large Slime","floor":14.0,"turns":4.0},{"damage":32,"enemies":"Slime Boss","floor":16,"turns":8}],"seed_played":"-2691074482942765607","potions_obtained":[{"floor":3.0,"key":"SpeedPotion"},{"floor":3.0,"key":"Strength Potion"},{"floor":6.0,"key":"Swift Potion"},{"floor":10.0,"key":"Dexterity Potion"}],"is_trial":false,"path_per_floor":["M","?","?","M","$","E","?","R","T","E","M","E","?","M","R","B"],"character_chosen":"IRONCLAD","items_purchased":["Shrug It Off","Feel No Pain"],"campfire_rested":0,"item_purchase_floors":[5,5],"current_hp_per_floor":[70,70,70,71,71,43,68,68,68,21,27,33,22,30,30,0],"gold":244,"neow_bonus":"THREE_RARE_CARDS","is_prod":false,"is_daily":false,"chose_seed":false,"campfire_upgraded":1,"win_rate":0,"timestamp":1567189980,"path_taken":["M","?","?","?","$","E","?","R","T","E","M","E","?","M","R","BOSS"],"build_version":"2019-08-26","purchased_purges":1,"victory":false,"max_hp_per_floor":[75,75,75,75,75,75,75,75,75,75,75,77,77,79,79,79],"card_choices":[{"not_picked":["Brutality","Dark Embrace"],"picked":"Immolate","floor":0.0},{"not_picked":["Perfected Strike","Infernal Blade"],"picked":"True Grit","floor":1.0},{"not_picked":["Body Slam","Uppercut"],"picked":"Disarm","floor":4.0},{"not_picked":["Blood for Blood","Shrug It Off"],"picked":"Headbutt","floor":6.0},{"not_picked":["Uppercut","Anger"],"picked":"Exhume","floor":10.0},{"not_picked":["Blood for Blood","Thunderclap"],"picked":"Power Through","floor":11.0},{"not_picked":["Clash","Bloodletting","Flex"],"picked":"Singing Bowl","floor":12.0},{"not_picked":["Sword Boomerang","Heavy Blade","Body Slam"],"picked":"Singing Bowl","floor":14.0}],"player_experience":816334,"relics_obtained":[{"floor":6.0,"key":"Potion Belt"},{"floor":9.0,"key":"Peace Pipe"},{"floor":10.0,"key":"Singing Bowl"},{"floor":12.0,"key":"Anchor"}],"event_choices":[{"damage_healed":0.0,"max_hp_gain":0.0,"max_hp_loss":0.0,"gold_gain":150.0,"event_name":"Liars Game","player_choice":"AGREE","floor":2.0,"gold_loss":0.0,"damage_taken":0.0,"cards_obtained":["Doubt"]},{"damage_healed":0.0,"max_hp_gain":0.0,"max_hp_loss":0.0,"gold_gain":0.0,"event_name":"The Woman in Blue","player_choice":"Bought 2 Potions","floor":3.0,"gold_loss":0.0,"damage_taken":0.0},{"damage_healed":25.0,"max_hp_gain":0.0,"max_hp_loss":0.0,"gold_gain":0.0,"event_name":"Big Fish","player_choice":"Banana","floor":7.0,"gold_loss":0.0,"damage_taken":0.0},{"damage_healed":0.0,"max_hp_gain":0.0,"max_hp_loss":0.0,"gold_gain":75.0,"event_name":"World of Goop","player_choice":"Gather Gold","floor":13.0,"gold_loss":0.0,"damage_taken":11.0}],"is_beta":true,"boss_relics":[],"items_purged_floors":[5],"is_endless":false,"potions_floor_spawned":[6,10],"killed_by":"Slime Boss","ascension_level":20}