{"gold_per_floor":[114,125,125,142,156,156,13,13,36,66,85,85,85,117,117,214,214,214,214,44,44,44,44,44,44,44,44,44,44,44,44,44,44,44,44,44,44,44,44,44,44,44,44,44,44,44,44,44,44,44],"floor_reached":51,"playtime":2519,"items_purged":["Strike_G","Strike_G"],"score":771,"play_id":"255dd036-a56f-427b-81b2-c70b1dd3a8a9","local_time":"20190831025312","is_ascension_mode":false,"campfire_choices":[{"data":"Dagger Spray","floor":6.0,"key":"SMITH"},{"data":"Neutralize","floor":8.0,"key":"SMITH"},{"data":"Bouncing Flask","floor":13.0,"key":"SMITH"},{"data":"Dash","floor":15.0,"key":"SMITH"},{"data":"Catalyst","floor":23.0,"key":"SMITH"},{"floor":32.0,"key":"REST"},{"data":"Crippling Poison","floor":40,"key":"SMITH"},{"data":"Malaise","floor":45,"key":"SMITH"},{"data":"Burst","floor":47,"key":"SMITH"},{"floor":49,"key":"REST"}],"neow_cost":"TEN_PERCENT_HP_LOSS","seed_source_timestamp":892407366270100,"circlet_count":0,"master_deck":["Strike_G","Strike_G","Defend_G+1","Defend_G","Defend_G","Defend_G","Defend_G","Survivor+1","Neutralize+1","Bane","Dash+1","Dagger Spray+1","PiercingWail","Caltrops","Bouncing Flask+1","PiercingWail","Poisoned Stab","Burst+1","Flechettes+1","Catalyst+1","Catalyst","PiercingWail+1","Backstab","Backflip","Crippling Poison+1","Backflip","Footwork+1","Deadly Poison","Caltrops+1","Blur+1","Malaise+1","Leg Sweep+1"],"special_seed":0,"relics":["Ring of the Snake","Calipers","Pen Nib","Potion Belt","Nunchaku","Ectoplasm","Bronze Scales","Ancient Tea Set","Singing Bowl","Vajra","Orrery","Du-Vu Doll"],"potions_floor_usage":[50,50,50,50],"damage_taken":[{"damage":0.0,"enemies":"Jaw Worm","floor":1.0,"turns":6.0},{"damage":0.0,"enemies":"2 Louse","floor":2.0,"turns":4.0},{"damage":0.0,"enemies":"Cultist","floor":4.0,"turns":4.0},{"damage":0.0,"enemies":"Lots of Slimes","floor":5.0,"turns":2.0},{"damage":14.0,"enemies":"Lagavulin","floor":10.0,"turns":11.0},{"damage":3.0,"enemies":"Gremlin Gang","floor":11.0,"turns":4.0},{"damage":9.0,"enemies":"Gremlin Nob","floor":14.0,"turns":4.0},{"damage":16.0,"enemies":"Slime Boss","floor":16.0,"turns":9.0},{"damage":0.0,"enemies":"Shell Parasite","floor":18.0,"turns":4.0},{"damage":0.0,"enemies":"Chosen","floor":21.0,"turns":4.0},{"damage":0.0,"enemies":"Snake Plant","floor":22.0,"turns":4.0},{"damage":12.0,"enemies":"Gremlin Leader","floor":24.0,"turns":5.0},{"damage":18.0,"enemies":"3 Cultists","floor":25.0,"turns":4.0},{"damage":25.0,"enemies":"Slavers","floor":27.0,"turns":3.0},{"damage":0.0,"enemies":"Centurion and Healer","floor":28.0,"turns":6.0},{"damage":3.0,"enemies":"Shelled Parasite and Fungi","floor":29.0,"turns":5.0},{"damage":0.0,"enemies":"Chosen and Byrds","floor":30.0,"turns":3.0},{"damage":0.0,"enemies":"Book of Stabbing","floor":31.0,"turns":6.0},{"damage":25.0,"enemies":"Automaton","floor":33.0,"turns":10.0},{"damage":8,"enemies":"3 Shapes","floor":35,"turns":6},{"damage":0,"enemies":"3 Darklings","floor":36,"turns":4},{"damage":1,"enemies":"Transient","floor":38,"turns":5},{"damage":14,"enemies":"Maw","floor":39,"turns":7},{"damage":3,"enemies":"Writhing Mass","floor":41,"turns":3},{"damage":12,"enemies":"Spire Growth","floor":48,"turns":5},{"damage":7,"enemies":"Awakened One","floor":50,"turns":13}],"seed_played":"-3910468447651863649","potions_obtained":[{"floor":4.0,"key":"GhostInAJar"},{"floor":10.0,"key":"EntropicBrew"},{"floor":11.0,"key":"Poison Potion"},{"floor":24.0,"key":"LiquidBronze"},{"floor":27.0,"key":"Strength Potion"},{"floor":28.0,"key":"FairyPotion"},{"floor":30.0,"key":"Explosive Potion"},{"floor":33.0,"key":"Strength Potion"}],"is_trial":false,"path_per_floor":["M","M","?","M","M","R","$","R","T","E","M","$","R","E","R","B",null,"M","?","$","M","M","R","E","M","T","E","M","M","M","E","R","B",null,"M","M","$","M","M","R","M","?","T","?","R","$","R","M","R","B",null],"character_chosen":"THE_SILENT","items_purchased":["Caltrops","Catalyst"],"campfire_rested":2,"item_purchase_floors":[7,20],"current_hp_per_floor":[63,63,50,50,50,50,50,50,50,36,33,33,33,24,24,8,63,63,63,63,63,63,63,51,33,33,8,10,9,11,11,31,8,75,69,69,69,68,54,54,51,51,51,51,51,51,51,41,63,56],"gold":44,"neow_bonus":"ONE_RARE_RELIC","is_prod":false,"is_daily":false,"chose_seed":false,"campfire_upgraded":8,"win_rate":1,"timestamp":1567187592,"path_taken":["M","M","?","M","M","R","$","R","T","E","M","$","R","E","R","BOSS","M","?","$","M","?","R","E","M","T","E","M","M","?","E","R","BOSS","M","?","?","M","M","R","?","?","T","?","R","$","R","M","R","BOSS"],"build_version":"2019-07-17","purchased_purges":2,"victory":true,"max_hp_per_floor":[63,63,63,63,63,63,63,63,63,63,63,63,63,63,63,63,63,63,63,63,63,63,63,63,63,63,63,65,67,69,69,69,71,75,77,77,77,77,77,77,77,73,73,73,73,73,73,75,75,75],"card_choices":[{"not_picked":["Expertise","Cloak And Dagger"],"picked":"Bane","floor":1.0},{"not_picked":["Poisoned Stab","Outmaneuver"],"picked":"Dash","floor":2.0},{"not_picked":["Tools of the Trade","Backflip"],"picked":"Dagger Spray","floor":4.0},{"not_picked":["Prepared","Predator"],"picked":"PiercingWail","floor":5.0},{"not_picked":["Bullet Time","Bane"],"picked":"Bouncing Flask","floor":10.0},{"not_picked":["Outmaneuver","Dodge and Roll"],"picked":"PiercingWail","floor":11.0},{"not_picked":["Flying Knee","Infinite Blades"],"picked":"Poisoned Stab","floor":14.0},{"not_picked":["Bullet Time","Venomology"],"picked":"Burst","floor":16.0},{"not_picked":["Prepared","Distraction"],"picked":"Flechettes+1","floor":18.0},{"not_picked":["Expertise","Outmaneuver"],"picked":"Catalyst","floor":21.0},{"not_picked":["Prepared+1","Quick Slash"],"picked":"PiercingWail+1","floor":22.0},{"not_picked":["Finisher+1","Masterful Stab"],"picked":"Backstab","floor":24.0},{"not_picked":["PiercingWail","Tactician","Storm of Steel"],"picked":"SKIP","floor":25.0},{"not_picked":["Dagger Throw+1","Acrobatics"],"picked":"Backflip","floor":27.0},{"not_picked":["Eviscerate","Flying Knee","Dagger Spray"],"picked":"Singing Bowl","floor":28.0},{"not_picked":["Dagger Throw+1","Underhanded Strike+1","Deadly Poison"],"picked":"Singing Bowl","floor":29.0},{"not_picked":["Escape Plan","Heel Hook","Outmaneuver"],"picked":"Singing Bowl","floor":30.0},{"not_picked":["Dodge and Roll","Blade Dance"],"picked":"Crippling Poison","floor":31.0},{"not_picked":["Tools of the Trade","Envenom","Venomology"],"picked":"Singing Bowl","floor":33.0},{"not_picked":["Outmaneuver+1","Dagger Throw"],"picked":"Backflip","floor":34.0},{"not_picked":["Tactician+1","Cloak And Dagger","Slice"],"picked":"Singing Bowl","floor":34.0},{"not_picked":["Dodge and Roll+1","Crippling Poison"],"picked":"Footwork+1","floor":34.0},{"not_picked":["Storm of Steel","Terror","Deflect"],"picked":"Singing Bowl","floor":34.0},{"not_picked":["Cloak And Dagger","Bouncing Flask"],"picked":"Deadly Poison","floor":34.0},{"not_picked":["Distraction","Flying Knee","Poisoned Stab"],"picked":"Singing Bowl","floor":35},{"not_picked":["Outmaneuver","Underhanded Strike"],"picked":"Caltrops+1","floor":36},{"not_picked":["Flechettes","Underhanded Strike"],"picked":"Blur+1","floor":38},{"not_picked":["Finisher","Flechettes"],"picked":"Malaise","floor":39},{"not_picked":["Deadly Poison+1","Bane"],"picked":"Leg Sweep+1","floor":41},{"not_picked":["Blade Dance","Poisoned Stab","Quick Slash+1"],"picked":"Singing Bowl","floor":48}],"player_experience":300241,"relics_obtained":[{"floor":9.0,"key":"Pen Nib"},{"floor":10.0,"key":"Potion Belt"},{"floor":14.0,"key":"Nunchaku"},{"floor":24.0,"key":"Bronze Scales"},{"floor":26.0,"key":"Ancient Tea Set"},{"floor":27.0,"key":"Singing Bowl"},{"floor":31.0,"key":"Vajra"},{"floor":43,"key":"Du-Vu Doll"}],"event_choices":[{"damage_healed":0.0,"max_hp_gain":0.0,"max_hp_loss":0.0,"gold_gain":0.0,"event_name":"Shining Light","player_choice":"Entered Light","floor":3.0,"gold_loss":0.0,"damage_taken":13.0,"cards_upgraded":["Survivor","Defend_G"]},{"cards_removed":["Strike_G"],"damage_healed":0.0,"max_hp_gain":0.0,"max_hp_loss":0.0,"gold_gain":0.0,"event_name":"Bonfire Elementals","player_choice":"Offered Basic","floor":19.0,"gold_loss":0.0,"damage_taken":0.0},{"damage_healed":0,"gold_gain":0,"player_choice":"Max HP","damage_taken":0,"max_hp_gain":0,"max_hp_loss":4,"event_name":"Winding Halls","floor":42,"gold_loss":0},{"damage_healed":0,"gold_gain":0,"player_choice":"0 cards matched","damage_taken":0,"max_hp_gain":0,"max_hp_loss":0,"event_name":"Match and Keep!","floor":44,"gold_loss":0,"cards_obtained":[]}],"is_beta":false,"boss_relics":[{"not_picked":["Calling Bell","White Beast Statue"],"picked":"Ectoplasm"},{"not_picked":["Sozu","Tiny House"],"picked":"Orrery"}],"items_purged_floors":[7,20],"is_endless":false,"potions_floor_spawned":[4,10,11,24,27,28,30,33,39,41,48],"ascension_level":0}