{"gold_per_floor":[19,19,30,44,44,44,105,105,132,164,164,180,192,211,211,288,288,288,12,12,12,12,12,12,12,12,12,12,12,12,12,12,12,12,12,12,12,12,12,12,12,12,12,12,12,12,12,12,12,12,12],"floor_reached":51,"playtime":2654,"items_purged":[],"score":1492,"play_id":"365c6c13-a60a-4675-ab1e-1fb52c1e04b2","local_time":"20190711164718","is_ascension_mode":true,"campfire_choices":[{"data":"Streamline","floor":6.0,"key":"SMITH"},{"data":"Biased Cognition","floor":8.0,"key":"SMITH"},{"data":"Sunder","floor":11.0,"key":"SMITH"},{"data":"Dualcast","floor":15.0,"key":"SMITH"},{"data":"Beam Cell","floor":24.0,"key":"SMITH"},{"floor":27,"key":"REST"},{"floor":32,"key":"REST"},{"floor":47,"key":"RECALL"},{"floor":49,"key":"REST"}],"neow_cost":"NO_GOLD","seed_source_timestamp":159095168551400,"circlet_count":0,"master_deck":["AscendersBane","Strike_B","Strike_B","Strike_B","Strike_B","Defend_B","Defend_B+1","Defend_B","Defend_B","Zap+1","Dualcast+1","Biased Cognition+1","Streamline+1","Chill+1","Leap","Glacier","Sunder+1","Streamline","Ball Lightning","Cold Snap","All For One","Compile Driver","Beam Cell+1","White Noise+1","Lockon","Rip and Tear","Cold Snap","Echo Form","Echo Form","Coolheaded+1","Dark Shackles+1","Seek"],"special_seed":0,"relics":["Cracked Core","Orichalcum","Shuriken","Ectoplasm","Sling","Pantograph","Juzu Bracelet","Gremlin Horn","Nloth\u0027s Gift","Red Mask","Oddly Smooth Stone","Sozu","Torii","Boot","Potion Belt","War Paint"],"potions_floor_usage":[28,30,40,50],"damage_taken":[{"damage":0.0,"enemies":"Cultist","floor":1.0,"turns":3.0},{"damage":0.0,"enemies":"2 Louse","floor":3.0,"turns":2.0},{"damage":4.0,"enemies":"Small Slimes","floor":4.0,"turns":3.0},{"damage":28.0,"enemies":"Gremlin Nob","floor":7.0,"turns":4.0},{"damage":4.0,"enemies":"3 Sentries","floor":10.0,"turns":9.0},{"damage":0.0,"enemies":"Looter","floor":12.0,"turns":3.0},{"damage":0.0,"enemies":"Exordium Thugs","floor":13.0,"turns":3.0},{"damage":0.0,"enemies":"2 Fungi Beasts","floor":14.0,"turns":3.0},{"damage":22.0,"enemies":"The Guardian","floor":16.0,"turns":9.0},{"damage":6.0,"enemies":"3 Byrds","floor":18.0,"turns":5.0},{"damage":0.0,"enemies":"Spheric Guardian","floor":20.0,"turns":3.0},{"damage":8.0,"enemies":"Slavers","floor":23.0,"turns":3.0},{"damage":24.0,"enemies":"Snake Plant","floor":25.0,"turns":3.0},{"damage":22,"enemies":"Book of Stabbing","floor":28,"turns":4},{"damage":0,"enemies":"Masked Bandits","floor":30,"turns":3},{"damage":6,"enemies":"Slavers","floor":31,"turns":4},{"damage":31,"enemies":"Champ","floor":33,"turns":8},{"damage":7,"enemies":"Orb Walker","floor":35,"turns":3},{"damage":0,"enemies":"Mind Bloom Boss Battle","floor":36,"turns":3},{"damage":0,"enemies":"Reptomancer","floor":40,"turns":4},{"damage":1,"enemies":"Nemesis","floor":42,"turns":5},{"damage":0,"enemies":"3 Shapes","floor":45,"turns":4},{"damage":18,"enemies":"Spire Growth","floor":46,"turns":5},{"damage":11,"enemies":"4 Shapes","floor":48,"turns":7},{"damage":54,"enemies":"Awakened One","floor":50,"turns":12},{"damage":40,"enemies":"Donu and Deca","floor":51,"turns":4}],"seed_played":"-3484733182799920607","potions_obtained":[{"floor":4.0,"key":"GamblersBrew"},{"floor":10.0,"key":"Dexterity Potion"},{"floor":13.0,"key":"SkillPotion"},{"floor":25.0,"key":"Regen Potion"},{"floor":28,"key":"SteroidPotion"},{"floor":31,"key":"Explosive Potion"}],"is_trial":false,"path_per_floor":["M","?","M","M","?","R","E","R","T","E","R","M","M","M","R","B",null,"M","$","M","T","?","E","R","M","T","R","E","?","?","E","R","B",null,"M","?","?","$","?","E","?","E","T","?","M","M","R","M","R","B","B"],"character_chosen":"DEFECT","items_purchased":["Sling","Explosive Potion"],"campfire_rested":3,"item_purchase_floors":[19,19],"current_hp_per_floor":[64,64,64,60,60,60,32,32,32,28,28,28,28,28,28,6,55,49,49,49,49,49,41,41,17,17,38,28,28,28,22,43,37,63,56,71,67,67,57,57,57,56,56,56,56,38,38,27,47,13,0],"gold":12,"neow_bonus":"THREE_RARE_CARDS","is_prod":false,"is_daily":false,"chose_seed":false,"campfire_upgraded":5,"win_rate":0,"timestamp":1562878038,"path_taken":["M","?","M","M","?","R","E","R","T","E","R","M","M","M","R","BOSS","M","$","M","?","?","E","R","M","T","R","E","?","?","E","R","BOSS","M","?","?","?","?","E","?","E","T","?","M","M","R","M","R","BOSS","BOSS"],"build_version":"2019-07-05","purchased_purges":0,"victory":false,"max_hp_per_floor":[71,71,71,71,71,71,71,71,71,71,71,71,71,71,71,71,71,71,71,71,71,71,71,71,71,71,71,71,71,71,71,71,71,71,71,71,67,67,67,67,67,67,67,67,67,67,67,67,67,67,67],"card_choices":[{"not_picked":["Seek","Multi-Cast"],"picked":"Biased Cognition","floor":0.0},{"not_picked":["Aggregate","Heatsinks"],"picked":"Streamline","floor":1.0},{"not_picked":["Force Field","White Noise"],"picked":"Chill","floor":3.0},{"not_picked":["Turbo","Gash"],"picked":"Leap","floor":4.0},{"not_picked":["Go for the Eyes","All For One"],"picked":"Glacier","floor":7.0},{"not_picked":["Gash","Aggregate"],"picked":"Sunder","floor":10.0},{"not_picked":["Chill","Hologram"],"picked":"Streamline","floor":12.0},{"not_picked":["Barrage","Steam"],"picked":"Ball Lightning","floor":13.0},{"not_picked":["Static Discharge","Gash"],"picked":"Cold Snap","floor":14.0},{"not_picked":["Machine Learning","Meteor Strike"],"picked":"All For One","floor":16.0},{"not_picked":["Coolheaded","Chaos"],"picked":"Compile Driver","floor":18.0},{"not_picked":["Barrage","Blizzard"],"picked":"Beam Cell","floor":20.0},{"not_picked":["Darkness","Chaos","Barrage"],"picked":"SKIP","floor":23.0},{"not_picked":["Compile Driver","Redo"],"picked":"White Noise+1","floor":25.0},{"not_picked":["Conserve Battery+1","Coolheaded"],"picked":"Lockon","floor":28},{"not_picked":["Chill","Blizzard"],"picked":"Rip and Tear","floor":30},{"not_picked":["Skim","Fusion"],"picked":"Cold Snap","floor":31},{"not_picked":["Fission","Buffer"],"picked":"Echo Form","floor":33},{"not_picked":["Thunder Strike","Leap+1"],"picked":"Echo Form","floor":35},{"not_picked":["BootSequence","Hello World"],"picked":"Coolheaded+1","floor":36},{"not_picked":["Forethought","Secret Weapon"],"picked":"Dark Shackles","floor":39},{"not_picked":["Amplify","White Noise+1"],"picked":"Seek","floor":40},{"not_picked":["Creative AI","Echo Form","Steam Power"],"picked":"SKIP","floor":42},{"not_picked":["Turbo","Fusion","Ball Lightning+1"],"picked":"SKIP","floor":45},{"not_picked":["Static Discharge+1","Conserve Battery","Coolheaded"],"picked":"SKIP","floor":46},{"not_picked":["Hello World","Scrape+1","Melter"],"picked":"SKIP","floor":48}],"player_experience":1333901,"relics_obtained":[{"floor":7.0,"key":"Tiny Chest"},{"floor":9.0,"key":"Orichalcum"},{"floor":10.0,"key":"Shuriken"},{"floor":21.0,"key":"Pantograph"},{"floor":23.0,"key":"Juzu Bracelet"},{"floor":28,"key":"Gremlin Horn"},{"floor":30,"key":"Red Mask"},{"floor":31,"key":"Oddly Smooth Stone"},{"floor":36,"key":"Torii"},{"floor":40,"key":"Boot"},{"floor":42,"key":"Potion Belt"},{"floor":43,"key":"War Paint"}],"event_choices":[{"damage_healed":0.0,"max_hp_gain":0.0,"max_hp_loss":0.0,"gold_gain":0.0,"event_name":"Living Wall","player_choice":"Grow","floor":2.0,"gold_loss":0.0,"damage_taken":0.0,"cards_upgraded":["Zap"]},{"damage_healed":0.0,"max_hp_gain":0.0,"max_hp_loss":0.0,"gold_gain":0.0,"event_name":"Accursed Blacksmith","player_choice":"Forge","floor":5.0,"gold_loss":0.0,"damage_taken":0.0,"cards_upgraded":["Chill"]},{"damage_healed":0.0,"max_hp_gain":0.0,"max_hp_loss":0.0,"gold_gain":0.0,"event_name":"Vampires","player_choice":"Ignored","floor":22.0,"gold_loss":0.0,"damage_taken":0.0},{"damage_healed":0,"gold_gain":0,"player_choice":"Traded Relic","damage_taken":0,"relics_obtained":["Nloth\u0027s Gift"],"max_hp_gain":0,"max_hp_loss":0,"event_name":"N\u0027loth","floor":29,"relics_lost":["Tiny Chest"],"gold_loss":0},{"damage_healed":0,"gold_gain":0,"player_choice":"Fought Bandits","damage_taken":0,"max_hp_gain":0,"max_hp_loss":0,"event_name":"Masked Bandits","floor":30,"gold_loss":0},{"damage_healed":0,"gold_gain":0,"player_choice":"Fight","damage_taken":0,"max_hp_gain":0,"max_hp_loss":0,"event_name":"MindBloom","floor":36,"gold_loss":0},{"damage_healed":0,"gold_gain":0,"player_choice":"Max HP","damage_taken":0,"max_hp_gain":0,"max_hp_loss":4,"event_name":"Winding Halls","floor":37,"gold_loss":0},{"damage_healed":0,"gold_gain":0,"player_choice":"Memory 3","damage_taken":10,"max_hp_gain":0,"max_hp_loss":0,"event_name":"SensoryStone","floor":39,"gold_loss":0},{"damage_healed":0,"gold_gain":50,"player_choice":"Pray","damage_taken":0,"max_hp_gain":0,"max_hp_loss":0,"event_name":"Golden Shrine","floor":41,"gold_loss":0},{"damage_healed":0,"gold_gain":0,"player_choice":"Ignored","damage_taken":0,"max_hp_gain":0,"max_hp_loss":0,"event_name":"Tomb of Lord Red Mask","floor":44,"gold_loss":0}],"is_beta":false,"boss_relics":[{"not_picked":["Black Star","Velvet Choker"],"picked":"Ectoplasm"},{"not_picked":["Astrolabe","Lizard Tail"],"picked":"Sozu"}],"items_purged_floors":[],"is_endless":false,"potions_floor_spawned":[4,10,13,14,25,28,31,40,45,46,48],"killed_by":"Donu and Deca","ascension_level":20}