{"gold_per_floor":[368,385,396,416,121,146,146,180,180,214,214,214,227,242,242,316,316,336,336,351,276,276,276,287,297,297,309,350,377,389,51,51,124,124,141,141,16,27,39,65,65,95,95,145,155,175,190,207,207,207],"floor_reached":50,"playtime":2881,"items_purged":["Strike_B","Parasite","Normality"],"score":1292,"play_id":"dedc62e8-db7c-4726-b799-551dc0ef8745","local_time":"20190629120806","is_ascension_mode":true,"campfire_choices":[{"data":"Zap","floor":7.0,"key":"SMITH"},{"data":"Beam Cell","floor":12.0,"key":"SMITH"},{"data":"Dualcast","floor":15.0,"key":"SMITH"},{"data":"Fission","floor":23.0,"key":"SMITH"},{"data":"Hologram","floor":27.0,"key":"SMITH"},{"floor":30.0,"key":"REST"},{"data":"Defragment","floor":32.0,"key":"SMITH"},{"floor":41.0,"key":"REST"},{"floor":49,"key":"RECALL"}],"neow_cost":"TEN_PERCENT_HP_LOSS","seed_source_timestamp":0,"circlet_count":0,"master_deck":["AscendersBane","Strike_B","Strike_B","Defend_B","Defend_B","Defend_B","Defend_B","Zap+1","Dualcast+1","Hologram+1","Compile Driver","Sweeping Beam","Cold Snap","Hyperbeam","Leap","Beam Cell+1","Clumsy","Cold Snap","Beam Cell","Echo Form","Reinforced Body","Steam","Fission+1","BootSequence+1","Ball Lightning","Force Field+1","Defragment+1","Seek","Parasite","Parasite","Undo","Hologram","Defragment","Leap+1","Defragment","Stack","Regret","Streamline+1","Hologram","Parasite","Cold Snap+1","Loop","Capacitor+1","Electrodynamics","Capacitor"],"special_seed":0,"relics":["Cracked Core","Happy Flower","Blood Vial","Kunai","Darkstone Periapt","Question Card","Cursed Key","Bag of Preparation","MawBank","Strawberry","Oddly Smooth Stone","Calling Bell","Bronze Scales","Cables","Prayer Wheel","The Courier","Symbiotic Virus","Turnip"],"potions_floor_usage":[47],"damage_taken":[{"damage":2.0,"enemies":"Jaw Worm","floor":1.0,"turns":3.0},{"damage":9.0,"enemies":"Cultist","floor":2.0,"turns":4.0},{"damage":1.0,"enemies":"Small Slimes","floor":3.0,"turns":3.0},{"damage":4.0,"enemies":"Looter","floor":4.0,"turns":4.0},{"damage":6.0,"enemies":"Gremlin Nob","floor":6.0,"turns":3.0},{"damage":19.0,"enemies":"Lagavulin","floor":8.0,"turns":6.0},{"damage":10.0,"enemies":"3 Sentries","floor":10.0,"turns":3.0},{"damage":7.0,"enemies":"Red Slaver","floor":13.0,"turns":2.0},{"damage":1.0,"enemies":"Exordium Wildlife","floor":14.0,"turns":4.0},{"damage":12.0,"enemies":"Slime Boss","floor":16.0,"turns":8.0},{"damage":0.0,"enemies":"Chosen","floor":18.0,"turns":3.0},{"damage":15.0,"enemies":"2 Thieves","floor":20.0,"turns":2.0},{"damage":0.0,"enemies":"Snake Plant","floor":24.0,"turns":2.0},{"damage":0.0,"enemies":"3 Cultists","floor":25.0,"turns":3.0},{"damage":18.0,"enemies":"Book of Stabbing","floor":28.0,"turns":5.0},{"damage":8.0,"enemies":"Snecko","floor":29.0,"turns":5.0},{"damage":24.0,"enemies":"Automaton","floor":33.0,"turns":13.0},{"damage":0.0,"enemies":"Orb Walker","floor":35.0,"turns":4.0},{"damage":7.0,"enemies":"3 Shapes","floor":38.0,"turns":6.0},{"damage":14.0,"enemies":"Maw","floor":39.0,"turns":8.0},{"damage":53.0,"enemies":"Giant Head","floor":40.0,"turns":13.0},{"damage":9.0,"enemies":"Nemesis","floor":42.0,"turns":13.0},{"damage":14.0,"enemies":"2 Orb Walkers","floor":44.0,"turns":4.0},{"damage":12.0,"enemies":"Spire Growth","floor":45.0,"turns":10.0},{"damage":11.0,"enemies":"Writhing Mass","floor":46.0,"turns":6.0},{"damage":3,"enemies":"Transient","floor":47,"turns":6},{"damage":5,"enemies":"3 Darklings","floor":48,"turns":6},{"damage":36,"enemies":"Time Eater","floor":50,"turns":4}],"seed_played":"52074865007602782","potions_obtained":[{"floor":3.0,"key":"SkillPotion"},{"floor":4.0,"key":"LiquidBronze"},{"floor":6.0,"key":"Energy Potion"},{"floor":10.0,"key":"GamblersBrew"},{"floor":14.0,"key":"Block Potion"},{"floor":24.0,"key":"Poison Potion"},{"floor":25.0,"key":"PowerPotion"},{"floor":33.0,"key":"FearPotion"},{"floor":35.0,"key":"SpeedPotion"},{"floor":42.0,"key":"FearPotion"},{"floor":45.0,"key":"GamblersBrew"},{"floor":48,"key":"Poison Potion"}],"is_trial":false,"path_per_floor":["M","M","M","M","$","E","R","E","T","E","?","R","M","M","R","B",null,"M","?","M","?","?","R","M","M","T","R","E","M","R","$","R","B",null,"M","?","$","M","M","E","R","E","T","?","M","M","M","M","R","B"],"character_chosen":"DEFECT","items_purchased":["Happy Flower","FearPotion","Defragment","Oddly Smooth Stone"],"campfire_rested":2,"item_purchase_floors":[5,5,31,31],"current_hp_per_floor":[62,53,52,48,48,42,42,25,25,17,23,23,18,19,19,9,55,57,63,50,50,50,50,52,54,60,60,51,45,71,71,71,49,95,97,97,97,92,80,29,60,53,59,47,37,34,33,30,30,0],"gold":207,"neow_bonus":"TWO_FIFTY_GOLD","is_prod":false,"is_daily":false,"chose_seed":false,"campfire_upgraded":6,"win_rate":0,"timestamp":1561824486,"path_taken":["M","M","M","M","$","E","R","E","T","E","?","R","?","M","R","BOSS","M","?","M","?","?","R","M","?","T","R","E","M","R","$","R","BOSS","M","?","?","M","M","E","R","E","T","?","M","M","M","M","R","BOSS"],"build_version":"2019-01-23","purchased_purges":3,"victory":false,"max_hp_per_floor":[64,64,64,64,64,64,64,64,64,64,70,70,70,70,70,70,70,70,76,76,76,76,76,76,76,82,82,89,89,89,86,86,86,104,104,104,104,104,104,104,104,104,110,110,110,116,116,116,116,116],"card_choices":[{"not_picked":["Turbo","Gash"],"picked":"Hologram","floor":1.0},{"not_picked":["Steam Power","Hologram"],"picked":"Compile Driver","floor":2.0},{"not_picked":["Reinforced Body","Compile Driver"],"picked":"Sweeping Beam","floor":3.0},{"not_picked":["Hologram","Steam"],"picked":"Cold Snap","floor":4.0},{"not_picked":["Reinforced Body","Gash"],"picked":"Hyperbeam","floor":6.0},{"not_picked":["Compile Driver","Steam"],"picked":"Leap","floor":8.0},{"not_picked":["Lockon","Consume"],"picked":"Beam Cell","floor":10.0},{"not_picked":["Biased Cognition","Turbo","Go for the Eyes"],"picked":"Cold Snap","floor":13.0},{"not_picked":["Hologram","Multi-Cast","Heatsinks"],"picked":"Beam Cell","floor":14.0},{"not_picked":["Reboot","All For One","Hyperbeam"],"picked":"Echo Form","floor":16.0},{"not_picked":["Sweeping Beam","Double Energy","Leap"],"picked":"Reinforced Body","floor":18.0},{"not_picked":["Doom and Gloom","Heatsinks","Redo"],"picked":"Steam","floor":20.0},{"not_picked":["Hologram","Darkness","Leap"],"picked":"BootSequence+1","floor":24.0},{"not_picked":["Reprogram","Gash","Melter","Beam Cell"],"picked":"SKIP","floor":25.0},{"not_picked":["Compile Driver","Creative AI","Darkness"],"picked":"Ball Lightning","floor":28.0},{"not_picked":["Redo","Turbo","Compile Driver"],"picked":"Force Field+1","floor":29.0},{"not_picked":["Thunder Strike","Multi-Cast","Machine Learning"],"picked":"Seek","floor":33.0},{"not_picked":["Genetic Algorithm+1","Force Field","Go for the Eyes"],"picked":"Undo","floor":35.0},{"not_picked":["Redo","Gash","Steam"],"picked":"Hologram","floor":35.0},{"not_picked":["Coolheaded","Gash+1","Compile Driver+1"],"picked":"Defragment","floor":38.0},{"not_picked":["Barrage+1","Auto Shields","Compile Driver"],"picked":"Leap+1","floor":38.0},{"not_picked":["Doom and Gloom","Leap","Rebound","BootSequence"],"picked":"SKIP","floor":39.0},{"not_picked":["Rebound+1","Cold Snap","FTL","Compile Driver"],"picked":"SKIP","floor":39.0},{"not_picked":["Doom and Gloom","All For One","Stack+1"],"picked":"Defragment","floor":40.0},{"not_picked":["Creative AI","Stack","Darkness","Barrage"],"picked":"SKIP","floor":42.0},{"not_picked":["Creative AI","Darkness","Barrage"],"picked":"Stack","floor":42.0},{"not_picked":["Beam Cell","Steam","FTL"],"picked":"Streamline+1","floor":45.0},{"not_picked":["Beam Cell","Rebound+1","Leap"],"picked":"Hologram","floor":45.0},{"not_picked":["Force Field","Hologram+1","Fission"],"picked":"Cold Snap+1","floor":46.0},{"not_picked":["Steam+1","Hologram","Ball Lightning+1","Redo"],"picked":"SKIP","floor":46.0},{"not_picked":["Coolheaded","Gash","Heatsinks"],"picked":"Loop","floor":47},{"not_picked":["Steam","Melter","Ball Lightning"],"picked":"Capacitor+1","floor":47},{"not_picked":["Coolheaded","Fusion","Streamline"],"picked":"Electrodynamics","floor":48},{"not_picked":["Gash","Undo","Ball Lightning"],"picked":"Capacitor","floor":48}],"player_experience":1241112,"relics_obtained":[{"floor":6.0,"key":"Blood Vial"},{"floor":8.0,"key":"Kunai"},{"floor":9.0,"key":"Darkstone Periapt"},{"floor":10.0,"key":"Question Card"},{"floor":26.0,"key":"MawBank"},{"floor":28.0,"key":"Strawberry"},{"floor":34.0,"key":"Bronze Scales"},{"floor":34.0,"key":"Cables"},{"floor":34.0,"key":"Prayer Wheel"},{"floor":40.0,"key":"The Courier"},{"floor":42.0,"key":"Symbiotic Virus"},{"floor":44.0,"key":"Turnip"}],"event_choices":[{"damage_healed":0.0,"max_hp_gain":0.0,"max_hp_loss":0.0,"gold_gain":0.0,"event_name":"Match and Keep!","player_choice":"1 cards matched","floor":11.0,"gold_loss":0.0,"damage_taken":0.0,"cards_obtained":["Clumsy"]},{"damage_healed":0.0,"max_hp_gain":0.0,"max_hp_loss":0.0,"gold_gain":0.0,"event_name":"The Mausoleum","player_choice":"Opened","floor":19.0,"gold_loss":0.0,"damage_taken":0.0,"relics_obtained":["Bag of Preparation"],"cards_obtained":["Writhe"]},{"cards_removed":["Writhe"],"damage_healed":0.0,"max_hp_gain":0.0,"max_hp_loss":0.0,"gold_gain":0.0,"event_name":"Beggar","player_choice":"Gave Gold","floor":21.0,"gold_loss":75.0,"damage_taken":0.0},{"damage_healed":0.0,"max_hp_gain":0.0,"max_hp_loss":0.0,"gold_gain":0.0,"cards_transformed":["Strike_B"],"event_name":"Transmorgrifier","player_choice":"Transformed","floor":22.0,"gold_loss":0.0,"damage_taken":0.0,"cards_obtained":["Fission"]},{"damage_healed":0.0,"max_hp_gain":0.0,"max_hp_loss":0.0,"gold_gain":0.0,"event_name":"FaceTrader","player_choice":"Leave","floor":36.0,"gold_loss":0.0,"damage_taken":0.0},{"damage_healed":0.0,"max_hp_gain":0.0,"max_hp_loss":0.0,"gold_gain":0.0,"event_name":"Mysterious Sphere","player_choice":"Fight","floor":44.0,"gold_loss":0.0,"damage_taken":0.0}],"is_beta":false,"boss_relics":[{"not_picked":["Lizard Tail","Empty Cage"],"picked":"Cursed Key"},{"not_picked":["Runic Dome","FrozenCore"],"picked":"Calling Bell"}],"items_purged_floors":[5,31,37],"is_endless":false,"potions_floor_spawned":[3,4,6,10,14,24,25,33,35,42,45,48],"killed_by":"Time Eater","ascension_level":20}