{"gold_per_floor":[116,134,153,2,20,20,35,64,64,82,115,115,115,134,134,235,235,252,270,180,190,206,206,218,218,218,236,265,265,300,312,312,416,416,436,450,40,0,0,15,31,31,31,31,31,49,64,83,83,83],"floor_reached":51,"playtime":3419,"items_purged":["Strike_G","Doubt"],"score":857,"play_id":"a1770a8d-3dae-4b25-9e73-a6be4ae9bc4f","local_time":"20190830041709","is_ascension_mode":false,"campfire_choices":[{"data":"Glass Knife","floor":6.0,"key":"SMITH"},{"data":"Cloak And Dagger","floor":13.0,"key":"SMITH"},{"data":"Noxious Fumes","floor":15.0,"key":"SMITH"},{"data":"Neutralize","floor":23.0,"key":"SMITH"},{"data":"Well Laid Plans","floor":25.0,"key":"SMITH"},{"data":"Catalyst","floor":29.0,"key":"SMITH"},{"data":"Adrenaline","floor":32,"key":"SMITH"},{"data":"Night Terror","floor":42,"key":"SMITH"},{"data":"Burst","floor":44,"key":"SMITH"},{"data":"Blade Dance","floor":49,"key":"SMITH"}],"neow_cost":"NONE","seed_source_timestamp":810296901486600,"circlet_count":0,"master_deck":["Strike_G","Defend_G","Defend_G+1","Defend_G","Defend_G","Defend_G","Survivor","Neutralize+1","Glass Knife+1","Deadly Poison","Quick Slash","Acrobatics","Catalyst+1","Prepared","Cloak And Dagger+1","Noxious Fumes+1","Blade Dance+1","Adrenaline+1","Noxious Fumes","Well Laid Plans+1","Acrobatics","Skewer","Deflect","PiercingWail","Backflip","Cloak And Dagger+1","Corpse Explosion","Underhanded Strike+1","Acrobatics+1","Burst+1","Underhanded Strike+1","Night Terror+1","Normality","PiercingWail","Backflip+1","Concentrate+1"],"special_seed":0,"relics":["Ring of the Snake","Sundial","Ornamental Fan","Unceasing Top","Kunai","Cursed Key","FossilizedHelix","Boot","Potion Belt","Runic Pyramid","Oddly Smooth Stone","Red Mask","Ninja Scroll"],"potions_floor_usage":[30,50,50,50,50],"damage_taken":[{"damage":0.0,"enemies":"Jaw Worm","floor":1.0,"turns":5.0},{"damage":3.0,"enemies":"Small Slimes","floor":2.0,"turns":4.0},{"damage":0.0,"enemies":"Cultist","floor":3.0,"turns":2.0},{"damage":0.0,"enemies":"Looter","floor":5.0,"turns":4.0},{"damage":0.0,"enemies":"3 Louse","floor":7.0,"turns":2.0},{"damage":19.0,"enemies":"3 Sentries","floor":8.0,"turns":8.0},{"damage":0.0,"enemies":"Exordium Wildlife","floor":10.0,"turns":5.0},{"damage":7.0,"enemies":"Lagavulin","floor":11.0,"turns":6.0},{"damage":0.0,"enemies":"Large Slime","floor":14.0,"turns":5.0},{"damage":13.0,"enemies":"Hexaghost","floor":16.0,"turns":7.0},{"damage":0.0,"enemies":"3 Byrds","floor":18.0,"turns":5.0},{"damage":0.0,"enemies":"Shell Parasite","floor":19.0,"turns":4.0},{"damage":5.0,"enemies":"Snake Plant","floor":21.0,"turns":3.0},{"damage":4.0,"enemies":"Centurion and Healer","floor":22.0,"turns":6.0},{"damage":0.0,"enemies":"Snecko","floor":24.0,"turns":4.0},{"damage":0.0,"enemies":"Snake Plant","floor":27.0,"turns":4.0},{"damage":0.0,"enemies":"Gremlin Leader","floor":28.0,"turns":6.0},{"damage":7,"enemies":"Slavers","floor":30,"turns":6},{"damage":0,"enemies":"Cultist and Chosen","floor":31,"turns":4},{"damage":0,"enemies":"Collector","floor":33,"turns":9},{"damage":0,"enemies":"3 Shapes","floor":35,"turns":3},{"damage":0,"enemies":"Orb Walker","floor":36,"turns":3},{"damage":0,"enemies":"Maw","floor":40,"turns":4},{"damage":0,"enemies":"Jaw Worm Horde","floor":41,"turns":3},{"damage":0,"enemies":"3 Darklings","floor":46,"turns":3},{"damage":0,"enemies":"4 Shapes","floor":47,"turns":6},{"damage":0,"enemies":"Maw","floor":48,"turns":6},{"damage":0,"enemies":"Awakened One","floor":50,"turns":6}],"seed_played":"-6404078478768265954","potions_obtained":[{"floor":2.0,"key":"LiquidBronze"},{"floor":3.0,"key":"Fire Potion"},{"floor":11.0,"key":"Swift Potion"},{"floor":14.0,"key":"AttackPotion"},{"floor":21.0,"key":"SteroidPotion"},{"floor":30,"key":"Regen Potion"},{"floor":31,"key":"SteroidPotion"},{"floor":33,"key":"LiquidBronze"},{"floor":35,"key":"Poison Potion"}],"is_trial":false,"path_per_floor":["M","M","M","$","M","R","M","E","T","M","E","?","R","M","R","B",null,"M","M","?","M","M","R","M","R","T","M","E","R","E","M","R","B",null,"M","M","$","?","?","M","M","R","T","R","?","M","M","M","R","B",null],"character_chosen":"THE_SILENT","items_purchased":["Catalyst","Oddly Smooth Stone","Burst"],"campfire_rested":0,"item_purchase_floors":[4,37,37],"current_hp_per_floor":[70,67,67,67,67,67,67,48,48,48,41,38,38,38,38,25,70,70,70,70,65,61,61,61,61,61,61,61,61,54,54,54,54,70,70,70,70,70,70,70,70,70,70,70,66,66,66,66,66,66],"gold":83,"neow_bonus":"TRANSFORM_CARD","is_prod":false,"is_daily":false,"chose_seed":false,"campfire_upgraded":10,"win_rate":1,"timestamp":1567106229,"path_taken":["M","M","M","$","M","R","M","E","T","M","E","?","R","M","R","BOSS","M","M","?","M","M","R","M","R","T","M","E","R","E","M","R","BOSS","M","M","$","?","?","M","M","R","T","R","?","M","M","M","R","BOSS"],"build_version":"2019-07-17","purchased_purges":2,"victory":true,"max_hp_per_floor":[70,70,70,70,70,70,70,70,70,70,70,70,70,70,70,70,70,70,70,70,70,70,70,70,70,70,70,70,70,70,70,70,70,70,70,70,70,70,70,70,70,70,70,70,66,66,66,66,66,66],"card_choices":[{"not_picked":["Poisoned Stab","Expertise"],"picked":"Deadly Poison","floor":1.0},{"not_picked":["Slice","Deflect"],"picked":"Quick Slash","floor":2.0},{"not_picked":["Bullet Time","Underhanded Strike"],"picked":"Acrobatics","floor":3.0},{"not_picked":["Outmaneuver","Slice","Expertise"],"picked":"SKIP","floor":5.0},{"not_picked":["Slice","Acrobatics"],"picked":"Prepared","floor":7.0},{"not_picked":["Grand Finale","Eviscerate"],"picked":"Cloak And Dagger","floor":8.0},{"not_picked":["Bouncing Flask","Tactician"],"picked":"Noxious Fumes","floor":10.0},{"not_picked":["Dagger Spray","Dagger Throw","Accuracy"],"picked":"SKIP","floor":11.0},{"not_picked":["Bane","Poisoned Stab"],"picked":"Blade Dance","floor":14.0},{"not_picked":["Night Terror","Envenom"],"picked":"Adrenaline","floor":16.0},{"not_picked":["Sucker Punch","Caltrops+1"],"picked":"Noxious Fumes","floor":18.0},{"not_picked":["Tactician","Distraction"],"picked":"Well Laid Plans","floor":19.0},{"not_picked":["Prepared","Flying Knee"],"picked":"Acrobatics","floor":21.0},{"not_picked":["Bane+1","Caltrops","Finisher"],"picked":"SKIP","floor":22.0},{"not_picked":["Caltrops","Phantasmal Killer"],"picked":"Skewer","floor":24.0},{"not_picked":["Bane+1","Sucker Punch"],"picked":"Deflect","floor":27.0},{"not_picked":["Eviscerate","Deadly Poison"],"picked":"PiercingWail","floor":28.0},{"not_picked":["Deflect","Terror+1"],"picked":"Backflip","floor":30},{"not_picked":["Backflip","Caltrops"],"picked":"Cloak And Dagger+1","floor":31},{"not_picked":["Unload","Storm of Steel"],"picked":"Corpse Explosion","floor":33},{"not_picked":["Cloak And Dagger","Riddle With Holes+1"],"picked":"Underhanded Strike+1","floor":35},{"not_picked":["Eviscerate+1","Flying Knee"],"picked":"Acrobatics+1","floor":36},{"not_picked":["Leg Sweep","Flying Knee+1"],"picked":"Underhanded Strike+1","floor":40},{"not_picked":["Deadly Poison+1","Cloak And Dagger"],"picked":"Night Terror","floor":41},{"not_picked":["Distraction+1","Acrobatics"],"picked":"PiercingWail","floor":46},{"not_picked":["Caltrops","Masterful Stab+1"],"picked":"Backflip+1","floor":47},{"not_picked":["Flechettes","Quick Slash+1"],"picked":"Concentrate+1","floor":48}],"player_experience":283492,"relics_obtained":[{"floor":8.0,"key":"Sundial"},{"floor":9.0,"key":"Ornamental Fan"},{"floor":11.0,"key":"Unceasing Top"},{"floor":26.0,"key":"FossilizedHelix"},{"floor":28.0,"key":"Boot"},{"floor":30,"key":"Potion Belt"},{"floor":43,"key":"Ninja Scroll"}],"event_choices":[{"damage_healed":0.0,"max_hp_gain":0.0,"max_hp_loss":0.0,"gold_gain":0.0,"event_name":"Scrap Ooze","player_choice":"Success","floor":12.0,"gold_loss":0.0,"damage_taken":3.0,"relics_obtained":["Kunai"]},{"cards_removed":["Strike_G"],"damage_healed":0.0,"max_hp_gain":0.0,"max_hp_loss":0.0,"gold_gain":0.0,"event_name":"Designer","player_choice":"Upgrade and Remove","floor":20.0,"gold_loss":90.0,"damage_taken":0.0,"cards_upgraded":["Defend_G"]},{"damage_healed":0,"gold_gain":0,"player_choice":"Paid","damage_taken":0,"relics_obtained":["Red Mask"],"max_hp_gain":0,"max_hp_loss":0,"event_name":"Tomb of Lord Red Mask","floor":38,"gold_loss":40},{"cards_removed":["Strike_G"],"damage_healed":0,"gold_gain":0,"player_choice":"Removed Attack","damage_taken":0,"max_hp_gain":0,"max_hp_loss":0,"event_name":"Falling","floor":39,"gold_loss":0},{"damage_healed":0,"gold_gain":0,"player_choice":"Max HP","damage_taken":0,"max_hp_gain":0,"max_hp_loss":4,"event_name":"Winding Halls","floor":45,"gold_loss":0}],"is_beta":false,"boss_relics":[{"not_picked":["Calling Bell","Pandora\u0027s Box"],"picked":"Cursed Key"},{"not_picked":["Ring of the Serpent","Coffee Dripper"],"picked":"Runic Pyramid"}],"items_purged_floors":[4,37],"is_endless":false,"potions_floor_spawned":[2,3,11,14,16,21,30,31,33,35,36,47],"ascension_level":0}