{"gold_per_floor":[117,117,131,142,162,162,174,174,174,205,55,55,15,30,30,125,125,144,144,65,85,100,133,133,150,150,150,166,166,200,200,200,302,302,322,337,7,18,18,18,29,59,83,102,122,139,171,100,100,100,100,100,28,63,63],"floor_reached":56,"playtime":2678,"items_purged":["Strike_B","Defend_B"],"score":1551,"play_id":"4539aa67-736e-41db-bd10-03d0a041baa8","local_time":"20190901095721","is_ascension_mode":false,"campfire_choices":[{"data":"Fission","floor":6.0,"key":"SMITH"},{"data":"Zap","floor":8.0,"key":"SMITH"},{"data":"Defragment","floor":15.0,"key":"SMITH"},{"data":"Biased Cognition","floor":24.0,"key":"SMITH"},{"data":"Loop","floor":27.0,"key":"SMITH"},{"data":"Storm","floor":32.0,"key":"SMITH"},{"floor":40.0,"key":"RECALL"},{"data":"Consume","floor":49.0,"key":"SMITH"},{"data":"Coolheaded","floor":52.0,"key":"SMITH"}],"neow_cost":"NONE","seed_source_timestamp":1004206747327100,"circlet_count":0,"master_deck":["Defend_B","Defend_B","Zap+1","Dualcast","Fission+1","Ball Lightning+1","Beam Cell","Loop+1","Glacier","Storm+1","Defragment+1","Self Repair","Conserve Battery","Biased Cognition+1","Coolheaded+1","Doom and Gloom+1","Cold Snap","Skim+1","Doom and Gloom","Glacier","Capacitor+1","Creative AI+1","Creative AI+1","Coolheaded","Coolheaded+1","Heatsinks+1","Skim+1","Auto Shields","Ball Lightning+1","Consume+1","Defragment+1","Heatsinks+1","Heatsinks+1"],"special_seed":0,"relics":["Cracked Core","Orichalcum","Cables","Mummified Hand","Cursed Key","Omamori","Frozen Egg 2","Nilry\u0027s Codex","Whetstone","Nuclear Battery","Strange Spoon","Incense Burner","Oddly Smooth Stone","Bag of Preparation"],"potions_floor_usage":[55,55,55],"damage_taken":[{"damage":0.0,"enemies":"Cultist","floor":1.0,"turns":3.0},{"damage":1.0,"enemies":"Jaw Worm","floor":3.0,"turns":3.0},{"damage":0.0,"enemies":"2 Louse","floor":4.0,"turns":2.0},{"damage":4.0,"enemies":"Exordium Thugs","floor":5.0,"turns":4.0},{"damage":2.0,"enemies":"Lots of Slimes","floor":7.0,"turns":2.0},{"damage":12.0,"enemies":"Gremlin Nob","floor":10.0,"turns":5.0},{"damage":0.0,"enemies":"2 Fungi Beasts","floor":14.0,"turns":2.0},{"damage":7.0,"enemies":"Slime Boss","floor":16.0,"turns":13.0},{"damage":8.0,"enemies":"2 Thieves","floor":18.0,"turns":3.0},{"damage":0.0,"enemies":"Shell Parasite","floor":21.0,"turns":3.0},{"damage":0.0,"enemies":"Sentry and Sphere","floor":22.0,"turns":4.0},{"damage":0.0,"enemies":"Book of Stabbing","floor":23.0,"turns":3.0},{"damage":2.0,"enemies":"Centurion and Healer","floor":25.0,"turns":3.0},{"damage":13.0,"enemies":"Snake Plant","floor":28.0,"turns":2.0},{"damage":15.0,"enemies":"Gremlin Leader","floor":30.0,"turns":4.0},{"damage":0.0,"enemies":"Collector","floor":33.0,"turns":6.0},{"damage":0.0,"enemies":"3 Shapes","floor":35.0,"turns":4.0},{"damage":5.0,"enemies":"Orb Walker","floor":36.0,"turns":2.0},{"damage":0.0,"enemies":"Writhing Mass","floor":38.0,"turns":4.0},{"damage":0.0,"enemies":"4 Shapes","floor":41.0,"turns":2.0},{"damage":0.0,"enemies":"Nemesis","floor":42.0,"turns":3.0},{"damage":0.0,"enemies":"Sphere and 2 Shapes","floor":44.0,"turns":1.0},{"damage":22.0,"enemies":"Jaw Worm Horde","floor":45.0,"turns":2.0},{"damage":0.0,"enemies":"Writhing Mass","floor":46.0,"turns":1.0},{"damage":0.0,"enemies":"Giant Head","floor":47.0,"turns":4.0},{"damage":0.0,"enemies":"Donu and Deca","floor":50.0,"turns":5.0},{"damage":0,"enemies":"Shield and Spear","floor":54,"turns":3},{"damage":0,"enemies":"The Heart","floor":55,"turns":5}],"seed_played":"-7316663716681217497","potions_obtained":[{"floor":3.0,"key":"Fire Potion"},{"floor":5.0,"key":"SkillPotion"},{"floor":14.0,"key":"Dexterity Potion"},{"floor":16.0,"key":"FearPotion"},{"floor":22.0,"key":"Dexterity Potion"},{"floor":33.0,"key":"Energy Potion"},{"floor":42.0,"key":"PowerPotion"},{"floor":44.0,"key":"PowerPotion"}],"is_trial":false,"path_per_floor":["M","T","M","M","M","R","M","R","T","E","$","?","$","M","R","B",null,"M","?","$","M","M","E","R","M","T","R","M","?","E","?","R","B",null,"M","M","$","M","?","R","M","E","T","M","M","M","E","$","R","B",null,"R","$","E","B",null],"character_chosen":"DEFECT","items_purchased":["Defragment","Self Repair","Doom and Gloom","Heatsinks+1","Strange Spoon","Defragment+1","Heatsinks+1"],"campfire_rested":0,"item_purchase_floors":[11,13,20,37,37,48,53],"current_hp_per_floor":[75,75,74,74,70,70,68,68,68,56,56,49,49,56,56,56,75,74,74,74,75,75,75,75,75,75,75,69,53,45,45,45,52,75,75,75,75,75,75,75,75,75,75,75,60,67,74,74,74,75,75,75,75,75,75],"gold":63,"neow_bonus":"TRANSFORM_CARD","is_prod":false,"is_daily":false,"chose_seed":false,"campfire_upgraded":8,"win_rate":0,"timestamp":1567299441,"path_taken":["M","?","M","M","M","R","M","R","T","E","$","?","?","?","R","BOSS","M","?","?","?","M","E","R","M","T","R","M","?","E","?","R","BOSS","M","M","$","M","?","R","M","E","T","M","M","M","E","$","R","BOSS","R","$","E","BOSS"],"build_version":"2019-07-17","purchased_purges":2,"victory":true,"max_hp_per_floor":[75,75,75,75,75,75,75,75,75,75,75,75,75,75,75,75,75,75,75,75,75,75,75,75,75,75,75,75,75,75,75,75,75,75,75,75,75,75,75,75,75,75,75,75,75,75,75,75,75,75,75,75,75,75,75],"card_choices":[{"not_picked":["Leap","Steam"],"picked":"Ball Lightning","floor":1.0},{"not_picked":["Conserve Battery","Turbo"],"picked":"Beam Cell","floor":3.0},{"not_picked":["Tempest","Gash"],"picked":"Loop","floor":4.0},{"not_picked":["Redo","Hologram","Turbo"],"picked":"SKIP","floor":5.0},{"not_picked":["Stack","Turbo"],"picked":"Glacier","floor":7.0},{"not_picked":["Force Field","Blizzard"],"picked":"Storm","floor":10.0},{"not_picked":["Recycle","Hyperbeam"],"picked":"Conserve Battery","floor":14.0},{"not_picked":["Seek","Core Surge"],"picked":"Biased Cognition","floor":16.0},{"not_picked":["Skim+1","Turbo"],"picked":"Coolheaded","floor":18.0},{"not_picked":["Chaos","Beam Cell+1"],"picked":"Cold Snap","floor":21.0},{"not_picked":["Beam Cell","Sweeping Beam+1"],"picked":"Skim+1","floor":22.0},{"not_picked":["Conserve Battery+1","Gash+1"],"picked":"Doom and Gloom","floor":23.0},{"not_picked":["FTL","Gash"],"picked":"Glacier","floor":25.0},{"not_picked":["Scrape","Cold Snap"],"picked":"Capacitor+1","floor":28.0},{"not_picked":["Skim+1","Compile Driver+1"],"picked":"Creative AI+1","floor":30.0},{"not_picked":["Rainbow","Reboot"],"picked":"Creative AI+1","floor":33.0},{"not_picked":["Go for the Eyes+1","Compile Driver"],"picked":"Coolheaded","floor":35.0},{"not_picked":["Barrage+1","Hologram"],"picked":"Coolheaded+1","floor":36.0},{"not_picked":["Streamline","Go for the Eyes"],"picked":"Skim+1","floor":38.0},{"not_picked":["Genetic Algorithm+1","Stack"],"picked":"Ball Lightning+1","floor":41.0},{"not_picked":["Hello World+1","Scrape+1","Double Energy"],"picked":"SKIP","floor":42.0},{"not_picked":["Tempest+1","Melter","Hello World+1"],"picked":"SKIP","floor":44.0},{"not_picked":["Tempest+1","Melter","Hello World+1"],"picked":"SKIP","floor":44.0},{"not_picked":["Go for the Eyes","Stack"],"picked":"Consume","floor":45.0},{"not_picked":["Go for the Eyes+1","Barrage","Stack"],"picked":"SKIP","floor":46.0},{"not_picked":["Machine Learning+1","Rip and Tear+1","Gash+1"],"picked":"SKIP","floor":47.0},{"not_picked":["Cold Snap","Auto Shields"],"picked":"Heatsinks+1","floor":54}],"player_experience":331452,"relics_obtained":[{"floor":2.0,"key":"Orichalcum"},{"floor":9.0,"key":"Cables"},{"floor":10.0,"key":"Mummified Hand"},{"floor":23.0,"key":"Omamori"},{"floor":26.0,"key":"Frozen Egg 2"},{"floor":29.0,"key":"Nilry\u0027s Codex"},{"floor":30.0,"key":"Whetstone"},{"floor":42.0,"key":"Incense Burner"},{"floor":47.0,"key":"Oddly Smooth Stone"},{"floor":54,"key":"Bag of Preparation"}],"event_choices":[{"cards_removed":["Strike_B"],"damage_healed":0.0,"max_hp_gain":0.0,"max_hp_loss":0.0,"gold_gain":0.0,"event_name":"Golden Wing","player_choice":"Card Removal","floor":12.0,"gold_loss":0.0,"damage_taken":7.0},{"cards_removed":["Strike_B"],"damage_healed":0.0,"max_hp_gain":0.0,"max_hp_loss":0.0,"gold_gain":0.0,"event_name":"Purifier","player_choice":"Purged","floor":19.0,"gold_loss":0.0,"damage_taken":0.0},{"damage_healed":0.0,"max_hp_gain":0.0,"max_hp_loss":0.0,"gold_gain":0.0,"event_name":"Cursed Tome","player_choice":"Obtained Book","floor":29.0,"gold_loss":0.0,"damage_taken":16.0},{"damage_healed":0.0,"max_hp_gain":0.0,"max_hp_loss":0.0,"gold_gain":0.0,"event_name":"Ghosts","player_choice":"Ignored","floor":31.0,"gold_loss":0.0,"damage_taken":0.0},{"damage_healed":0.0,"max_hp_gain":0.0,"max_hp_loss":0.0,"gold_gain":0.0,"cards_transformed":["Defend_B"],"event_name":"Transmorgrifier","player_choice":"Transformed","floor":39.0,"gold_loss":0.0,"damage_taken":0.0,"cards_obtained":["Auto Shields"]}],"is_beta":false,"boss_relics":[{"not_picked":["Orrery","Empty Cage"],"picked":"Cursed Key"},{"not_picked":["Eternal Feather","Lizard Tail"],"picked":"Nuclear Battery"}],"items_purged_floors":[11,37],"is_endless":false,"potions_floor_spawned":[3,5,14,16,22,28,30,33,35,42,44,45,47],"ascension_level":0}