{"gold_per_floor":[111,126,126,137,212,212,227,207,234,234,267,278,298,308,308,404,404,418,418,438,353,453,453,487,497,497,497,149,74,74,93,93,189,189,204,304,316,333,25,50,69,115,115,38,38,38,38,38,38,38],"floor_reached":51,"playtime":2756,"items_purged":["Strike_R+1"],"score":795,"play_id":"a3dddcbf-395e-4c38-89f1-f2433cc83f05","local_time":"20190630071531","is_ascension_mode":false,"campfire_choices":[{"data":"Shockwave","floor":6,"key":"SMITH"},{"data":"Body Slam","floor":10,"key":"SMITH"},{"data":"Flex","floor":15,"key":"SMITH"},{"data":"Inflame","floor":23,"key":"SMITH"},{"data":"Feel No Pain","floor":32,"key":"SMITH"},{"data":"1","floor":47,"key":"LIFT"},{"floor":49,"key":"REST"}],"neow_cost":"NONE","seed_source_timestamp":730918938559556,"circlet_count":0,"master_deck":["Strike_R+1","Strike_R+1","Defend_R+1","Defend_R+1","Defend_R+1","Defend_R+1","Bash+1","Shockwave+1","True Grit+1","Flame Barrier","Body Slam+1","Headbutt","Dropkick","Flex+1","Immolate","Inflame+1","Seeing Red","Offering","Shrug It Off","Feel No Pain+1","Shrug It Off","Demon Form","Disarm","Offering","True Grit+1","Feel No Pain"],"relics":["Burning Blood","Pen Nib","Red Skull","Runic Pyramid","Dodecahedron","Torii","Question Card","Strawberry","FossilizedHelix","Blood Vial","Busted Crown","Girya","Calipers","Mummified Hand","Unceasing Top","Letter Opener","Pear"],"potions_floor_usage":[16,22,24,33,36,50,50,50],"damage_taken":[{"damage":5,"enemies":"Small Slimes","floor":1,"turns":4},{"damage":0,"enemies":"2 Louse","floor":2,"turns":4},{"damage":6,"enemies":"Cultist","floor":4,"turns":3},{"damage":0,"enemies":"Looter","floor":7,"turns":4},{"damage":16,"enemies":"Lagavulin","floor":11,"turns":8},{"damage":0,"enemies":"2 Fungi Beasts","floor":12,"turns":3},{"damage":3,"enemies":"3 Louse","floor":13,"turns":3},{"damage":0,"enemies":"Exordium Thugs","floor":14,"turns":5},{"damage":35,"enemies":"The Guardian","floor":16,"turns":13},{"damage":6,"enemies":"Shell Parasite","floor":18,"turns":7},{"damage":9,"enemies":"Spheric Guardian","floor":20,"turns":6},{"damage":10,"enemies":"Colosseum Slavers","floor":22,"turns":5},{"damage":0,"enemies":"Colosseum Nobs","floor":22,"turns":4},{"damage":14,"enemies":"Slavers","floor":24,"turns":4},{"damage":6,"enemies":"Cultist and Chosen","floor":25,"turns":2},{"damage":9,"enemies":"Centurion and Healer","floor":31,"turns":3},{"damage":39,"enemies":"Collector","floor":33,"turns":11},{"damage":0,"enemies":"Orb Walker","floor":35,"turns":4},{"damage":0,"enemies":"Mind Bloom Boss Battle","floor":36,"turns":5},{"damage":6,"enemies":"3 Darklings","floor":37,"turns":3},{"damage":10,"enemies":"Sphere and 2 Shapes","floor":38,"turns":7},{"damage":42,"enemies":"Giant Head","floor":40,"turns":9},{"damage":0,"enemies":"4 Shapes","floor":41,"turns":1},{"damage":22,"enemies":"2 Orb Walkers","floor":42,"turns":6},{"damage":6,"enemies":"Donu and Deca","floor":50,"turns":9}],"seed_played":"8391143626467189033","potions_obtained":[{"floor":7,"key":"SteroidPotion"},{"floor":8,"key":"SneckoOil"},{"floor":12,"key":"SkillPotion"},{"floor":14,"key":"AttackPotion"},{"floor":20,"key":"BloodPotion"},{"floor":24,"key":"SneckoOil"},{"floor":30,"key":"Regen Potion"},{"floor":30,"key":"Block Potion"},{"floor":33,"key":"Swift Potion"},{"floor":36,"key":"PowerPotion"},{"floor":37,"key":"FearPotion"}],"is_trial":false,"path_per_floor":["M","M","?","M","?","R","M","?","T","R","E","M","M","M","R","B",null,"M","?","M","?","?","R","E","M","T","?","$","?","?","M","R","B",null,"M","?","M","M","$","E","M","?","T","$","?","T","R","?","R","B",null],"character_chosen":"IRONCLAD","items_purchased":["Feel No Pain","Shrug It Off","Blood Vial","Calipers","Feel No Pain"],"campfire_rested":1,"item_purchase_floors":[28,28,28,39,44],"current_hp_per_floor":[80,80,80,80,69,69,75,75,75,75,65,71,74,80,80,51,80,80,80,77,77,80,80,79,79,79,62,62,62,62,61,61,44,92,92,92,92,88,88,54,62,48,48,48,48,58,58,58,88,90],"gold":38,"neow_bonus":"UPGRADE_CARD","is_prod":false,"is_daily":false,"chose_seed":false,"campfire_upgraded":5,"win_rate":1,"timestamp":1561846531,"path_taken":["M","M","?","M","?","R","M","?","T","R","E","?","M","M","R","BOSS","M","?","M","?","?","R","E","M","T","?","$","?","?","M","R","BOSS","M","?","M","M","$","E","M","?","T","?","?","?","R","?","R","BOSS"],"build_version":"2019-01-23","purchased_purges":1,"victory":true,"max_hp_per_floor":[80,80,80,80,80,80,80,80,80,80,80,80,80,80,80,80,80,80,80,80,80,80,80,87,87,87,92,92,92,92,92,92,92,92,92,92,92,92,92,92,92,92,92,92,92,102,102,102,102,102],"card_choices":[{"not_picked":["Sword Boomerang","Twin Strike"],"picked":"Shockwave","floor":1},{"not_picked":["Wild Strike","Whirlwind"],"picked":"True Grit","floor":2},{"not_picked":["Hemokinesis","Iron Wave"],"picked":"Flame Barrier","floor":4},{"not_picked":["Searing Blow","Ghostly Armor"],"picked":"Body Slam","floor":7},{"not_picked":["Blood for Blood","Entrench"],"picked":"Headbutt","floor":11},{"not_picked":["Iron Wave","Headbutt","Flex"],"picked":"SKIP","floor":12},{"not_picked":["Rage","Wild Strike"],"picked":"Dropkick","floor":13},{"not_picked":["Twin Strike","Sword Boomerang"],"picked":"Flex","floor":14},{"not_picked":["Berserk","Bludgeon"],"picked":"Immolate","floor":16},{"not_picked":["Infernal Blade","Clothesline","Clash+1"],"picked":"SKIP","floor":18},{"not_picked":["Uppercut","Flex+1"],"picked":"Inflame","floor":20},{"not_picked":["Twin Strike+1","Uppercut"],"picked":"Seeing Red","floor":22},{"not_picked":["Whirlwind","Armaments","Rupture+1"],"picked":"Offering","floor":24},{"not_picked":["Corruption","Pummel","Wild Strike+1"],"picked":"Shrug It Off","floor":25},{"not_picked":["Perfected Strike","Anger","Second Wind","Headbutt+1"],"picked":"SKIP","floor":31},{"not_picked":["Juggernaut","Offering","Berserk"],"picked":"Demon Form","floor":33},{"not_picked":["Pommel Strike+1"],"picked":"Disarm","floor":35},{"not_picked":["Infernal Blade+1","Pommel Strike"],"picked":"SKIP","floor":37},{"not_picked":["Pommel Strike","Whirlwind+1"],"picked":"SKIP","floor":38},{"not_picked":["Headbutt+1"],"picked":"Offering","floor":40},{"not_picked":["Spot Weakness","Heavy Blade+1"],"picked":"SKIP","floor":41},{"not_picked":["Twin Strike+1"],"picked":"True Grit+1","floor":42}],"player_experience":15117,"relics_obtained":[{"floor":9,"key":"Pen Nib"},{"floor":11,"key":"Red Skull"},{"floor":22,"key":"Torii"},{"floor":22,"key":"Question Card"},{"floor":24,"key":"Strawberry"},{"floor":26,"key":"FossilizedHelix"},{"floor":36,"key":"Girya"},{"floor":40,"key":"Mummified Hand"},{"floor":42,"key":"Unceasing Top"},{"floor":43,"key":"Letter Opener"},{"floor":46,"key":"Pear"}],"event_choices":[{"damage_healed":0,"gold_gain":0,"player_choice":"Grow","damage_taken":0,"max_hp_gain":0,"max_hp_loss":0,"event_name":"Living Wall","floor":3,"gold_loss":0,"cards_upgraded":["True Grit"]},{"damage_healed":0,"gold_gain":75,"player_choice":"Gather Gold","damage_taken":11,"max_hp_gain":0,"max_hp_loss":0,"event_name":"World of Goop","floor":5,"gold_loss":0},{"damage_healed":0,"gold_gain":0,"player_choice":"Bought 1 Potion","damage_taken":0,"max_hp_gain":0,"max_hp_loss":0,"event_name":"The Woman in Blue","floor":8,"gold_loss":0},{"damage_healed":0,"gold_gain":0,"player_choice":"Simplicity","damage_taken":0,"max_hp_gain":0,"max_hp_loss":0,"event_name":"Back to Basics","floor":19,"gold_loss":0,"cards_upgraded":["Strike_R","Strike_R","Strike_R","Strike_R","Strike_R","Defend_R","Defend_R","Defend_R","Defend_R"]},{"damage_healed":0,"gold_gain":0,"player_choice":"Obtained Relic","damage_taken":0,"relics_obtained":["Dodecahedron"],"max_hp_gain":0,"max_hp_loss":0,"event_name":"Addict","floor":21,"gold_loss":85},{"damage_healed":0,"gold_gain":0,"player_choice":"Fight","damage_taken":0,"max_hp_gain":0,"max_hp_loss":0,"event_name":"Colosseum","floor":22,"gold_loss":0},{"damage_healed":0,"gold_gain":0,"player_choice":"Fought Nobs","damage_taken":0,"max_hp_gain":0,"max_hp_loss":0,"event_name":"Colosseum","floor":22,"gold_loss":0},{"damage_healed":0,"gold_gain":0,"player_choice":"Shed Blood","damage_taken":22,"max_hp_gain":5,"max_hp_loss":0,"event_name":"Forgotten Altar","floor":27,"gold_loss":0},{"cards_removed":["Strike_R"],"damage_healed":0,"gold_gain":0,"player_choice":"Gave Gold","damage_taken":0,"max_hp_gain":0,"max_hp_loss":0,"event_name":"Beggar","floor":29,"gold_loss":75},{"damage_healed":0,"gold_gain":0,"player_choice":"Got Potions","damage_taken":0,"max_hp_gain":0,"max_hp_loss":0,"event_name":"Lab","floor":30,"gold_loss":0},{"damage_healed":0,"gold_gain":0,"player_choice":"Fight","damage_taken":0,"max_hp_gain":0,"max_hp_loss":0,"event_name":"MindBloom","floor":36,"gold_loss":0},{"damage_healed":0,"gold_gain":0,"player_choice":"Fight","damage_taken":0,"max_hp_gain":0,"max_hp_loss":0,"event_name":"Mysterious Sphere","floor":42,"gold_loss":0},{"cards_removed":["Strike_R"],"damage_healed":0,"gold_gain":0,"player_choice":"Removed Attack","damage_taken":0,"max_hp_gain":0,"max_hp_loss":0,"event_name":"Falling","floor":45,"gold_loss":0},{"damage_healed":0,"gold_gain":0,"player_choice":"Memory 1","damage_taken":0,"max_hp_gain":0,"max_hp_loss":0,"event_name":"SensoryStone","floor":48,"gold_loss":0}],"is_beta":false,"boss_relics":[{"not_picked":["Velvet Choker","Snecko Eye"],"picked":"Runic Pyramid"},{"not_picked":["Black Blood","Runic Dome"],"picked":"Busted Crown"}],"items_purged_floors":[28],"is_endless":false,"potions_floor_spawned":[7,12,14,20,22,24,33,36,37,40,42],"ascension_level":0}