{"gold_per_floor":[113,26,101,119,135,165,165,177,201,214,224,224],"floor_reached":12,"playtime":451,"items_purged":[],"score":164,"play_id":"d377bcd8-9b6b-4ad0-be7d-8f2405fdc906","local_time":"20190628092638","is_ascension_mode":true,"campfire_choices":[{"floor":7,"key":"REST"}],"neow_cost":"NONE","seed_source_timestamp":652294345723400,"circlet_count":0,"master_deck":["AscendersBane","Defend_G","Defend_G","Defend_G","Defend_G","Defend_G","Strike_G","Strike_G","Strike_G","Strike_G","Strike_G","Survivor","Neutralize+1","Flying Knee","Deflect","Flying Knee","Night Terror","Dagger Spray","Blur","Cloak And Dagger","Distraction"],"relics":["Ring of the Snake","Regal Pillow","Strawberry"],"potions_floor_usage":[6,6,12,12],"damage_taken":[{"damage":0,"enemies":"2 Louse","floor":1,"turns":5},{"damage":4,"enemies":"Small Slimes","floor":4,"turns":4},{"damage":2,"enemies":"Jaw Worm","floor":5,"turns":6},{"damage":34,"enemies":"Gremlin Nob","floor":6,"turns":4},{"damage":0,"enemies":"2 Fungi Beasts","floor":8,"turns":5},{"damage":1,"enemies":"3 Louse","floor":10,"turns":3},{"damage":13,"enemies":"Large Slime","floor":11,"turns":7},{"damage":49,"enemies":"Lagavulin","floor":12,"turns":10}],"seed_played":"-745891294329497711","potions_obtained":[{"floor":4,"key":"AttackPotion"},{"floor":8,"key":"Energy Potion"},{"floor":10,"key":"EssenceOfSteel"},{"floor":11,"key":"Energy Potion"}],"is_trial":false,"path_per_floor":["M","$","?","M","M","E","R","M","T","M","M","E"],"character_chosen":"THE_SILENT","items_purchased":["Fire Potion","Deflect"],"campfire_rested":1,"item_purchase_floors":[2,2],"current_hp_per_floor":[59,59,48,44,42,8,42,42,49,48,35,0],"gold":224,"neow_bonus":"UPGRADE_CARD","is_prod":false,"is_daily":false,"chose_seed":false,"campfire_upgraded":0,"win_rate":0,"timestamp":1561728398,"path_taken":["M","$","?","M","M","E","R","M","T","M","M","E"],"build_version":"2019-01-23","purchased_purges":0,"victory":false,"max_hp_per_floor":[66,66,66,66,66,66,66,66,73,73,73,73],"card_choices":[{"not_picked":["Masterful Stab","Quick Slash"],"picked":"Flying Knee","floor":1},{"not_picked":["Dagger Throw","Dodge and Roll"],"picked":"Flying Knee","floor":4},{"not_picked":["Blur","Blade Dance"],"picked":"Night Terror","floor":5},{"not_picked":["Sucker Punch","Deflect"],"picked":"Dagger Spray","floor":6},{"not_picked":["Blade Dance","Riddle With Holes"],"picked":"Blur","floor":8},{"not_picked":["Deflect","Tactician"],"picked":"Cloak And Dagger","floor":10},{"not_picked":["Reflex","Blur"],"picked":"Distraction","floor":11}],"player_experience":1234844,"relics_obtained":[{"floor":6,"key":"Regal Pillow"},{"floor":9,"key":"Strawberry"}],"event_choices":[{"damage_healed":0,"gold_gain":75,"player_choice":"Gather Gold","damage_taken":11,"max_hp_gain":0,"max_hp_loss":0,"event_name":"World of Goop","floor":3,"gold_loss":0}],"is_beta":false,"boss_relics":[],"items_purged_floors":[],"is_endless":false,"potions_floor_spawned":[4,8,10,11],"killed_by":"Lagavulin","ascension_level":20}