{"gold_per_floor":[111,127,127,144,155,155,171,22,22,48,48,60,60,85,85,183,183,169,179,199,199,217,217,230,230,230,230,265,265,265,277,277,382,382,392,41,41,52,2,2,16,16,16,28,40,51,65,96,108,120],"floor_reached":51,"playtime":3623,"items_purged":["Strike_B"],"score":788,"play_id":"a70b2dfe-f713-4554-8484-100322bf1167","local_time":"20190702214004","is_ascension_mode":false,"campfire_choices":[{"data":"Zap","floor":6.0,"key":"SMITH"},{"data":"Beam Cell","floor":11.0,"key":"SMITH"},{"data":"Recycle","floor":15.0,"key":"SMITH"},{"data":"Defragment","floor":23.0,"key":"SMITH"},{"data":"Gash","floor":25.0,"key":"SMITH"},{"data":"Go for the Eyes","floor":27.0,"key":"SMITH"},{"data":"Defend_B","floor":30.0,"key":"PURGE"},{"floor":32.0,"key":"REST"},{"data":"Biased Cognition","floor":40.0,"key":"SMITH"},{"floor":42.0,"key":"REST"},{"floor":49,"key":"REST"}],"neow_cost":"NONE","seed_source_timestamp":954700761969984,"circlet_count":0,"master_deck":["Defend_B","Defend_B","Zap+1","Dualcast","Finesse","Go for the Eyes+1","Recycle+1","Finesse","Genetic Algorithm","Beam Cell+1","Rebound","Reinforced Body","Undo","Gash+1","Cold Snap","Echo Form","Core Surge+1","Chaos+1","Lockon+1","FTL+1","Genetic Algorithm","Defragment+1","Gash","Hologram+1","Fusion+1","Biased Cognition+1","Impatience","Gash+1","Glacier","BootSequence+1"],"special_seed":0,"relics":["Cracked Core","Dodecahedron","Orichalcum","Ornamental Fan","Astrolabe","Enchiridion","Peace Pipe","Oddly Smooth Stone","Cursed Key","ClockworkSouvenir","MawBank"],"potions_floor_usage":[50,50],"damage_taken":[{"damage":1.0,"enemies":"Jaw Worm","floor":1.0,"turns":3.0},{"damage":0.0,"enemies":"Cultist","floor":2.0,"turns":4.0},{"damage":0.0,"enemies":"Small Slimes","floor":4.0,"turns":3.0},{"damage":0.0,"enemies":"Looter","floor":5.0,"turns":3.0},{"damage":0.0,"enemies":"Blue Slaver","floor":7.0,"turns":3.0},{"damage":7.0,"enemies":"Lagavulin","floor":10.0,"turns":9.0},{"damage":6.0,"enemies":"Large Slime","floor":12.0,"turns":6.0},{"damage":5.0,"enemies":"3 Sentries","floor":14.0,"turns":9.0},{"damage":29.0,"enemies":"Slime Boss","floor":16.0,"turns":17.0},{"damage":0.0,"enemies":"2 Thieves","floor":18.0,"turns":4.0},{"damage":0.0,"enemies":"Spheric Guardian","floor":19.0,"turns":3.0},{"damage":0.0,"enemies":"Snake Plant","floor":20.0,"turns":4.0},{"damage":2.0,"enemies":"Sentry and Sphere","floor":22.0,"turns":5.0},{"damage":15.0,"enemies":"Snecko","floor":24.0,"turns":6.0},{"damage":0.0,"enemies":"Book of Stabbing","floor":28.0,"turns":6.0},{"damage":0.0,"enemies":"Snake Plant","floor":31.0,"turns":5.0},{"damage":0.0,"enemies":"Automaton","floor":33.0,"turns":11.0},{"damage":0.0,"enemies":"3 Shapes","floor":35.0,"turns":9.0},{"damage":0.0,"enemies":"Orb Walker","floor":38.0,"turns":4.0},{"damage":19.0,"enemies":"3 Darklings","floor":41.0,"turns":5.0},{"damage":0,"enemies":"4 Shapes","floor":44,"turns":13},{"damage":0,"enemies":"Maw","floor":45,"turns":8},{"damage":0,"enemies":"Transient","floor":46,"turns":5},{"damage":0,"enemies":"4 Shapes","floor":47,"turns":6},{"damage":18,"enemies":"Nemesis","floor":48,"turns":11},{"damage":0,"enemies":"Donu and Deca","floor":50,"turns":14}],"seed_played":"-1410685966354167236","potions_obtained":[{"floor":2.0,"key":"GamblersBrew"},{"floor":4.0,"key":"Ancient Potion"},{"floor":12.0,"key":"Block Potion"},{"floor":19.0,"key":"Ancient Potion"},{"floor":20.0,"key":"GamblersBrew"},{"floor":33.0,"key":"Fire Potion"},{"floor":38.0,"key":"Energy Potion"}],"is_trial":false,"path_per_floor":["M","M","?","M","M","R","M","$","T","E","R","M","?","E","R","B",null,"M","M","M","?","M","R","M","R","T","R","E","?","R","M","R","B",null,"M","$","?","M","$","R","M","R","T","M","M","M","M","E","R","B",null],"character_chosen":"DEFECT","items_purchased":["Reinforced Body","Biased Cognition","ClockworkSouvenir","SpeedPotion"],"campfire_rested":3,"item_purchase_floors":[8,36,36,39],"current_hp_per_floor":[74,74,74,74,74,74,74,74,74,67,67,61,54,49,49,20,75,75,75,75,59,57,57,42,42,42,42,42,42,42,42,64,64,75,75,75,75,75,75,75,56,75,75,75,75,75,75,57,75,75],"gold":132,"neow_bonus":"RANDOM_COLORLESS","is_prod":false,"is_daily":false,"chose_seed":false,"campfire_upgraded":7,"win_rate":0,"timestamp":1562071204,"path_taken":["M","M","?","M","?","R","M","$","T","E","R","M","?","E","R","BOSS","M","M","?","?","M","R","M","R","T","R","E","?","R","M","R","BOSS","M","$","?","M","$","R","M","R","T","M","M","M","M","E","R","BOSS"],"build_version":"2019-07-01","purchased_purges":1,"victory":true,"max_hp_per_floor":[75,75,75,75,75,75,75,75,75,75,75,75,75,75,75,75,75,75,75,75,75,75,75,75,75,75,75,75,75,75,75,75,75,75,75,75,75,75,75,75,75,75,75,75,75,75,75,75,75,75],"card_choices":[{"not_picked":["Static Discharge","Reprogram"],"picked":"Go for the Eyes","floor":1.0},{"not_picked":["Barrage","Beam Cell"],"picked":"Recycle","floor":2.0},{"not_picked":["Go for the Eyes","Storm","Heatsinks"],"picked":"SKIP","floor":4.0},{"not_picked":["Cold Snap","Rip and Tear"],"picked":"Beam Cell","floor":5.0},{"not_picked":["Steam Power","Leap"],"picked":"Rebound","floor":7.0},{"not_picked":["Barrage","Turbo"],"picked":"Undo","floor":10.0},{"not_picked":["Double Energy","Blizzard"],"picked":"Gash","floor":12.0},{"not_picked":["Sweeping Beam","Rainbow"],"picked":"Cold Snap","floor":14.0},{"not_picked":["All For One","Seek"],"picked":"Echo Form","floor":16.0},{"not_picked":["White Noise","Steam Power"],"picked":"FTL+1","floor":18.0},{"not_picked":["Go for the Eyes+1","Redo"],"picked":"Genetic Algorithm","floor":19.0},{"not_picked":["Storm+1","Coolheaded","Auto Shields"],"picked":"SKIP","floor":20.0},{"not_picked":["Undo","Beam Cell+1"],"picked":"Defragment","floor":22.0},{"not_picked":["Recycle+1","Ball Lightning"],"picked":"Gash","floor":24.0},{"not_picked":["Reprogram+1","Sweeping Beam"],"picked":"Hologram+1","floor":28.0},{"not_picked":["Streamline","Sweeping Beam"],"picked":"Fusion+1","floor":31.0},{"not_picked":["Steam","Turbo+1","Self Repair"],"picked":"SKIP","floor":35.0},{"not_picked":["Bandage Up","Jack Of All Trades"],"picked":"Impatience","floor":37.0},{"not_picked":["Force Field+1","Sunder+1","Leap"],"picked":"SKIP","floor":38.0},{"not_picked":["Beam Cell+1","Conserve Battery"],"picked":"Gash+1","floor":41.0},{"not_picked":["Leap","Tempest+1"],"picked":"Glacier","floor":44},{"not_picked":["Go for the Eyes+1","Coolheaded+1"],"picked":"BootSequence+1","floor":45},{"not_picked":["Buffer","Coolheaded","Ball Lightning+1"],"picked":"SKIP","floor":46},{"not_picked":["Storm+1","Go for the Eyes+1","Hologram"],"picked":"SKIP","floor":47},{"not_picked":["Barrage+1","Leap","Sweeping Beam"],"picked":"SKIP","floor":48}],"player_experience":20245,"relics_obtained":[{"floor":9.0,"key":"Dodecahedron"},{"floor":10.0,"key":"Orichalcum"},{"floor":14.0,"key":"Ornamental Fan"},{"floor":21.0,"key":"Enchiridion"},{"floor":26.0,"key":"Peace Pipe"},{"floor":28.0,"key":"Oddly Smooth Stone"},{"floor":48,"key":"MawBank"}],"event_choices":[{"damage_healed":0.0,"max_hp_gain":0.0,"max_hp_loss":0.0,"gold_gain":0.0,"event_name":"Match and Keep!","player_choice":"2 cards matched","floor":3.0,"gold_loss":0.0,"damage_taken":0.0,"cards_obtained":["Finesse","Genetic Algorithm"]},{"damage_healed":0.0,"max_hp_gain":0.0,"max_hp_loss":0.0,"gold_gain":0.0,"event_name":"Wheel of Change","player_choice":"Damaged","floor":13.0,"gold_loss":0.0,"damage_taken":7.0},{"damage_healed":0.0,"max_hp_gain":0.0,"max_hp_loss":0.0,"gold_gain":0.0,"event_name":"Cursed Tome","player_choice":"Obtained Book","floor":21.0,"gold_loss":0.0,"damage_taken":16.0},{"cards_removed":["Defend_B"],"damage_healed":0.0,"max_hp_gain":0.0,"max_hp_loss":0.0,"gold_gain":0.0,"event_name":"Back to Basics","player_choice":"Elegance","floor":29.0,"gold_loss":0.0,"damage_taken":0.0},{"damage_healed":0.0,"max_hp_gain":0.0,"max_hp_loss":0.0,"gold_gain":0.0,"event_name":"SensoryStone","player_choice":"Memory 1","floor":37.0,"gold_loss":0.0,"damage_taken":0.0}],"is_beta":false,"boss_relics":[{"not_picked":["Busted Crown","Tiny House"],"picked":"Astrolabe"},{"not_picked":["Snecko Eye","Lizard Tail"],"picked":"Cursed Key"}],"items_purged_floors":[8],"is_endless":false,"potions_floor_spawned":[2,4,12,16,19,20,24,33,38,44,48],"ascension_level":0}