{"gold_per_floor":[118,118,129,145,162,162,193,268,268,268,288,299,310,335,335,437,437,450,450,463,44,62,62,80,80,105,105,117,149,248,276,276,373,373,386,20,20,20,67,109,121,55,55,66,66,81,98,124,124,124],"floor_reached":50,"playtime":2497,"items_purged":["Strike_B"],"score":577,"play_id":"0a1bd10f-39bb-4803-93d6-322f77580464","local_time":"20190712212822","is_ascension_mode":false,"campfire_choices":[{"data":"Sweeping Beam","floor":6.0,"key":"SMITH"},{"data":"Defragment","floor":10.0,"key":"SMITH"},{"data":"Capacitor","floor":15.0,"key":"SMITH"},{"floor":23.0,"key":"RECALL"},{"floor":25.0,"key":"REST"},{"floor":27.0,"key":"REST"},{"floor":32.0,"key":"REST"},{"floor":41.0,"key":"REST"},{"floor":49,"key":"REST"}],"neow_cost":"NONE","seed_source_timestamp":153582174088966,"circlet_count":0,"master_deck":["Strike_B","Strike_B","Strike_B","Defend_B","Defend_B","Defend_B","Defend_B","Zap","Dualcast","Go for the Eyes","Sweeping Beam+1","Chill","Defragment+1","Reinforced Body","Coolheaded","Doom and Gloom","Capacitor+1","Coolheaded","Conserve Battery","Core Surge","Ball Lightning+1","Capacitor","Core Surge","Recycle+1","Doom and Gloom+1","White Noise","Multi-Cast","Meteor Strike","Capacitor","Lockon","Hologram+1","Cold Snap"],"special_seed":0,"relics":["Cracked Core","StoneCalendar","Torii","Blue Candle","Fusion Hammer","Letter Opener","Medical Kit","Happy Flower","Oddly Smooth Stone","Ancient Tea Set","PreservedInsect","Busted Crown","Ice Cream","MawBank","Centennial Puzzle","The Courier","Lantern"],"potions_floor_usage":[50,50,50],"damage_taken":[{"damage":3.0,"enemies":"Jaw Worm","floor":1.0,"turns":3.0},{"damage":0.0,"enemies":"2 Louse","floor":3.0,"turns":2.0},{"damage":0.0,"enemies":"Cultist","floor":4.0,"turns":3.0},{"damage":1.0,"enemies":"Exordium Wildlife","floor":5.0,"turns":5.0},{"damage":12.0,"enemies":"3 Sentries","floor":7.0,"turns":7.0},{"damage":0.0,"enemies":"Exordium Thugs","floor":11.0,"turns":4.0},{"damage":1.0,"enemies":"3 Louse","floor":12.0,"turns":4.0},{"damage":1.0,"enemies":"Red Slaver","floor":13.0,"turns":3.0},{"damage":0.0,"enemies":"Lagavulin","floor":14.0,"turns":7.0},{"damage":17.0,"enemies":"Slime Boss","floor":16.0,"turns":5.0},{"damage":0.0,"enemies":"3 Byrds","floor":18.0,"turns":5.0},{"damage":0.0,"enemies":"Shell Parasite","floor":20.0,"turns":7.0},{"damage":0.0,"enemies":"Cultist and Chosen","floor":22.0,"turns":6.0},{"damage":0.0,"enemies":"Snecko","floor":24.0,"turns":5.0},{"damage":6.0,"enemies":"Chosen and Byrds","floor":28.0,"turns":7.0},{"damage":27.0,"enemies":"Slavers","floor":29.0,"turns":3.0},{"damage":1.0,"enemies":"Gremlin Leader","floor":31.0,"turns":7.0},{"damage":37.0,"enemies":"Automaton","floor":33.0,"turns":8.0},{"damage":7.0,"enemies":"3 Shapes","floor":35.0,"turns":5.0},{"damage":18.0,"enemies":"Giant Head","floor":40.0,"turns":9.0},{"damage":27.0,"enemies":"3 Darklings","floor":44.0,"turns":4.0},{"damage":7.0,"enemies":"4 Shapes","floor":46.0,"turns":7.0},{"damage":18.0,"enemies":"Jaw Worm Horde","floor":47.0,"turns":4.0},{"damage":32,"enemies":"Nemesis","floor":48,"turns":5},{"damage":27,"enemies":"Time Eater","floor":50,"turns":3}],"seed_played":"-7747154348146375163","potions_obtained":[{"floor":3.0,"key":"SkillPotion"},{"floor":7.0,"key":"AttackPotion"},{"floor":11.0,"key":"FocusPotion"},{"floor":12.0,"key":"Block Potion"},{"floor":16.0,"key":"Fruit Juice"},{"floor":20.0,"key":"AttackPotion"},{"floor":22.0,"key":"Energy Potion"},{"floor":24.0,"key":"Dexterity Potion"},{"floor":29.0,"key":"SpeedPotion"}],"is_trial":false,"path_per_floor":["M","?","M","M","M","R","E","?","T","R","M","M","M","E","R","B",null,"M","?","M","$","M","R","M","R","T","R","M","E","?","E","R","B",null,"M","$","?","$","T","E","R","$","T","M","?","M","M","E","R","B"],"character_chosen":"DEFECT","items_purchased":["Medical Kit","Happy Flower","Capacitor","Ice Cream","Capacitor"],"campfire_rested":5,"item_purchase_floors":[21,21,21,36,42],"current_hp_per_floor":[72,77,77,77,76,76,64,53,53,53,53,52,51,51,51,39,85,85,85,85,85,85,85,85,85,85,85,79,52,52,51,76,39,85,78,78,78,78,78,60,85,85,85,58,58,51,33,1,26,0],"gold":124,"neow_bonus":"THREE_CARDS","is_prod":false,"is_daily":false,"chose_seed":false,"campfire_upgraded":3,"win_rate":0,"timestamp":1562934502,"path_taken":["M","?","M","M","M","R","E","?","T","R","M","M","M","E","R","BOSS","M","?","M","$","?","R","M","R","T","R","M","E","?","E","R","BOSS","M","$","?","$","?","E","R","$","T","M","?","M","M","E","R","BOSS"],"build_version":"2019-07-05","purchased_purges":1,"victory":false,"max_hp_per_floor":[75,80,80,80,80,80,80,80,80,80,80,80,80,80,80,85,85,85,85,85,85,85,85,85,85,85,85,85,85,85,85,85,85,85,85,85,85,85,85,85,85,85,85,85,85,85,85,85,85,85],"card_choices":[{"not_picked":["Steam","Stack"],"picked":"Go for the Eyes","floor":0.0},{"not_picked":["Compile Driver","Steam"],"picked":"Sweeping Beam","floor":1.0},{"not_picked":["Stack","Hologram"],"picked":"Chill","floor":3.0},{"not_picked":["Cold Snap","Gash"],"picked":"Defragment","floor":4.0},{"not_picked":["Sweeping Beam","Double Energy"],"picked":"Reinforced Body","floor":5.0},{"not_picked":["Rip and Tear","Skim"],"picked":"Coolheaded","floor":7.0},{"not_picked":["Multi-Cast","Go for the Eyes"],"picked":"Doom and Gloom","floor":11.0},{"not_picked":["Turbo","Ball Lightning"],"picked":"Capacitor","floor":12.0},{"not_picked":["Blizzard","Auto Shields"],"picked":"Coolheaded","floor":13.0},{"not_picked":["Storm","Compile Driver"],"picked":"Conserve Battery","floor":14.0},{"not_picked":["All For One","Amplify"],"picked":"Core Surge","floor":16.0},{"not_picked":["Tempest","Compile Driver"],"picked":"Ball Lightning+1","floor":18.0},{"not_picked":["Compile Driver+1","Heatsinks+1","Stack"],"picked":"SKIP","floor":20.0},{"not_picked":["Skim","White Noise"],"picked":"Core Surge","floor":22.0},{"not_picked":["Turbo","Compile Driver"],"picked":"Recycle+1","floor":24.0},{"not_picked":["Chill","Cold Snap"],"picked":"Doom and Gloom+1","floor":28.0},{"not_picked":["Leap","Turbo+1","Melter+1"],"picked":"SKIP","floor":29.0},{"not_picked":["Aggregate","Beam Cell+1"],"picked":"White Noise","floor":31.0},{"not_picked":["Reboot","Core Surge"],"picked":"Multi-Cast","floor":33.0},{"not_picked":["Steam"],"picked":"SKIP","floor":35.0},{"not_picked":["Multi-Cast"],"picked":"SKIP","floor":40.0},{"not_picked":[],"picked":"Lockon","floor":44.0},{"not_picked":[],"picked":"Hologram+1","floor":46.0},{"not_picked":[],"picked":"Cold Snap","floor":47.0},{"not_picked":["Steam+1"],"picked":"SKIP","floor":48}],"player_experience":61902,"relics_obtained":[{"floor":7.0,"key":"StoneCalendar"},{"floor":9.0,"key":"Torii"},{"floor":14.0,"key":"Blue Candle"},{"floor":26.0,"key":"Oddly Smooth Stone"},{"floor":29.0,"key":"Ancient Tea Set"},{"floor":31.0,"key":"PreservedInsect"},{"floor":39.0,"key":"MawBank"},{"floor":40.0,"key":"Centennial Puzzle"},{"floor":43.0,"key":"The Courier"},{"floor":48,"key":"Lantern"}],"event_choices":[{"damage_healed":0.0,"max_hp_gain":5.0,"max_hp_loss":0.0,"gold_gain":0.0,"event_name":"Big Fish","player_choice":"Donut","floor":2.0,"gold_loss":0.0,"damage_taken":0.0},{"damage_healed":0.0,"max_hp_gain":0.0,"max_hp_loss":0.0,"gold_gain":75.0,"event_name":"World of Goop","player_choice":"Gather Gold","floor":8.0,"gold_loss":0.0,"damage_taken":11.0},{"damage_healed":0.0,"max_hp_gain":0.0,"max_hp_loss":0.0,"gold_gain":0.0,"event_name":"WeMeetAgain","player_choice":"Gave Potion","floor":19.0,"gold_loss":0.0,"damage_taken":0.0,"relics_obtained":["Letter Opener"]},{"damage_healed":0.0,"max_hp_gain":0.0,"max_hp_loss":0.0,"gold_gain":99.0,"event_name":"Nest","player_choice":"Stole From Cult","floor":30.0,"gold_loss":0.0,"damage_taken":0.0},{"damage_healed":0.0,"max_hp_gain":0.0,"max_hp_loss":0.0,"gold_gain":0.0,"event_name":"Match and Keep!","player_choice":"1 cards matched","floor":37.0,"gold_loss":0.0,"damage_taken":0.0,"cards_obtained":["Meteor Strike"]},{"damage_healed":0.0,"max_hp_gain":0.0,"max_hp_loss":0.0,"gold_gain":0.0,"event_name":"NoteForYourself","player_choice":"Ignored","floor":45.0,"gold_loss":0.0,"damage_taken":0.0}],"is_beta":false,"boss_relics":[{"not_picked":["Runic Pyramid","Coffee Dripper"],"picked":"Fusion Hammer"},{"not_picked":["Black Star","Velvet Choker"],"picked":"Busted Crown"}],"items_purged_floors":[36],"is_endless":false,"potions_floor_spawned":[3,7,11,12,13,16,20,22,24,29,40,44],"killed_by":"Time Eater","ascension_level":0}