{"gold_per_floor":[115,190,237,237,250,6,6,38,38,38,38,50,50,76,76,150,150,166,185,4,4,17,17,33,33,33,33,51,51,86,101,101,101],"floor_reached":33,"playtime":1475,"items_purged":[],"score":546,"play_id":"a143aaa1-d06e-41ab-8bed-d4f321bc9b73","local_time":"20190707122814","is_ascension_mode":true,"campfire_choices":[{"data":"Neutralize","floor":7.0,"key":"SMITH"},{"floor":11.0,"key":"REST"},{"data":"Predator","floor":13.0,"key":"SMITH"},{"data":"Neutralize","floor":15.0,"key":"SMITH"},{"floor":23,"key":"REST"},{"data":"After Image","floor":25,"key":"SMITH"},{"data":"RitualDagger","floor":27,"key":"SMITH"},{"floor":32,"key":"REST"}],"neow_cost":"NONE","seed_source_timestamp":1439555752728600,"circlet_count":0,"master_deck":["AscendersBane","Strike_G","Strike_G+1","Strike_G","Strike_G+1","Strike_G","Defend_G","Defend_G","Defend_G","Defend_G","Defend_G","Survivor","Neutralize+1","Deadly Poison","Neutralize+1","Acrobatics","Predator+1","Backstab","Quick Slash","Deflect","After Image+1","Backflip","Terror+1","After Image","PiercingWail","RitualDagger+1","Cloak And Dagger","Footwork","Footwork","Acrobatics+1"],"special_seed":0,"relics":["Ring of the Snake","Pen Nib","Regal Pillow","Oddly Smooth Stone","Turnip","Whetstone","Bronze Scales","WristBlade","Shuriken","Toxic Egg 2"],"potions_floor_usage":[16,30,33],"damage_taken":[{"damage":2.0,"enemies":"Jaw Worm","floor":1.0,"turns":5.0},{"damage":0.0,"enemies":"Small Slimes","floor":5.0,"turns":4.0},{"damage":26.0,"enemies":"3 Sentries","floor":8.0,"turns":9.0},{"damage":0.0,"enemies":"Cultist","floor":12.0,"turns":2.0},{"damage":24.0,"enemies":"Gremlin Nob","floor":14.0,"turns":4.0},{"damage":26,"enemies":"Slime Boss","floor":16,"turns":13},{"damage":10,"enemies":"Spheric Guardian","floor":18,"turns":6},{"damage":0,"enemies":"Chosen","floor":19,"turns":3},{"damage":29,"enemies":"3 Cultists","floor":22,"turns":6},{"damage":15,"enemies":"Chosen and Byrds","floor":24,"turns":7},{"damage":0,"enemies":"Centurion and Healer","floor":28,"turns":5},{"damage":16,"enemies":"Gremlin Leader","floor":30,"turns":8},{"damage":2,"enemies":"Snake Plant","floor":31,"turns":5},{"damage":46,"enemies":"Champ","floor":33,"turns":15}],"seed_played":"6677115662964486607","potions_obtained":[{"floor":14.0,"key":"EssenceOfSteel"},{"floor":16,"key":"Dexterity Potion"},{"floor":19,"key":"SteroidPotion"},{"floor":29,"key":"AttackPotion"}],"is_trial":false,"path_per_floor":["M","?","T","?","M","$","R","E","T","$","R","M","R","E","R","B",null,"M","M","$","?","M","R","M","R","T","R","M","?","E","M","R","B"],"character_chosen":"THE_SILENT","items_purchased":["Oddly Smooth Stone","Predator","After Image","PiercingWail"],"campfire_rested":3,"item_purchase_floors":[6,6,20,20],"current_hp_per_floor":[57,46,46,46,46,46,46,20,20,20,54,54,54,30,30,4,51,41,41,41,35,6,40,25,25,25,25,25,25,9,7,41,0],"gold":101,"neow_bonus":"RANDOM_COMMON_RELIC","is_prod":false,"is_daily":false,"chose_seed":false,"campfire_upgraded":5,"win_rate":0,"timestamp":1562516894,"path_taken":["M","?","?","?","M","$","R","E","T","$","R","M","R","E","R","BOSS","M","M","$","?","M","R","M","R","T","R","M","?","E","?","R","BOSS"],"build_version":"2019-07-05","purchased_purges":0,"victory":false,"max_hp_per_floor":[66,66,66,66,66,66,66,66,66,66,66,66,66,66,66,66,66,66,66,66,66,66,66,66,66,66,66,66,66,66,66,66,66],"card_choices":[{"not_picked":["All Out Attack","Blade Dance"],"picked":"Deadly Poison","floor":1.0},{"not_picked":["Eviscerate","Prepared"],"picked":"Acrobatics","floor":5.0},{"not_picked":["Malaise","Finisher"],"picked":"Backstab","floor":8.0},{"not_picked":["Heel Hook","PiercingWail"],"picked":"Quick Slash","floor":12.0},{"not_picked":["Bane","Underhanded Strike"],"picked":"Deflect","floor":14.0},{"not_picked":["Wraith Form v2","Night Terror"],"picked":"After Image","floor":16},{"not_picked":["Acrobatics","Dagger Throw"],"picked":"Backflip","floor":18},{"not_picked":["Dagger Spray+1","Outmaneuver"],"picked":"Terror+1","floor":19},{"not_picked":["Leg Sweep","Deflect"],"picked":"Cloak And Dagger","floor":22},{"not_picked":["Quick Slash","Bane","Slice"],"picked":"SKIP","floor":24},{"not_picked":["Underhanded Strike","Acrobatics"],"picked":"Footwork","floor":28},{"not_picked":["Quick Slash","Choke"],"picked":"Footwork","floor":30},{"not_picked":["Finisher","Poisoned Stab+1"],"picked":"Acrobatics+1","floor":31}],"player_experience":1316827,"relics_obtained":[{"floor":3.0,"key":"Regal Pillow"},{"floor":8.0,"key":"Turnip"},{"floor":9.0,"key":"Whetstone"},{"floor":14.0,"key":"Bronze Scales"},{"floor":26,"key":"Shuriken"},{"floor":30,"key":"Toxic Egg 2"}],"event_choices":[{"damage_healed":0.0,"max_hp_gain":0.0,"max_hp_loss":0.0,"gold_gain":75.0,"event_name":"World of Goop","player_choice":"Gather Gold","floor":2.0,"gold_loss":0.0,"damage_taken":11.0},{"damage_healed":0.0,"max_hp_gain":0.0,"max_hp_loss":0.0,"gold_gain":0.0,"event_name":"Match and Keep!","player_choice":"1 cards matched","floor":4.0,"gold_loss":0.0,"damage_taken":0.0,"cards_obtained":["Neutralize"]},{"damage_healed":0,"gold_gain":0,"player_choice":"Joined the Cult","damage_taken":6,"max_hp_gain":0,"max_hp_loss":0,"event_name":"Nest","floor":21,"gold_loss":0,"cards_obtained":["RitualDagger"]},{"damage_healed":0,"gold_gain":0,"player_choice":"Got Potions","damage_taken":0,"max_hp_gain":0,"max_hp_loss":0,"event_name":"Lab","floor":29,"gold_loss":0}],"is_beta":false,"boss_relics":[{"not_picked":["Orrery","Coffee Dripper"],"picked":"WristBlade"}],"items_purged_floors":[],"is_endless":false,"potions_floor_spawned":[14,16,19,22],"killed_by":"Champ","ascension_level":20}