{"gold_per_floor":[116,116,136,150,164,164,199,199,246,263,263,296,296,146,146,146],"floor_reached":16,"playtime":654,"items_purged":["Strike_B"],"score":220,"play_id":"1a359385-1e89-4e44-9043-acb0499c2871","local_time":"20190614122245","is_ascension_mode":true,"campfire_choices":[{"floor":6,"key":"REST"},{"data":"Streamline","floor":8,"key":"SMITH"},{"floor":11,"key":"REST"},{"data":"Capacitor","floor":15,"key":"SMITH"}],"neow_cost":"NONE","seed_source_timestamp":7203181949700,"circlet_count":0,"master_deck":["AscendersBane","Strike_B","Strike_B","Strike_B","Defend_B","Defend_B","Defend_B","Defend_B","Zap+1","Dualcast","Coolheaded","Decay","Streamline","Hologram","Streamline+1","Coolheaded","Hologram","Cold Snap","Capacitor+1"],"special_seed":0,"relics":["Cracked Core","Pear","Pen Nib","Blood Vial"],"potions_floor_usage":[5,12,16],"damage_taken":[{"damage":19.0,"enemies":"Jaw Worm","floor":1.0,"turns":4.0},{"damage":1.0,"enemies":"Cultist","floor":3.0,"turns":3.0},{"damage":1.0,"enemies":"2 Louse","floor":4.0,"turns":3.0},{"damage":10,"enemies":"Gremlin Gang","floor":5,"turns":4},{"damage":33,"enemies":"3 Sentries","floor":7,"turns":11},{"damage":17,"enemies":"3 Louse","floor":10,"turns":4},{"damage":26,"enemies":"Lagavulin","floor":12,"turns":6},{"damage":16,"enemies":"Hexaghost","floor":16,"turns":9}],"seed_played":"-3850785867171888344","potions_obtained":[{"floor":1.0,"key":"GamblersBrew"},{"floor":5,"key":"SteroidPotion"},{"floor":10,"key":"Explosive Potion"},{"floor":12,"key":"SteroidPotion"}],"is_trial":false,"path_per_floor":["M","?","M","M","M","R","E","R","T","M","R","E","?","$","R","B"],"character_chosen":"DEFECT","items_purchased":["Capacitor"],"campfire_rested":2,"item_purchase_floors":[14],"current_hp_per_floor":[45,45,44,43,33,54,31,31,31,14,38,12,12,12,12,0],"gold":146,"neow_bonus":"UPGRADE_CARD","is_prod":false,"is_daily":false,"chose_seed":false,"campfire_upgraded":2,"win_rate":0,"timestamp":1560529365,"path_taken":["M","?","?","M","M","R","E","R","T","M","R","E","?","$","R","BOSS"],"build_version":"2019-01-23","purchased_purges":1,"victory":false,"max_hp_per_floor":[71,71,71,71,71,71,81,81,81,81,81,81,81,81,81,81],"card_choices":[{"not_picked":["Loop","Turbo"],"picked":"Coolheaded","floor":1.0},{"not_picked":["Beam Cell","Hello World"],"picked":"Streamline","floor":3.0},{"not_picked":["Leap","Turbo"],"picked":"Hologram","floor":4.0},{"not_picked":["Fusion","Coolheaded"],"picked":"Streamline","floor":5},{"not_picked":["Rebound","Creative AI"],"picked":"Coolheaded","floor":7},{"not_picked":["Heatsinks","Consume"],"picked":"Hologram","floor":10},{"not_picked":["Biased Cognition","Rainbow"],"picked":"Cold Snap","floor":12}],"player_experience":1175789,"relics_obtained":[{"floor":7,"key":"Pear"},{"floor":9,"key":"Pen Nib"},{"floor":12,"key":"Blood Vial"}],"event_choices":[{"damage_healed":0.0,"max_hp_gain":0.0,"max_hp_loss":0.0,"gold_gain":0.0,"event_name":"Wheel of Change","player_choice":"Cursed","floor":2.0,"gold_loss":0.0,"damage_taken":0.0,"cards_obtained":["Decay"]},{"damage_healed":0,"gold_gain":0,"player_choice":"Ignored","damage_taken":0,"max_hp_gain":0,"max_hp_loss":0,"event_name":"Shining Light","floor":13,"gold_loss":0}],"is_beta":false,"boss_relics":[],"items_purged_floors":[14],"is_endless":false,"potions_floor_spawned":[1,5,10,12],"killed_by":"Hexaghost","ascension_level":20}