{"gold_per_floor":[109,123,123,133,21,51,61,61,110,141,9,9,21,21,21,100,100,112,132,132,151,165,165,165],"floor_reached":24,"playtime":897,"items_purged":["Parasite","Strike_B"],"score":416,"play_id":"d66da7c5-5760-4118-b0f4-7cf9f32f68aa","local_time":"20190825170905","is_ascension_mode":true,"campfire_choices":[{"floor":8.0,"key":"REST"},{"data":"Zap","floor":12.0,"key":"SMITH"},{"data":"Biased Cognition","floor":15.0,"key":"SMITH"},{"floor":23,"key":"REST"}],"neow_cost":"NONE","seed_source_timestamp":26150538543100,"circlet_count":0,"master_deck":["AscendersBane","Strike_B","Strike_B","Defend_B","Defend_B","Defend_B","Defend_B","Zap+1","Dualcast","FTL","Streamline","Ball Lightning","Loop","Buffer","FTL","Cold Snap","Barrage","Steam","Biased Cognition+1","Rainbow","Compile Driver","Ball Lightning","Gash","Auto Shields"],"special_seed":0,"relics":["Cracked Core","NeowsBlessing","Sundial","Dream Catcher","Smiling Mask","Philosopher\u0027s Stone"],"potions_floor_usage":[22,22],"damage_taken":[{"damage":0.0,"enemies":"Cultist","floor":1.0,"turns":1.0},{"damage":0.0,"enemies":"2 Louse","floor":2.0,"turns":1.0},{"damage":0.0,"enemies":"Jaw Worm","floor":4.0,"turns":1.0},{"damage":20.0,"enemies":"3 Sentries","floor":6.0,"turns":5.0},{"damage":17.0,"enemies":"Exordium Wildlife","floor":7.0,"turns":3.0},{"damage":8.0,"enemies":"Gremlin Nob","floor":10.0,"turns":4.0},{"damage":6.0,"enemies":"Blue Slaver","floor":13.0,"turns":3.0},{"damage":29.0,"enemies":"Slime Boss","floor":16.0,"turns":9.0},{"damage":13.0,"enemies":"Chosen","floor":18.0,"turns":4.0},{"damage":12.0,"enemies":"Spheric Guardian","floor":19.0,"turns":4.0},{"damage":0.0,"enemies":"Cultist and Chosen","floor":21.0,"turns":3.0},{"damage":9,"enemies":"3 Cultists","floor":22,"turns":5},{"damage":42,"enemies":"Slavers","floor":24,"turns":2}],"seed_played":"-922093498370246674","potions_obtained":[{"floor":1.0,"key":"Explosive Potion"},{"floor":7.0,"key":"Dexterity Potion"},{"floor":13.0,"key":"SteroidPotion"},{"floor":18.0,"key":"PowerPotion"}],"is_trial":false,"path_per_floor":["M","M","?","M","$","E","M","R","T","E","$","R","M","$","R","B",null,"M","M","?","M","M","R","E"],"character_chosen":"DEFECT","items_purchased":["Loop","Barrage","Steam"],"campfire_rested":2,"item_purchase_floors":[5,11,11],"current_hp_per_floor":[64,64,64,64,64,44,27,47,47,39,39,39,33,33,33,4,52,39,27,27,27,18,38,0],"gold":165,"neow_bonus":"THREE_ENEMY_KILL","is_prod":false,"is_daily":false,"chose_seed":false,"campfire_upgraded":2,"win_rate":0,"timestamp":1566767345,"path_taken":["M","M","?","?","$","E","M","R","T","E","$","R","M","?","R","BOSS","M","M","?","?","M","R","E"],"build_version":"2019-07-17","purchased_purges":2,"victory":false,"max_hp_per_floor":[71,71,71,71,68,68,68,68,68,68,68,68,68,68,68,68,68,68,68,68,68,68,68,68],"card_choices":[{"not_picked":["Go for the Eyes","Hologram"],"picked":"FTL","floor":1.0},{"not_picked":["Undo","Skim"],"picked":"Streamline","floor":2.0},{"not_picked":["Cold Snap","White Noise"],"picked":"Ball Lightning","floor":4.0},{"not_picked":["Redo","Hello World"],"picked":"Buffer","floor":6.0},{"not_picked":["Barrage","Streamline"],"picked":"FTL","floor":7.0},{"not_picked":["Sunder","Darkness"],"picked":"Cold Snap","floor":10.0},{"not_picked":["Compile Driver","Rebound"],"picked":"Biased Cognition","floor":13.0},{"not_picked":["Hyperbeam","Biased Cognition"],"picked":"Rainbow","floor":16.0},{"not_picked":["Barrage","Conserve Battery+1"],"picked":"Compile Driver","floor":18.0},{"not_picked":["Conserve Battery","Compile Driver"],"picked":"Ball Lightning","floor":19.0},{"not_picked":["Sweeping Beam","Barrage+1"],"picked":"Auto Shields","floor":21.0},{"not_picked":["Multi-Cast","Compile Driver","Scrape+1"],"picked":"SKIP","floor":22}],"player_experience":1509948,"relics_obtained":[{"floor":6.0,"key":"Sundial"},{"floor":9.0,"key":"Dream Catcher"},{"floor":10.0,"key":"Smiling Mask"}],"event_choices":[{"damage_healed":0.0,"max_hp_gain":0.0,"max_hp_loss":0.0,"gold_gain":0.0,"event_name":"Match and Keep!","player_choice":"1 cards matched","floor":3.0,"gold_loss":0.0,"damage_taken":0.0,"cards_obtained":["Parasite"]},{"damage_healed":0.0,"max_hp_gain":0.0,"max_hp_loss":0.0,"gold_gain":0.0,"cards_transformed":["Strike_B"],"event_name":"Transmorgrifier","player_choice":"Transformed","floor":20.0,"gold_loss":0.0,"damage_taken":0.0,"cards_obtained":["Gash"]}],"is_beta":false,"boss_relics":[{"not_picked":["Empty Cage","Black Star"],"picked":"Philosopher\u0027s Stone"}],"items_purged_floors":[5,11],"is_endless":false,"potions_floor_spawned":[1,7,13,18,19],"killed_by":"Slavers","ascension_level":20}