{"gold_per_floor":[209,224,5,5,25,54,54,81,105,30,45,63,63,93,93,167,167,185,185,220,234,184,184,84,84,84,84,115,63,95,106,106,183,183,197,209,226,238,238],"floor_reached":39,"playtime":1520,"items_purged":["Strike_B","Strike_B"],"score":928,"play_id":"bff7b136-9f9f-490b-bb41-e671e5e18a31","local_time":"20190720231014","is_ascension_mode":true,"campfire_choices":[{"data":"Barrage","floor":7.0,"key":"SMITH"},{"floor":15.0,"key":"REST"},{"data":"Capacitor","floor":23.0,"key":"SMITH"},{"data":"Sunder","floor":25.0,"key":"SMITH"},{"data":"Coolheaded","floor":27.0,"key":"SMITH"},{"data":"Coolheaded","floor":32.0,"key":"SMITH"}],"neow_cost":"NONE","seed_source_timestamp":540812761524900,"circlet_count":0,"master_deck":["AscendersBane","Strike_B","Strike_B","Defend_B","Defend_B+1","Defend_B","Defend_B","Zap+1","Dualcast+1","Gash","Coolheaded+1","Barrage+1","Sunder+1","Conserve Battery","Capacitor+1","Biased Cognition+1","Core Surge","Coolheaded+1","Compile Driver","Chaos+1","Melter+1","Beam Cell+1","Darkness+1","Beam Cell+1","Meteor Strike+1","Lockon+1","FTL+1","Barrage+1"],"special_seed":0,"relics":["Cracked Core","ClockworkSouvenir","Orichalcum","War Paint","Lantern","Shuriken","Juzu Bracelet","Coffee Dripper","Red Mask","Matryoshka","Molten Egg 2","Potion Belt","Busted Crown"],"potions_floor_usage":[39,39],"damage_taken":[{"damage":0.0,"enemies":"Cultist","floor":1.0,"turns":3.0},{"damage":1.0,"enemies":"Small Slimes","floor":2.0,"turns":4.0},{"damage":5.0,"enemies":"2 Louse","floor":5.0,"turns":2.0},{"damage":23.0,"enemies":"Lagavulin","floor":6.0,"turns":8.0},{"damage":23.0,"enemies":"Gremlin Nob","floor":8.0,"turns":4.0},{"damage":0.0,"enemies":"2 Fungi Beasts","floor":11.0,"turns":2.0},{"damage":2.0,"enemies":"Looter","floor":12.0,"turns":3.0},{"damage":3.0,"enemies":"3 Sentries","floor":14.0,"turns":4.0},{"damage":25.0,"enemies":"The Guardian","floor":16.0,"turns":11.0},{"damage":0.0,"enemies":"Chosen","floor":18.0,"turns":3.0},{"damage":4.0,"enemies":"Masked Bandits","floor":20.0,"turns":5.0},{"damage":4.0,"enemies":"Shell Parasite","floor":21.0,"turns":4.0},{"damage":0.0,"enemies":"Gremlin Leader","floor":28.0,"turns":5.0},{"damage":3.0,"enemies":"Slavers","floor":30.0,"turns":3.0},{"damage":10.0,"enemies":"Snecko","floor":31.0,"turns":3.0},{"damage":5.0,"enemies":"Champ","floor":33.0,"turns":6.0},{"damage":0.0,"enemies":"3 Shapes","floor":35.0,"turns":8.0},{"damage":21.0,"enemies":"3 Darklings","floor":36.0,"turns":6.0},{"damage":14.0,"enemies":"Sphere and 2 Shapes","floor":37.0,"turns":4.0},{"damage":15.0,"enemies":"Jaw Worm Horde","floor":38.0,"turns":3.0},{"damage":15,"enemies":"3 Darklings","floor":39,"turns":3}],"seed_played":"-8252690230983650311","potions_obtained":[{"floor":1.0,"key":"GamblersBrew"},{"floor":6.0,"key":"Poison Potion"},{"floor":8.0,"key":"SteroidPotion"},{"floor":11.0,"key":"SmokeBomb"},{"floor":16.0,"key":"SneckoOil"},{"floor":20.0,"key":"AttackPotion"},{"floor":21.0,"key":"SteroidPotion"},{"floor":30.0,"key":"AttackPotion"},{"floor":33.0,"key":"GamblersBrew"},{"floor":38.0,"key":"AttackPotion"}],"is_trial":false,"path_per_floor":["M","M","$","?","M","E","R","E","T","$","M","M","T","E","R","B",null,"M","?","?","M","?","R","$","R","T","R","E","$","E","M","R","B",null,"M","M","M","M","M"],"character_chosen":"DEFECT","items_purchased":["ClockworkSouvenir","Beam Cell+1"],"campfire_rested":1,"item_purchase_floors":[3,29],"current_hp_per_floor":[64,63,63,63,58,35,35,12,12,12,12,10,10,7,28,3,54,54,71,67,63,63,63,63,63,63,63,63,63,60,50,50,45,65,65,44,30,15,0],"gold":238,"neow_bonus":"HUNDRED_GOLD","is_prod":false,"is_daily":false,"chose_seed":false,"campfire_upgraded":5,"win_rate":0,"timestamp":1563678614,"path_taken":["M","?","$","?","M","E","R","E","T","$","M","?","?","E","R","BOSS","M","?","?","M","?","R","$","R","T","R","E","?","E","M","R","BOSS","M","M","M","M","M"],"build_version":"2019-07-17","purchased_purges":2,"victory":false,"max_hp_per_floor":[71,71,71,71,71,71,71,71,71,71,71,71,71,71,71,71,71,71,71,71,71,71,71,71,71,71,71,71,71,71,71,71,71,71,71,71,71,71,71],"card_choices":[{"not_picked":["Heatsinks","Hello World"],"picked":"Gash","floor":1.0},{"not_picked":["Scrape","Stack"],"picked":"Coolheaded","floor":2.0},{"not_picked":["Buffer","Conserve Battery"],"picked":"Barrage","floor":5.0},{"not_picked":["Stack","Leap","Hello World"],"picked":"SKIP","floor":6.0},{"not_picked":["Scrape","Turbo"],"picked":"Sunder","floor":8.0},{"not_picked":["Compile Driver","Barrage"],"picked":"Conserve Battery","floor":11.0},{"not_picked":["Redo","Conserve Battery"],"picked":"Capacitor","floor":12.0},{"not_picked":["Compile Driver","Chaos"],"picked":"Biased Cognition","floor":14.0},{"not_picked":["Creative AI","Amplify"],"picked":"Core Surge","floor":16.0},{"not_picked":["Darkness","Redo"],"picked":"Coolheaded","floor":18.0},{"not_picked":["White Noise","Reprogram+1"],"picked":"Compile Driver","floor":20.0},{"not_picked":["Rebound","Compile Driver"],"picked":"Chaos+1","floor":21.0},{"not_picked":["Redo+1","Scrape"],"picked":"Melter","floor":28.0},{"not_picked":["Loop","Barrage+1"],"picked":"Darkness+1","floor":30.0},{"not_picked":["Sweeping Beam+1","Leap"],"picked":"Beam Cell+1","floor":31.0},{"not_picked":["Machine Learning","Fission"],"picked":"Meteor Strike+1","floor":33.0},{"not_picked":["Fusion"],"picked":"SKIP","floor":35.0},{"not_picked":[],"picked":"Lockon+1","floor":36.0},{"not_picked":[],"picked":"FTL+1","floor":37.0},{"not_picked":[],"picked":"Barrage+1","floor":38.0}],"player_experience":1378090,"relics_obtained":[{"floor":6.0,"key":"Orichalcum"},{"floor":8.0,"key":"War Paint"},{"floor":9.0,"key":"Lantern"},{"floor":13.0,"key":"Shuriken"},{"floor":14.0,"key":"Juzu Bracelet"},{"floor":20.0,"key":"Red Mask"},{"floor":26.0,"key":"Matryoshka"},{"floor":28.0,"key":"Molten Egg 2"},{"floor":30.0,"key":"Potion Belt"}],"event_choices":[{"damage_healed":0.0,"max_hp_gain":0.0,"max_hp_loss":0.0,"gold_gain":0.0,"event_name":"Upgrade Shrine","player_choice":"Upgraded","floor":4.0,"gold_loss":0.0,"damage_taken":0.0,"cards_upgraded":["Zap"]},{"damage_healed":17.0,"max_hp_gain":0.0,"max_hp_loss":0.0,"gold_gain":0.0,"event_name":"Wheel of Change","player_choice":"Full Heal","floor":19.0,"gold_loss":0.0,"damage_taken":0.0},{"damage_healed":0.0,"max_hp_gain":0.0,"max_hp_loss":0.0,"gold_gain":0.0,"event_name":"Masked Bandits","player_choice":"Fought Bandits","floor":20.0,"gold_loss":0.0,"damage_taken":0.0},{"damage_healed":0.0,"max_hp_gain":0.0,"max_hp_loss":0.0,"gold_gain":0.0,"event_name":"Designer","player_choice":"Upgrade","floor":22.0,"gold_loss":50.0,"damage_taken":0.0,"cards_upgraded":["Biased Cognition"]}],"is_beta":false,"boss_relics":[{"not_picked":["FrozenCore","Astrolabe"],"picked":"Coffee Dripper"},{"not_picked":["Snecko Eye","Tiny House"],"picked":"Busted Crown"}],"items_purged_floors":[10,24],"is_endless":false,"potions_floor_spawned":[1,6,8,11,16,20,21,30,33,38],"killed_by":"3 Darklings","ascension_level":20}