{"gold_per_floor":[119,131,131,145,145,145,192,192,192,206,223,249,264,290,290,365,365,378,395,92,92,108,108],"floor_reached":23,"playtime":897,"items_purged":["Defend_R"],"score":406,"play_id":"d6e04047-b851-40ce-a849-7d452baac08a","local_time":"20190630082414","is_ascension_mode":true,"campfire_choices":[{"data":"True Grit","floor":6.0,"key":"SMITH"},{"data":"Bash","floor":8.0,"key":"SMITH"},{"data":"Armaments","floor":15.0,"key":"SMITH"}],"neow_cost":"NONE","seed_source_timestamp":820773711907800,"circlet_count":0,"master_deck":["AscendersBane","Strike_R","Strike_R","Strike_R","Strike_R","Strike_R","Defend_R","Defend_R","Defend_R","Bash+1","Clothesline","True Grit+1","Shrug It Off","Armaments+1","Pommel Strike+1","Sentinel+1","Perfected Strike+1","Thunderclap+1","Immolate+1","Combust+1","Iron Wave+1"],"special_seed":0,"relics":["Burning Blood","Molten Egg 2","Dodecahedron","Letter Opener","Ice Cream","Black Star","Art of War"],"potions_floor_usage":[23,23],"damage_taken":[{"damage":7.0,"enemies":"Cultist","floor":1.0,"turns":4.0},{"damage":1.0,"enemies":"Small Slimes","floor":2.0,"turns":4.0},{"damage":11.0,"enemies":"Jaw Worm","floor":4.0,"turns":4.0},{"damage":10.0,"enemies":"Exordium Wildlife","floor":10.0,"turns":6.0},{"damage":4.0,"enemies":"Blue Slaver","floor":11.0,"turns":5.0},{"damage":37.0,"enemies":"Lagavulin","floor":12.0,"turns":8.0},{"damage":4.0,"enemies":"Red Slaver","floor":13.0,"turns":5.0},{"damage":8.0,"enemies":"Gremlin Nob","floor":14.0,"turns":3.0},{"damage":19.0,"enemies":"The Guardian","floor":16.0,"turns":18.0},{"damage":3.0,"enemies":"3 Byrds","floor":18.0,"turns":3.0},{"damage":7.0,"enemies":"Spheric Guardian","floor":19.0,"turns":4.0},{"damage":7.0,"enemies":"Snecko","floor":22.0,"turns":5.0},{"damage":70,"enemies":"Book of Stabbing","floor":23,"turns":6}],"seed_played":"-3722199956618699804","potions_obtained":[{"floor":0.0,"key":"SkillPotion"},{"floor":0.0,"key":"GamblersBrew"},{"floor":2.0,"key":"Energy Potion"},{"floor":10.0,"key":"Regen Potion"},{"floor":11.0,"key":"GamblersBrew"},{"floor":16.0,"key":"SkillPotion"},{"floor":22.0,"key":"BloodPotion"}],"is_trial":false,"path_per_floor":["M","M","?","M","?","R","T","R","T","M","M","E","M","E","R","B",null,"M","M","$","?","M","E"],"character_chosen":"IRONCLAD","items_purchased":["SteroidPotion","Art of War"],"campfire_rested":0,"item_purchase_floors":[20,20],"current_hp_per_floor":[67,72,72,67,49,49,49,49,49,45,61,30,32,30,30,17,61,64,63,63,63,62,0],"gold":108,"neow_bonus":"THREE_SMALL_POTIONS","is_prod":false,"is_daily":false,"chose_seed":false,"campfire_upgraded":3,"win_rate":0,"timestamp":1561897454,"path_taken":["M","M","?","M","?","R","?","R","T","M","M","E","?","E","R","BOSS","M","M","$","?","?","E"],"build_version":"2019-01-23","purchased_purges":1,"victory":false,"max_hp_per_floor":[75,75,75,75,75,75,75,75,75,75,75,75,75,75,75,75,75,75,75,75,75,75,75],"card_choices":[{"not_picked":["Armaments","Headbutt"],"picked":"Clothesline","floor":1.0},{"not_picked":["Shrug It Off","Searing Blow"],"picked":"True Grit","floor":2.0},{"not_picked":["Fire Breathing","Perfected Strike"],"picked":"Shrug It Off","floor":4.0},{"not_picked":["Warcry","Ghostly Armor"],"picked":"Armaments","floor":10.0},{"not_picked":["Burning Pact","True Grit"],"picked":"Pommel Strike+1","floor":11.0},{"not_picked":["Warcry","Combust"],"picked":"Sentinel","floor":12.0},{"not_picked":["Exhume","Pommel Strike+1"],"picked":"Perfected Strike+1","floor":13.0},{"not_picked":["Wild Strike+1","Second Wind"],"picked":"Thunderclap+1","floor":14.0},{"not_picked":["Reaper+1","Feed+1"],"picked":"Immolate+1","floor":16.0},{"not_picked":["Heavy Blade+1","Infernal Blade"],"picked":"Combust+1","floor":18.0},{"not_picked":["Headbutt+1","True Grit"],"picked":"Iron Wave+1","floor":19.0},{"not_picked":["Pommel Strike+1","Searing Blow+1","Headbutt+1"],"picked":"SKIP","floor":22.0}],"player_experience":1246928,"relics_obtained":[{"floor":9.0,"key":"Dodecahedron"},{"floor":12.0,"key":"Letter Opener"},{"floor":14.0,"key":"Ice Cream"}],"event_choices":[{"damage_healed":0.0,"max_hp_gain":0.0,"max_hp_loss":0.0,"gold_gain":0.0,"event_name":"The Cleric","player_choice":"Leave","floor":3.0,"gold_loss":0.0,"damage_taken":0.0},{"damage_healed":0.0,"max_hp_gain":0.0,"max_hp_loss":0.0,"gold_gain":0.0,"event_name":"Scrap Ooze","player_choice":"Success","floor":5.0,"gold_loss":0.0,"damage_taken":18.0,"relics_obtained":["Molten Egg 2"]},{"damage_healed":0.0,"max_hp_gain":0.0,"max_hp_loss":0.0,"gold_gain":0.0,"event_name":"Accursed Blacksmith","player_choice":"Forge","floor":21.0,"gold_loss":0.0,"damage_taken":0.0,"cards_upgraded":["Sentinel"]}],"is_beta":false,"boss_relics":[{"not_picked":["Black Blood","Cursed Key"],"picked":"Black Star"}],"items_purged_floors":[20],"is_endless":false,"potions_floor_spawned":[2,10,11,16,22],"killed_by":"Book of Stabbing","ascension_level":20}