{"gold_per_floor":[214,229,66,141,141,172,172,201,270,289,289,300,300,373,373,451,451,451,366,366,186,186,186,186],"floor_reached":24,"playtime":1487,"items_purged":["Strike_R","Decay"],"score":384,"play_id":"42b75bde-7e97-4eb2-b785-8967e855a1a6","local_time":"20190902053856","is_ascension_mode":true,"campfire_choices":[{"data":"Bash","floor":7,"key":"SMITH"},{"floor":13,"key":"REST"},{"data":"Fiend Fire","floor":15,"key":"SMITH"},{"data":"Immolate","floor":23,"key":"SMITH"}],"neow_cost":"NONE","seed_source_timestamp":312128042578300,"circlet_count":0,"master_deck":["AscendersBane","Strike_R","Strike_R","Strike_R","Defend_R","Defend_R+1","Defend_R","Defend_R","Bash+1","Cleave","Headbutt","Feel No Pain","Cleave","Shrug It Off+1","Shrug It Off","Metallicize","Fiend Fire+1","Immolate+1","Clothesline+1","Battle Trance"],"relics":["Burning Blood","War Paint","Juzu Bracelet","Darkstone Periapt","Ectoplasm","Ornamental Fan"],"potions_floor_usage":[6,16,22,24],"damage_taken":[{"damage":3,"enemies":"2 Louse","floor":1,"turns":4},{"damage":1,"enemies":"Cultist","floor":2,"turns":3},{"damage":32,"enemies":"Gremlin Nob","floor":6,"turns":4},{"damage":36,"enemies":"Lagavulin","floor":8,"turns":7},{"damage":0,"enemies":"Small Slimes","floor":10,"turns":3},{"damage":3,"enemies":"3 Louse","floor":12,"turns":3},{"damage":24,"enemies":"Slime Boss","floor":16,"turns":6},{"damage":8,"enemies":"Chosen","floor":18,"turns":6},{"damage":0,"enemies":"2 Thieves","floor":22,"turns":1},{"damage":73,"enemies":"Gremlin Leader","floor":24,"turns":4}],"seed_played":"-3910736175446682123","potions_obtained":[{"floor":2,"key":"AttackPotion"},{"floor":10,"key":"GamblersBrew"},{"floor":12,"key":"SneckoOil"},{"floor":18,"key":"SmokeBomb"}],"is_trial":false,"path_per_floor":["M","M","$","?","?","E","R","E","T","M","?","M","R","?","R","B",null,"M","?","?","$","M","R","E"],"character_chosen":"IRONCLAD","items_purchased":["Feel No Pain","Battle Trance"],"campfire_rested":1,"item_purchase_floors":[3,21],"current_hp_per_floor":[71,75,75,64,64,38,38,8,8,14,14,17,39,39,39,21,62,60,60,66,66,72,72,0],"gold":186,"neow_bonus":"HUNDRED_GOLD","is_prod":false,"is_daily":false,"chose_seed":false,"campfire_upgraded":3,"win_rate":0,"timestamp":1567370336,"path_taken":["M","M","$","?","?","E","R","E","T","M","?","M","R","?","R","BOSS","M","?","?","$","M","R","E"],"build_version":"2019-07-17","purchased_purges":2,"victory":false,"max_hp_per_floor":[75,75,75,75,75,75,75,75,75,75,75,75,75,75,75,75,75,75,75,81,81,81,81,81],"card_choices":[{"not_picked":["Sword Boomerang","Searing Blow"],"picked":"Cleave","floor":1},{"not_picked":["Pommel Strike","Warcry"],"picked":"Headbutt","floor":2},{"not_picked":["Thunderclap","Seeing Red"],"picked":"Shrug It Off","floor":6},{"not_picked":["Warcry","Flex"],"picked":"Shrug It Off","floor":8},{"not_picked":["Cleave","Clash"],"picked":"Metallicize","floor":10},{"not_picked":["Clash","Wild Strike"],"picked":"Fiend Fire","floor":12},{"not_picked":["Juggernaut","Berserk"],"picked":"Immolate","floor":16},{"not_picked":["Carnage","Entrench"],"picked":"Clothesline+1","floor":18}],"player_experience":554577,"relics_obtained":[{"floor":6,"key":"War Paint"},{"floor":8,"key":"Juzu Bracelet"},{"floor":9,"key":"Darkstone Periapt"}],"event_choices":[{"damage_healed":0,"gold_gain":75,"player_choice":"Gather Gold","damage_taken":11,"max_hp_gain":0,"max_hp_loss":0,"event_name":"World of Goop","floor":4,"gold_loss":0},{"damage_healed":0,"gold_gain":0,"cards_transformed":["Strike_R"],"player_choice":"Transformed","damage_taken":0,"max_hp_gain":0,"max_hp_loss":0,"event_name":"Transmorgrifier","floor":5,"gold_loss":0,"cards_obtained":["Cleave"]},{"damage_healed":0,"gold_gain":0,"player_choice":"Fled","damage_taken":0,"max_hp_gain":0,"max_hp_loss":0,"event_name":"Scrap Ooze","floor":11,"gold_loss":0},{"damage_healed":0,"gold_gain":73,"player_choice":"Gained Gold","damage_taken":0,"max_hp_gain":0,"max_hp_loss":0,"event_name":"Golden Wing","floor":14,"gold_loss":0},{"damage_healed":0,"gold_gain":0,"player_choice":"Obtained Relic","damage_taken":0,"relics_obtained":["Ornamental Fan"],"max_hp_gain":0,"max_hp_loss":0,"event_name":"Addict","floor":19,"gold_loss":85},{"damage_healed":0,"gold_gain":0,"player_choice":"Cursed","damage_taken":0,"max_hp_gain":0,"max_hp_loss":0,"event_name":"Wheel of Change","floor":20,"gold_loss":0,"cards_obtained":["Decay"]}],"is_beta":false,"boss_relics":[{"not_picked":["Philosopher\u0027s Stone","Coffee Dripper"],"picked":"Ectoplasm"}],"items_purged_floors":[3,21],"is_endless":false,"potions_floor_spawned":[2,10,12,18,22],"killed_by":"Gremlin Leader","ascension_level":18}