{"gold_per_floor":[119,131,74,85,85,85,85,117,117,151,76,95,95,115,115,186,186,196,212,212,212,212,212,232,248,278,305,230,264,264,295,295,373,373,386,81,95,109,127,127,153,153,153,179,19,119,119,131,131,131,131,131,131,76,110,110],"floor_reached":56,"playtime":3419,"items_purged":["Strike_B"],"score":1971,"play_id":"adf21c4e-9f94-4c2c-9561-d1a07d505678","local_time":"20190804164512","is_ascension_mode":true,"campfire_choices":[{"floor":6.0,"key":"REST"},{"floor":13.0,"key":"REST"},{"floor":15.0,"key":"RECALL"},{"floor":23.0,"key":"REST"},{"floor":32.0,"key":"REST"},{"floor":40.0,"key":"REST"},{"floor":42.0,"key":"REST"},{"floor":49.0,"key":"REST"},{"data":"1","floor":53.0,"key":"LIFT"}],"neow_cost":"NONE","seed_source_timestamp":0,"circlet_count":0,"master_deck":["AscendersBane","Defend_B+1","Defend_B+1","Defend_B+1","Zap+1","Dualcast","Compile Driver","Ball Lightning","Sweeping Beam","Core Surge","Doom and Gloom+1","Compile Driver+1","Conserve Battery","Machine Learning","Coolheaded+1","Amplify+1","Consume+1","Ball Lightning+1","Beam Cell+1","Cold Snap+1","Glacier","Melter+1","Coolheaded","Biased Cognition","Skim+1","Go for the Eyes+1","Hologram+1","Master of Strategy"],"special_seed":0,"relics":["Fusion Hammer","Pear","Potion Belt","Molten Egg 2","Bag of Preparation","Astrolabe","Tiny Chest","Vajra","Darkstone Periapt","Happy Flower","Philosopher\u0027s Stone","ClockworkSouvenir","Mummified Hand","Regal Pillow","Blood Vial","Lantern","Girya","Oddly Smooth Stone"],"potions_floor_usage":[56,56],"damage_taken":[{"damage":15.0,"enemies":"2 Louse","floor":1.0,"turns":4.0},{"damage":1.0,"enemies":"Cultist","floor":2.0,"turns":4.0},{"damage":2.0,"enemies":"Jaw Worm","floor":4.0,"turns":3.0},{"damage":40.0,"enemies":"Lagavulin","floor":8.0,"turns":6.0},{"damage":10.0,"enemies":"3 Sentries","floor":10.0,"turns":4.0},{"damage":0.0,"enemies":"2 Fungi Beasts","floor":12.0,"turns":2.0},{"damage":1.0,"enemies":"Looter","floor":14.0,"turns":2.0},{"damage":41.0,"enemies":"The Guardian","floor":16.0,"turns":10.0},{"damage":0.0,"enemies":"Chosen","floor":18.0,"turns":3.0},{"damage":12.0,"enemies":"2 Thieves","floor":19.0,"turns":3.0},{"damage":10.0,"enemies":"Centurion and Healer","floor":24.0,"turns":5.0},{"damage":4.0,"enemies":"3 Cultists","floor":25.0,"turns":3.0},{"damage":11.0,"enemies":"Book of Stabbing","floor":27.0,"turns":5.0},{"damage":12.0,"enemies":"Gremlin Leader","floor":29.0,"turns":7.0},{"damage":22.0,"enemies":"Book of Stabbing","floor":31.0,"turns":4.0},{"damage":34.0,"enemies":"Collector","floor":33.0,"turns":8.0},{"damage":0.0,"enemies":"Orb Walker","floor":35.0,"turns":4.0},{"damage":15.0,"enemies":"3 Darklings","floor":37.0,"turns":3.0},{"damage":3.0,"enemies":"Sphere and 2 Shapes","floor":38.0,"turns":4.0},{"damage":0.0,"enemies":"Writhing Mass","floor":39.0,"turns":7.0},{"damage":0.0,"enemies":"Giant Head","floor":41.0,"turns":8.0},{"damage":41.0,"enemies":"Nemesis","floor":44.0,"turns":9.0},{"damage":0.0,"enemies":"Mind Bloom Boss Battle","floor":46.0,"turns":4.0},{"damage":0.0,"enemies":"Jaw Worm Horde","floor":48.0,"turns":4.0},{"damage":45.0,"enemies":"Donu and Deca","floor":50.0,"turns":10.0},{"damage":28.0,"enemies":"Awakened One","floor":51.0,"turns":16.0},{"damage":19.0,"enemies":"Shield and Spear","floor":55.0,"turns":6.0},{"damage":59,"enemies":"The Heart","floor":56,"turns":9}],"seed_played":"-4932785896246426613","potions_obtained":[{"floor":2.0,"key":"Explosive Potion"},{"floor":8.0,"key":"Dexterity Potion"},{"floor":12.0,"key":"Explosive Potion"},{"floor":16.0,"key":"SpeedPotion"},{"floor":18.0,"key":"SteroidPotion"},{"floor":19.0,"key":"Fruit Juice"},{"floor":24.0,"key":"GamblersBrew"},{"floor":31.0,"key":"Fire Potion"},{"floor":33.0,"key":"EssenceOfSteel"},{"floor":38.0,"key":"Weak Potion"},{"floor":39.0,"key":"SmokeBomb"},{"floor":44.0,"key":"Fruit Juice"},{"floor":55.0,"key":"Fire Potion"}],"is_trial":false,"path_per_floor":["M","M","$","M","?","R","?","E","T","E","$","M","R","M","R","B",null,"M","M","?","?","?","R","M","M","T","E","?","E","T","E","R","B",null,"M","$","M","M","M","R","E","R","T","E","$","?","?","M","R","B","B",null,"R","$","E","B"],"character_chosen":"DEFECT","items_purchased":["Sweeping Beam","ClockworkSouvenir","Ancient Potion","Lantern","PowerPotion"],"campfire_rested":7,"item_purchase_floors":[3,36,36,45,54],"current_hp_per_floor":[49,48,48,46,46,67,77,37,37,27,27,27,51,50,50,9,63,63,56,56,56,56,81,71,67,67,56,56,44,44,22,47,13,68,68,68,53,50,50,75,75,86,86,50,50,52,42,44,86,43,17,73,73,73,56,0],"gold":110,"neow_bonus":"BOSS_RELIC","is_prod":false,"is_daily":false,"chose_seed":false,"campfire_upgraded":0,"win_rate":0,"timestamp":1564951512,"path_taken":["M","M","$","M","?","R","?","E","T","E","$","M","R","M","R","BOSS","M","?","?","?","?","R","?","M","T","E","?","E","?","E","R","BOSS","M","$","M","M","M","R","E","R","T","E","$","?","?","M","R","BOSS","BOSS","R","$","E","BOSS"],"build_version":"2019-07-17","purchased_purges":1,"victory":false,"max_hp_per_floor":[71,71,71,71,71,71,81,81,81,81,81,81,81,81,81,81,81,81,86,86,86,86,86,86,86,86,86,86,86,86,86,86,86,86,86,86,86,86,86,86,86,86,86,91,91,91,91,91,91,91,91,91,91,91,91,91],"card_choices":[{"not_picked":["Scrape","Barrage"],"picked":"Compile Driver","floor":1.0},{"not_picked":["Beam Cell","White Noise"],"picked":"Ball Lightning","floor":2.0},{"not_picked":["Reprogram","Sweeping Beam","Steam"],"picked":"SKIP","floor":4.0},{"not_picked":["Fission","Barrage"],"picked":"Core Surge","floor":8.0},{"not_picked":["Heatsinks","Hologram"],"picked":"Doom and Gloom+1","floor":10.0},{"not_picked":["Scrape+1","Gash+1"],"picked":"Compile Driver+1","floor":12.0},{"not_picked":["Stack","Force Field"],"picked":"Conserve Battery","floor":14.0},{"not_picked":["All For One+1","Amplify"],"picked":"Machine Learning","floor":16.0},{"not_picked":["Streamline+1","Aggregate","Redo"],"picked":"SKIP","floor":18.0},{"not_picked":["Redo","Steam"],"picked":"Ball Lightning+1","floor":19.0},{"not_picked":["Turbo","Barrage+1"],"picked":"Cold Snap+1","floor":24.0},{"not_picked":["Double Energy+1","Meteor Strike+1"],"picked":"Glacier","floor":25.0},{"not_picked":["Storm","Turbo"],"picked":"Melter+1","floor":27.0},{"not_picked":["Gash+1","Recycle"],"picked":"Coolheaded","floor":29.0},{"not_picked":["Double Energy","Streamline+1","Chill"],"picked":"SKIP","floor":31.0},{"not_picked":["Electrodynamics","Multi-Cast"],"picked":"Biased Cognition","floor":33.0},{"not_picked":["Conserve Battery","Compile Driver+1","Redo"],"picked":"SKIP","floor":35.0},{"not_picked":["Chill","Tempest+1","Static Discharge+1"],"picked":"SKIP","floor":37.0},{"not_picked":["Cold Snap+1","Reinforced Body"],"picked":"Skim+1","floor":38.0},{"not_picked":["Barrage+1","Static Discharge+1","Conserve Battery"],"picked":"SKIP","floor":39.0},{"not_picked":["Turbo","Storm"],"picked":"Go for the Eyes+1","floor":41.0},{"not_picked":["Barrage+1","Stack","Double Energy"],"picked":"SKIP","floor":44.0},{"not_picked":["Rebound+1","Fusion"],"picked":"Hologram+1","floor":46.0},{"not_picked":["Metamorphosis","Madness"],"picked":"Master of Strategy","floor":47.0},{"not_picked":["Go for the Eyes+1","Leap","Rebound+1"],"picked":"SKIP","floor":48.0},{"not_picked":["White Noise","Cold Snap+1","Reinforced Body"],"picked":"SKIP","floor":55.0}],"player_experience":1429215,"relics_obtained":[{"floor":7.0,"key":"Pear"},{"floor":8.0,"key":"Potion Belt"},{"floor":9.0,"key":"Molten Egg 2"},{"floor":10.0,"key":"Bag of Preparation"},{"floor":26.0,"key":"Tiny Chest"},{"floor":27.0,"key":"Vajra"},{"floor":29.0,"key":"Darkstone Periapt"},{"floor":31.0,"key":"Happy Flower"},{"floor":41.0,"key":"Mummified Hand"},{"floor":43.0,"key":"Regal Pillow"},{"floor":44.0,"key":"Blood Vial"},{"floor":46.0,"key":"Girya"},{"floor":55.0,"key":"Oddly Smooth Stone"}],"event_choices":[{"damage_healed":0.0,"max_hp_gain":0.0,"max_hp_loss":0.0,"gold_gain":0.0,"event_name":"Living Wall","player_choice":"Grow","floor":5.0,"gold_loss":0.0,"damage_taken":0.0,"cards_upgraded":["Zap"]},{"damage_healed":0.0,"max_hp_gain":0.0,"max_hp_loss":0.0,"gold_gain":0.0,"event_name":"Wheel of Change","player_choice":"Relic","floor":7.0,"gold_loss":0.0,"damage_taken":0.0},{"damage_healed":0.0,"max_hp_gain":0.0,"max_hp_loss":0.0,"gold_gain":0.0,"event_name":"Vampires","player_choice":"Ignored","floor":20.0,"gold_loss":0.0,"damage_taken":0.0},{"damage_healed":0.0,"max_hp_gain":0.0,"max_hp_loss":0.0,"gold_gain":0.0,"event_name":"The Library","player_choice":"Read","floor":21.0,"gold_loss":0.0,"damage_taken":0.0,"cards_obtained":["Beam Cell"]},{"damage_healed":0.0,"max_hp_gain":0.0,"max_hp_loss":0.0,"gold_gain":0.0,"event_name":"Back to Basics","player_choice":"Simplicity","floor":22.0,"gold_loss":0.0,"damage_taken":0.0,"cards_upgraded":["Strike_B","Defend_B","Defend_B","Defend_B"]},{"cards_removed":["Strike_B"],"damage_healed":0.0,"max_hp_gain":0.0,"max_hp_loss":0.0,"gold_gain":0.0,"event_name":"Beggar","player_choice":"Gave Gold","floor":28.0,"gold_loss":75.0,"damage_taken":0.0},{"damage_healed":0.0,"max_hp_gain":0.0,"max_hp_loss":0.0,"gold_gain":0.0,"event_name":"MindBloom","player_choice":"Fight","floor":46.0,"gold_loss":0.0,"damage_taken":0.0},{"damage_healed":0.0,"max_hp_gain":0.0,"max_hp_loss":0.0,"gold_gain":0.0,"event_name":"SensoryStone","player_choice":"Memory 3","floor":47.0,"gold_loss":0.0,"damage_taken":10.0}],"is_beta":false,"boss_relics":[{"not_picked":["Busted Crown","Calling Bell"],"picked":"Astrolabe"},{"not_picked":["Coffee Dripper","Tiny House"],"picked":"Philosopher\u0027s Stone"}],"items_purged_floors":[11],"is_endless":false,"potions_floor_spawned":[2,8,12,16,18,19,24,31,33,38,39,44,55],"killed_by":"The Heart","ascension_level":20}