{"gold_per_floor":[117,135,151,151,57,82,95,95,120,120],"floor_reached":10,"playtime":377,"items_purged":[],"score":136,"play_id":"d3cf118e-56e4-4a18-83d0-ae8d8a96516d","local_time":"20190706231717","is_ascension_mode":true,"campfire_choices":[{"data":"Neutralize","floor":8,"key":"SMITH"}],"neow_cost":"NONE","seed_source_timestamp":1393409020144400,"circlet_count":0,"master_deck":["AscendersBane","Strike_G","Strike_G","Strike_G","Strike_G","Strike_G","Defend_G","Defend_G","Defend_G","Defend_G","Survivor","Neutralize+1","Dagger Spray","Dagger Throw","PiercingWail","Crippling Poison","Noxious Fumes","Flying Knee"],"special_seed":0,"relics":["Ring of the Snake","Anchor","Dream Catcher"],"potions_floor_usage":[],"damage_taken":[{"damage":1.0,"enemies":"Cultist","floor":1.0,"turns":4.0},{"damage":7.0,"enemies":"Jaw Worm","floor":2.0,"turns":5.0},{"damage":1.0,"enemies":"Small Slimes","floor":3.0,"turns":4.0},{"damage":17.0,"enemies":"3 Sentries","floor":6.0,"turns":7.0},{"damage":9,"enemies":"Looter","floor":7,"turns":4},{"damage":32,"enemies":"Lagavulin","floor":10,"turns":8}],"seed_played":"6639413834355082746","potions_obtained":[{"floor":0.0,"key":"Fruit Juice"},{"floor":0.0,"key":"Fire Potion"},{"floor":0.0,"key":"Weak Potion"}],"is_trial":false,"path_per_floor":["M","M","M","?","$","E","M","R","T","E"],"character_chosen":"THE_SILENT","items_purchased":["Crippling Poison","Strength Potion"],"campfire_rested":0,"item_purchase_floors":[5,5],"current_hp_per_floor":[63,56,55,48,48,31,22,22,22,0],"gold":120,"neow_bonus":"THREE_SMALL_POTIONS","is_prod":false,"is_daily":false,"chose_seed":false,"campfire_upgraded":1,"win_rate":0,"timestamp":1562469437,"path_taken":["M","?","M","?","$","E","M","R","T","E"],"build_version":"2019-07-05","purchased_purges":0,"victory":false,"max_hp_per_floor":[71,71,71,71,71,71,71,71,71,71],"card_choices":[{"not_picked":["Sucker Punch","Heel Hook"],"picked":"Dagger Spray","floor":1.0},{"not_picked":["Calculated Gamble","Dodge and Roll"],"picked":"Dagger Throw","floor":2.0},{"not_picked":["Sucker Punch","Outmaneuver"],"picked":"PiercingWail","floor":3.0},{"not_picked":["Flying Knee","Poisoned Stab"],"picked":"Noxious Fumes","floor":6.0},{"not_picked":["Setup","Grand Finale"],"picked":"Flying Knee","floor":7}],"player_experience":1314258,"relics_obtained":[{"floor":6.0,"key":"Anchor"},{"floor":9,"key":"Dream Catcher"}],"event_choices":[{"cards_removed":["Defend_G"],"damage_healed":0.0,"max_hp_gain":0.0,"max_hp_loss":0.0,"gold_gain":0.0,"event_name":"Golden Wing","player_choice":"Card Removal","floor":4.0,"gold_loss":0.0,"damage_taken":7.0}],"is_beta":false,"boss_relics":[],"items_purged_floors":[],"is_endless":false,"potions_floor_spawned":[2,3],"killed_by":"Lagavulin","ascension_level":20}