{"gold_per_floor":[212,2,2,13,29,29,29,29,29,29,49,63,389,409,409,485,485,498,35,54,54,67,96,112,112,135,135,169,181,195,227,227,299,299,314,0,0,49,61,95,95,110,110,110,137,137,167,167,167,167,167,167,167,7,38,38],"floor_reached":56,"playtime":3308,"items_purged":[],"score":2180,"play_id":"fdbb32b2-e43b-49f8-8294-8abc5d1844ce","local_time":"20190804091337","is_ascension_mode":true,"campfire_choices":[{"data":"Dagger Spray","floor":6.0,"key":"SMITH"},{"data":"Predator","floor":8.0,"key":"SMITH"},{"floor":10.0,"key":"REST"},{"data":"Noxious Fumes","floor":15.0,"key":"SMITH"},{"data":"Glass Knife","floor":25.0,"key":"SMITH"},{"floor":27.0,"key":"REST"},{"data":"Cloak And Dagger","floor":32.0,"key":"SMITH"},{"data":"Adrenaline","floor":41.0,"key":"SMITH"},{"floor":44.0,"key":"RECALL"},{"data":"Night Terror","floor":46.0,"key":"SMITH"},{"floor":49.0,"key":"REST"},{"data":"Caltrops","floor":53.0,"key":"SMITH"}],"neow_cost":"NONE","seed_source_timestamp":655400250322900,"circlet_count":0,"master_deck":["AscendersBane","Strike_G","Strike_G+1","Strike_G","Strike_G+1","Strike_G","Defend_G+1","Defend_G","Defend_G","Defend_G","Defend_G","Survivor","Neutralize+1","Predator+1","Dagger Spray+1","Dagger Throw","Backstab+1","Noxious Fumes+1","Caltrops+1","Glass Knife+1","Tactician+1","Escape Plan","Dodge and Roll","Predator","Parasite","PiercingWail","Prepared+1","Cloak And Dagger+1","Night Terror+1","Doubt","Writhe","Riddle With Holes","Adrenaline+1","Regret","Shame","Corpse Explosion","Finesse","Dark Shackles"],"special_seed":0,"relics":["Ring of the Snake","Pen Nib","The Courier","Old Coin","Cursed Key","PreservedInsect","Ornamental Fan","Oddly Smooth Stone","Du-Vu Doll","Omamori","Gambling Chip","Bag of Preparation","Calling Bell","Ice Cream","Sundial","Art of War","Vajra","TwistedFunnel","Mango","Boot","Whetstone","Smiling Mask","Bottled Lightning"],"potions_floor_usage":[55,56,56],"damage_taken":[{"damage":9.0,"enemies":"Jaw Worm","floor":1.0,"turns":6.0},{"damage":0.0,"enemies":"Cultist","floor":4.0,"turns":3.0},{"damage":0.0,"enemies":"Small Slimes","floor":5.0,"turns":2.0},{"damage":0.0,"enemies":"Looter","floor":11.0,"turns":3.0},{"damage":0.0,"enemies":"3 Louse","floor":12.0,"turns":2.0},{"damage":17.0,"enemies":"3 Sentries","floor":13.0,"turns":6.0},{"damage":0.0,"enemies":"Blue Slaver","floor":14.0,"turns":5.0},{"damage":12.0,"enemies":"Hexaghost","floor":16.0,"turns":8.0},{"damage":6.0,"enemies":"3 Byrds","floor":18.0,"turns":3.0},{"damage":1.0,"enemies":"2 Thieves","floor":20.0,"turns":3.0},{"damage":5.0,"enemies":"Chosen and Byrds","floor":22.0,"turns":4.0},{"damage":8.0,"enemies":"Book of Stabbing","floor":23.0,"turns":2.0},{"damage":0.0,"enemies":"Centurion and Healer","floor":24.0,"turns":4.0},{"damage":0.0,"enemies":"Slavers","floor":28.0,"turns":1.0},{"damage":0.0,"enemies":"Cultist and Chosen","floor":29.0,"turns":4.0},{"damage":0.0,"enemies":"Sentry and Sphere","floor":30.0,"turns":2.0},{"damage":9.0,"enemies":"Book of Stabbing","floor":31.0,"turns":3.0},{"damage":41.0,"enemies":"Collector","floor":33.0,"turns":10.0},{"damage":0.0,"enemies":"3 Darklings","floor":35.0,"turns":6.0},{"damage":20.0,"enemies":"2 Orb Walkers","floor":38.0,"turns":4.0},{"damage":0.0,"enemies":"Orb Walker","floor":39.0,"turns":1.0},{"damage":7.0,"enemies":"Giant Head","floor":40.0,"turns":4.0},{"damage":0.0,"enemies":"3 Darklings","floor":42.0,"turns":2.0},{"damage":0.0,"enemies":"Reptomancer","floor":47.0,"turns":2.0},{"damage":14.0,"enemies":"Donu and Deca","floor":50.0,"turns":4.0},{"damage":60.0,"enemies":"Awakened One","floor":51.0,"turns":12.0},{"damage":29,"enemies":"Shield and Spear","floor":55,"turns":5},{"damage":31,"enemies":"The Heart","floor":56,"turns":2}],"seed_played":"4961891484891219131","potions_obtained":[{"floor":4.0,"key":"Poison Potion"},{"floor":11.0,"key":"Poison Potion"},{"floor":16.0,"key":"SpeedPotion"},{"floor":20.0,"key":"Weak Potion"},{"floor":22.0,"key":"FearPotion"},{"floor":28.0,"key":"Strength Potion"},{"floor":29.0,"key":"Fire Potion"},{"floor":30.0,"key":"Explosive Potion"},{"floor":35.0,"key":"Block Potion"},{"floor":40.0,"key":"GamblersBrew"},{"floor":42.0,"key":"Explosive Potion"},{"floor":47.0,"key":"Dexterity Potion"},{"floor":55,"key":"Swift Potion"}],"is_trial":false,"path_per_floor":["M","$","?","M","M","R","?","R","T","R","M","M","E","M","R","B",null,"M","$","M","?","M","E","M","R","T","R","E","M","M","E","R","B",null,"M","$","?","?","M","E","R","M","T","R","T","R","E","?","R","B","B",null,"R","$","E","B"],"character_chosen":"THE_SILENT","items_purchased":["Pen Nib","Dagger Spray","PreservedInsect","Ornamental Fan","Oddly Smooth Stone","Vajra","TwistedFunnel","Dark Shackles","Swift Potion","Dexterity Potion"],"campfire_rested":3,"item_purchase_floors":[2,2,19,19,19,36,36,54,54,54],"current_hp_per_floor":[50,50,50,50,50,50,30,30,30,49,49,49,32,32,32,20,55,49,49,48,48,43,35,35,35,35,54,54,54,54,45,45,4,51,51,51,64,58,58,51,51,51,51,51,51,51,51,51,75,61,1,60,60,60,31,0],"gold":38,"neow_bonus":"HUNDRED_GOLD","is_prod":false,"is_daily":false,"chose_seed":false,"campfire_upgraded":8,"win_rate":0,"timestamp":1564924417,"path_taken":["M","$","?","?","M","R","?","R","T","R","M","M","E","M","R","BOSS","M","$","M","?","M","E","M","R","T","R","E","M","M","E","R","BOSS","M","$","?","?","M","E","R","M","T","R","?","R","E","?","R","BOSS","BOSS","R","$","E","BOSS"],"build_version":"2019-07-17","purchased_purges":0,"victory":false,"max_hp_per_floor":[66,66,66,66,66,66,66,66,66,66,66,66,66,66,66,66,66,66,66,66,66,66,66,66,66,66,66,66,66,66,66,66,66,66,66,66,66,80,80,80,80,80,80,80,80,80,80,80,80,80,80,80,80,80,80,80],"card_choices":[{"not_picked":["Flying Knee","Backflip"],"picked":"Predator","floor":1.0},{"not_picked":["Acrobatics","Masterful Stab","Slice"],"picked":"SKIP","floor":4.0},{"not_picked":["Bane","Burst"],"picked":"Dagger Throw","floor":5.0},{"not_picked":["Heel Hook","Quick Slash"],"picked":"Backstab","floor":11.0},{"not_picked":["Underhanded Strike","Poisoned Stab"],"picked":"Noxious Fumes","floor":12.0},{"not_picked":["Dagger Throw","Reflex"],"picked":"Caltrops","floor":13.0},{"not_picked":["Prepared","Underhanded Strike","Sucker Punch"],"picked":"SKIP","floor":14.0},{"not_picked":["Grand Finale","Storm of Steel"],"picked":"Glass Knife","floor":16.0},{"not_picked":["Masterful Stab","Bouncing Flask","Deadly Poison"],"picked":"SKIP","floor":18.0},{"not_picked":["Blade Dance","Predator"],"picked":"Tactician+1","floor":20.0},{"not_picked":["Heel Hook","Poisoned Stab"],"picked":"Escape Plan","floor":22.0},{"not_picked":["Prepared","Masterful Stab"],"picked":"Dodge and Roll","floor":23.0},{"not_picked":["Dodge and Roll","Reflex"],"picked":"Predator","floor":24.0},{"not_picked":["Concentrate","Deflect"],"picked":"PiercingWail","floor":28.0},{"not_picked":["Catalyst+1","Blade Dance"],"picked":"Prepared+1","floor":29.0},{"not_picked":["Flying Knee","Outmaneuver","All Out Attack"],"picked":"SKIP","floor":30.0},{"not_picked":["Prepared","Calculated Gamble"],"picked":"Cloak And Dagger","floor":31.0},{"not_picked":["Unload","A Thousand Cuts"],"picked":"Night Terror","floor":33.0},{"not_picked":["Underhanded Strike+1","Blade Dance","Flying Knee"],"picked":"SKIP","floor":35.0},{"not_picked":["Blur","Outmaneuver+1"],"picked":"Riddle With Holes","floor":38.0},{"not_picked":["Flying Knee","Cloak And Dagger"],"picked":"Adrenaline","floor":39.0},{"not_picked":["Prepared","Accuracy","Tactician"],"picked":"SKIP","floor":40.0},{"not_picked":["Concentrate","Quick Slash","Riddle With Holes"],"picked":"SKIP","floor":42.0},{"not_picked":["Blade Dance","Underhanded Strike"],"picked":"Corpse Explosion","floor":47.0},{"not_picked":["Mind Blast","PanicButton"],"picked":"Finesse","floor":48.0},{"not_picked":["Dagger Throw","Skewer","Deflect"],"picked":"SKIP","floor":55}],"player_experience":1425907,"relics_obtained":[{"floor":9.0,"key":"The Courier"},{"floor":13.0,"key":"Old Coin"},{"floor":23.0,"key":"Du-Vu Doll"},{"floor":26.0,"key":"Omamori"},{"floor":28.0,"key":"Gambling Chip"},{"floor":31.0,"key":"Bag of Preparation"},{"floor":34.0,"key":"Ice Cream"},{"floor":34.0,"key":"Sundial"},{"floor":34.0,"key":"Art of War"},{"floor":38.0,"key":"Mango"},{"floor":40.0,"key":"Boot"},{"floor":45.0,"key":"Whetstone"},{"floor":47.0,"key":"Smiling Mask"},{"floor":55,"key":"Bottled Lightning"}],"event_choices":[{"damage_healed":0.0,"max_hp_gain":0.0,"max_hp_loss":0.0,"gold_gain":0.0,"event_name":"Accursed Blacksmith","player_choice":"Forge","floor":3.0,"gold_loss":0.0,"damage_taken":0.0,"cards_upgraded":["Neutralize"]},{"damage_healed":0.0,"max_hp_gain":0.0,"max_hp_loss":0.0,"gold_gain":0.0,"event_name":"Shining Light","player_choice":"Entered Light","floor":7.0,"gold_loss":0.0,"damage_taken":20.0,"cards_upgraded":["Defend_G","Strike_G"]},{"damage_healed":0.0,"max_hp_gain":0.0,"max_hp_loss":0.0,"gold_gain":0.0,"event_name":"Vampires","player_choice":"Ignored","floor":21.0,"gold_loss":0.0,"damage_taken":0.0},{"damage_healed":13.0,"max_hp_gain":0.0,"max_hp_loss":0.0,"gold_gain":0.0,"event_name":"Winding Halls","player_choice":"Writhe","floor":37.0,"gold_loss":0.0,"damage_taken":0.0,"cards_obtained":["Writhe"]},{"damage_healed":0.0,"max_hp_gain":0.0,"max_hp_loss":0.0,"gold_gain":0.0,"event_name":"Mysterious Sphere","player_choice":"Fight","floor":38.0,"gold_loss":0.0,"damage_taken":0.0},{"damage_healed":0.0,"max_hp_gain":0.0,"max_hp_loss":0.0,"gold_gain":0.0,"event_name":"SensoryStone","player_choice":"Memory 1","floor":48.0,"gold_loss":0.0,"damage_taken":0.0}],"is_beta":false,"boss_relics":[{"not_picked":["Eternal Feather","Ring of the Serpent"],"picked":"Cursed Key"},{"not_picked":["Pandora\u0027s Box","Orrery"],"picked":"Calling Bell"}],"items_purged_floors":[],"is_endless":false,"potions_floor_spawned":[4,11,12,13,16,20,22,28,29,30,35,40,42,47,55],"killed_by":"The Heart","ascension_level":20}