{"gold_per_floor":[109,109,119,18,38,38,38,68,93,109,142,159,159,186,186,281,281,299,299,318,338,96,130,130,140,140,140,157,157,256,256,256,354,354,366,366,383,394,42,42,76,76,151,168,168,186,186,213,213,213,213,213,1,26,26],"floor_reached":56,"playtime":4270,"items_purged":["Strike_G","Bite"],"score":1285,"play_id":"07ab6fdf-2916-429b-ade3-22c600c11360","local_time":"20190901191148","is_ascension_mode":false,"campfire_choices":[{"data":"Crippling Poison","floor":6,"key":"SMITH"},{"data":"Skewer","floor":13,"key":"SMITH"},{"data":"Night Terror","floor":15,"key":"SMITH"},{"data":"Well Laid Plans","floor":24,"key":"SMITH"},{"data":"Catalyst","floor":27,"key":"SMITH"},{"data":"Neutralize","floor":29,"key":"SMITH"},{"data":"Corpse Explosion","floor":32,"key":"SMITH"},{"data":"Tactician","floor":40,"key":"SMITH"},{"data":"Dodge and Roll","floor":45,"key":"SMITH"},{"floor":47,"key":"RECALL"},{"data":"Caltrops","floor":49,"key":"SMITH"},{"data":"Cloak And Dagger","floor":52,"key":"SMITH"}],"neow_cost":"NONE","seed_source_timestamp":1035988578894100,"circlet_count":0,"master_deck":["Defend_G","Defend_G+1","Defend_G","Defend_G","Defend_G","Survivor","Neutralize+1","Predator+1","Crippling Poison+1","Cloak And Dagger+1","Well Laid Plans+1","Dagger Throw","Dodge and Roll+1","Acrobatics","Skewer+1","Night Terror+1","Corpse Explosion+1","PiercingWail+1","Bite","Bite","Bite","Bite","Catalyst+1","Tactician+1","Prepared+1","Acrobatics+1","PiercingWail+1","Deadly Poison+1","Reflex+1","Good Instincts+1","Catalyst+1","Catalyst+1","Adrenaline+1","Caltrops+1","Backflip+1","Deflect+1","PiercingWail+1","Dash+1"],"relics":["Ring of the Snake","Oddly Smooth Stone","Art of War","Matryoshka","Strawberry","Omamori","Bronze Scales","Odd Mushroom","Philosopher\u0027s Stone","Toxic Egg 2","The Courier","Paper Crane","Orichalcum","Runic Pyramid","Medical Kit","Pen Nib","Dream Catcher","Bag of Preparation","Centennial Puzzle"],"potions_floor_usage":[14,23,55,55,55],"damage_taken":[{"damage":0,"enemies":"Cultist","floor":1,"turns":4},{"damage":0,"enemies":"Small Slimes","floor":3,"turns":2},{"damage":0,"enemies":"2 Louse","floor":5,"turns":2},{"damage":10,"enemies":"Gremlin Nob","floor":8,"turns":4},{"damage":4,"enemies":"2 Fungi Beasts","floor":10,"turns":4},{"damage":0,"enemies":"3 Sentries","floor":11,"turns":10},{"damage":0,"enemies":"Large Slime","floor":12,"turns":5},{"damage":0,"enemies":"The Mushroom Lair","floor":14,"turns":4},{"damage":26,"enemies":"Slime Boss","floor":16,"turns":10},{"damage":0,"enemies":"Chosen","floor":18,"turns":4},{"damage":0,"enemies":"Shell Parasite","floor":20,"turns":7},{"damage":0,"enemies":"Snake Plant","floor":21,"turns":3},{"damage":14,"enemies":"Slavers","floor":23,"turns":3},{"damage":0,"enemies":"Chosen and Byrds","floor":25,"turns":6},{"damage":0,"enemies":"Centurion and Healer","floor":28,"turns":4},{"damage":4,"enemies":"Automaton","floor":33,"turns":6},{"damage":0,"enemies":"3 Darklings","floor":35,"turns":3},{"damage":0,"enemies":"3 Shapes","floor":37,"turns":2},{"damage":0,"enemies":"Writhing Mass","floor":38,"turns":4},{"damage":27,"enemies":"Reptomancer","floor":41,"turns":10},{"damage":0,"enemies":"Sphere and 2 Shapes","floor":44,"turns":4},{"damage":0,"enemies":"4 Shapes","floor":46,"turns":2},{"damage":0,"enemies":"Nemesis","floor":48,"turns":5},{"damage":11,"enemies":"Awakened One","floor":50,"turns":17},{"damage":21,"enemies":"Shield and Spear","floor":54,"turns":4},{"damage":11,"enemies":"The Heart","floor":55,"turns":6}],"seed_played":"-2309237128604361633","potions_obtained":[{"floor":8,"key":"Energy Potion"},{"floor":11,"key":"SkillPotion"},{"floor":12,"key":"Poison Potion"},{"floor":21,"key":"SkillPotion"},{"floor":33,"key":"EssenceOfSteel"},{"floor":36,"key":"LiquidBronze"}],"is_trial":false,"path_per_floor":["M","?","M","$","M","R","?","E","T","M","E","M","R","?","R","B",null,"M","?","M","M","$","E","R","M","T","R","M","R","?","?","R","B",null,"M","?","M","M","$","R","E","?","T","M","R","M","R","E","R","B",null,"R","$","E","B",null],"character_chosen":"THE_SILENT","items_purchased":["Cloak And Dagger","Toxic Egg 2","Medical Kit","Reflex+1","Good Instincts+1","Backflip+1","Deflect+1","Bag of Preparation","PiercingWail+1"],"campfire_rested":0,"item_purchase_floors":[4,22,39,39,39,53,53,53,53],"current_hp_per_floor":[70,52,52,52,52,52,38,28,35,31,31,31,31,31,31,5,77,77,53,53,53,53,39,39,53,53,53,53,53,53,45,45,47,58,58,58,58,58,58,58,49,49,49,57,57,58,58,58,58,58,58,58,58,39,34],"gold":26,"neow_bonus":"RANDOM_COMMON_RELIC","is_prod":false,"is_daily":false,"chose_seed":false,"campfire_upgraded":11,"win_rate":1,"timestamp":1567332708,"path_taken":["M","?","M","$","M","R","?","E","T","M","E","M","R","?","R","BOSS","M","?","M","M","$","E","R","M","T","R","M","R","?","?","R","BOSS","M","?","M","?","$","R","E","?","T","M","R","M","R","E","R","BOSS","R","$","E","BOSS"],"build_version":"2019-07-17","purchased_purges":2,"victory":true,"max_hp_per_floor":[70,70,70,70,70,70,70,70,77,77,77,77,77,77,77,77,77,77,53,53,53,53,53,53,53,53,53,53,53,53,58,58,58,58,58,58,58,58,58,58,58,58,58,58,58,58,58,58,58,58,58,58,58,58,58],"card_choices":[{"not_picked":["PiercingWail","Masterful Stab"],"picked":"Predator","floor":1},{"not_picked":["Prepared","Outmaneuver"],"picked":"Crippling Poison","floor":3},{"not_picked":["Quick Slash","Bane"],"picked":"Well Laid Plans","floor":5},{"not_picked":["Storm of Steel","Backflip"],"picked":"Dagger Throw","floor":8},{"not_picked":["Sucker Punch","Prepared"],"picked":"Dodge and Roll","floor":10},{"not_picked":["Dodge and Roll","Outmaneuver"],"picked":"Acrobatics","floor":11},{"not_picked":["Infinite Blades","Riddle With Holes"],"picked":"Skewer","floor":12},{"not_picked":["Concentrate","Poisoned Stab"],"picked":"Night Terror","floor":14},{"not_picked":["Wraith Form v2","Night Terror"],"picked":"Corpse Explosion","floor":16},{"not_picked":["Backflip","Prepared"],"picked":"PiercingWail+1","floor":18},{"not_picked":["Escape Plan","Backflip"],"picked":"Catalyst","floor":20},{"not_picked":["Backstab","Predator+1"],"picked":"Tactician","floor":21},{"not_picked":["Endless Agony+1","Finisher","Well Laid Plans"],"picked":"SKIP","floor":23},{"not_picked":["Slice","Quick Slash"],"picked":"Prepared+1","floor":25},{"not_picked":["Dodge and Roll+1","Die Die Die"],"picked":"Noxious Fumes+1","floor":28},{"not_picked":["Flying Knee","Dagger Throw+1"],"picked":"Acrobatics+1","floor":35},{"not_picked":["Dagger Spray","Blade Dance+1"],"picked":"PiercingWail+1","floor":37},{"not_picked":["Expertise+1","Quick Slash"],"picked":"Deadly Poison+1","floor":38},{"not_picked":["Riddle With Holes","Bouncing Flask+1"],"picked":"Catalyst+1","floor":41},{"not_picked":["Backflip+1","Cloak And Dagger+1"],"picked":"Catalyst+1","floor":44},{"not_picked":["Quick Slash","Finisher"],"picked":"Adrenaline+1","floor":46},{"not_picked":["Dagger Spray","Quick Slash"],"picked":"Caltrops","floor":48},{"not_picked":["Envenom","Noxious Fumes"],"picked":"Dash+1","floor":54}],"player_experience":337424,"relics_obtained":[{"floor":8,"key":"Matryoshka"},{"floor":9,"key":"Strawberry"},{"floor":9,"key":"Omamori"},{"floor":11,"key":"Bronze Scales"},{"floor":14,"key":"Odd Mushroom"},{"floor":23,"key":"The Courier"},{"floor":26,"key":"Paper Crane"},{"floor":26,"key":"Orichalcum"},{"floor":41,"key":"Pen Nib"},{"floor":48,"key":"Dream Catcher"},{"floor":54,"key":"Centennial Puzzle"}],"event_choices":[{"damage_healed":0,"gold_gain":0,"player_choice":"Success","damage_taken":18,"relics_obtained":["Art of War"],"max_hp_gain":0,"max_hp_loss":0,"event_name":"Scrap Ooze","floor":2,"gold_loss":0},{"damage_healed":0,"gold_gain":0,"player_choice":"Entered Light","damage_taken":14,"max_hp_gain":0,"max_hp_loss":0,"event_name":"Shining Light","floor":7,"gold_loss":0,"cards_upgraded":["Defend_G","Predator"]},{"damage_healed":0,"gold_gain":0,"player_choice":"Fought Mushrooms","damage_taken":0,"max_hp_gain":0,"max_hp_loss":0,"event_name":"Mushrooms","floor":14,"gold_loss":0},{"damage_healed":0,"gold_gain":0,"player_choice":"Became a vampire","damage_taken":0,"max_hp_gain":0,"max_hp_loss":24,"event_name":"Vampires","floor":19,"gold_loss":0,"cards_obtained":["Bite","Bite","Bite","Bite","Bite"]},{"damage_healed":0,"gold_gain":99,"player_choice":"Stole From Cult","damage_taken":0,"max_hp_gain":0,"max_hp_loss":0,"event_name":"Nest","floor":30,"gold_loss":0},{"damage_healed":0,"gold_gain":0,"player_choice":"Shed Blood","damage_taken":13,"max_hp_gain":5,"max_hp_loss":0,"event_name":"Forgotten Altar","floor":31,"gold_loss":0},{"damage_healed":0,"gold_gain":0,"player_choice":"Got Potions","damage_taken":0,"max_hp_gain":0,"max_hp_loss":0,"event_name":"Lab","floor":36,"gold_loss":0},{"cards_removed":["Noxious Fumes"],"damage_healed":0,"gold_gain":0,"player_choice":"Removed Power","damage_taken":0,"max_hp_gain":0,"max_hp_loss":0,"event_name":"Falling","floor":42,"gold_loss":0}],"is_beta":false,"boss_relics":[{"not_picked":["White Beast Statue","Pandora\u0027s Box"],"picked":"Philosopher\u0027s Stone"},{"not_picked":["Runic Dome","Black Star"],"picked":"Runic Pyramid"}],"items_purged_floors":[4,39],"is_endless":false,"potions_floor_spawned":[8,11,12,21,33,37,44,46,54],"ascension_level":0}