{"gold_per_floor":[112,112,31,31,44,100,117,146,171,197,197,197,225,237,237,237],"floor_reached":16,"playtime":537,"items_purged":[],"score":356,"play_id":"eac22e9d-a9b4-4f77-9d8d-d2b753ee61d9","local_time":"20190828202227","is_ascension_mode":true,"campfire_choices":[{"floor":11,"key":"REST"},{"floor":15,"key":"REST"}],"neow_cost":"NONE","seed_source_timestamp":8318370055199,"circlet_count":0,"master_deck":["AscendersBane","Strike_G+1","Strike_G+1","Strike_G","Strike_G","Strike_G","Defend_G","Defend_G","Defend_G","Defend_G","Survivor","Neutralize","Blur","Bouncing Flask","Sucker Punch","Crippling Poison+1","Poisoned Stab","Dash","Dagger Throw","Predator","Noxious Fumes"],"relics":["Ring of the Snake","NeowsBlessing","Bag of Marbles","Tiny Chest","Dream Catcher","Centennial Puzzle","Whetstone","Omamori"],"potions_floor_usage":[10,13,16],"damage_taken":[{"damage":0,"enemies":"Small Slimes","floor":1,"turns":1},{"damage":0,"enemies":"Cultist","floor":5,"turns":1},{"damage":0,"enemies":"Gremlin Nob","floor":6,"turns":1},{"damage":5,"enemies":"Jaw Worm","floor":7,"turns":4},{"damage":18,"enemies":"Lagavulin","floor":8,"turns":6},{"damage":20,"enemies":"3 Sentries","floor":10,"turns":9},{"damage":0,"enemies":"Gremlin Nob","floor":13,"turns":3},{"damage":15,"enemies":"Large Slime","floor":14,"turns":7},{"damage":35,"enemies":"Slime Boss","floor":16,"turns":6}],"seed_played":"4592179530927280905","potions_obtained":[{"floor":5,"key":"Dexterity Potion"},{"floor":8,"key":"FearPotion"},{"floor":10,"key":"SteroidPotion"}],"is_trial":false,"path_per_floor":["M","?","$","?","M","E","M","E","T","E","R","?","E","M","R","B"],"character_chosen":"THE_SILENT","items_purchased":["Bouncing Flask"],"campfire_rested":2,"item_purchase_floors":[3],"current_hp_per_floor":[59,54,54,54,54,54,49,31,31,11,30,30,30,15,34,0],"gold":237,"neow_bonus":"THREE_ENEMY_KILL","is_prod":false,"is_daily":false,"chose_seed":false,"campfire_upgraded":0,"win_rate":0,"timestamp":1567038147,"path_taken":["M","?","$","?","?","E","M","E","T","E","R","?","E","M","R","BOSS"],"build_version":"2019-07-17","purchased_purges":0,"victory":false,"max_hp_per_floor":[66,66,66,66,66,66,66,66,66,66,66,66,66,66,66,66],"card_choices":[{"not_picked":["Backflip","Skewer"],"picked":"Blur","floor":1},{"not_picked":["Expertise","Dodge and Roll","Sucker Punch"],"picked":"SKIP","floor":5},{"not_picked":["Expertise","Dodge and Roll"],"picked":"Sucker Punch","floor":5},{"not_picked":["Backflip","Adrenaline"],"picked":"Crippling Poison","floor":6},{"not_picked":["Slice","Cloak And Dagger"],"picked":"Poisoned Stab","floor":7},{"not_picked":["Dodge and Roll","Terror"],"picked":"Dash","floor":8},{"not_picked":["Blade Dance","Blur"],"picked":"Dagger Throw","floor":10},{"not_picked":["Crippling Poison","Escape Plan"],"picked":"Predator","floor":11},{"not_picked":["Finisher","Heel Hook"],"picked":"Noxious Fumes","floor":13},{"not_picked":["Deflect","Blur","Deadly Poison"],"picked":"SKIP","floor":14}],"player_experience":1520382,"relics_obtained":[{"floor":6,"key":"Tiny Chest"},{"floor":8,"key":"Dream Catcher"},{"floor":9,"key":"Centennial Puzzle"},{"floor":10,"key":"Whetstone"},{"floor":13,"key":"Omamori"}],"event_choices":[{"damage_healed":0,"gold_gain":0,"player_choice":"Success","damage_taken":5,"relics_obtained":["Bag of Marbles"],"max_hp_gain":0,"max_hp_loss":0,"event_name":"Scrap Ooze","floor":2,"gold_loss":0},{"cards_removed":["Defend_G"],"damage_healed":0,"gold_gain":0,"player_choice":"Offered Basic","damage_taken":0,"max_hp_gain":0,"max_hp_loss":0,"event_name":"Bonfire Elementals","floor":4,"gold_loss":0},{"damage_healed":0,"gold_gain":0,"player_choice":"Grow","damage_taken":0,"max_hp_gain":0,"max_hp_loss":0,"event_name":"Living Wall","floor":12,"gold_loss":0,"cards_upgraded":["Crippling Poison"]}],"is_beta":false,"boss_relics":[],"items_purged_floors":[],"is_endless":false,"potions_floor_spawned":[5,8,10],"killed_by":"Slime Boss","ascension_level":20}