{"gold_per_floor":[110,36,36,53,53,53,83,103,103,103,118,142,160,177,177,254,254,271,271,271,271,283,283,299,316,316,316],"floor_reached":27,"playtime":1854,"items_purged":[],"score":398,"play_id":"25f8e1ca-eedc-4b4a-b799-836b0face439","local_time":"20190901120428","is_ascension_mode":true,"campfire_choices":[{"data":"Bash","floor":6,"key":"SMITH"},{"data":"Limit Break","floor":10,"key":"SMITH"},{"floor":15,"key":"REST"},{"floor":23,"key":"REST"}],"neow_cost":"PERCENT_DAMAGE","seed_source_timestamp":248494317496300,"circlet_count":0,"master_deck":["AscendersBane","Strike_R","Strike_R","Strike_R","Strike_R","Strike_R","Defend_R","Defend_R","Defend_R","Bash+1","Cleave","Flame Barrier","Intimidate","Limit Break+1","Heavy Blade","Battle Trance","Twin Strike","Brutality","Evolve","Decay","Heavy Blade+1","Shrug It Off"],"relics":["Burning Blood","Incense Burner","Vajra","Darkstone Periapt","Potion Belt","Sozu","Nilry\u0027s Codex","FaceOfCleric","Mummified Hand"],"potions_floor_usage":[13,16],"damage_taken":[{"damage":6,"enemies":"Small Slimes","floor":1,"turns":3},{"damage":0,"enemies":"2 Louse","floor":4,"turns":3},{"damage":42,"enemies":"Gremlin Nob","floor":7,"turns":5},{"damage":6,"enemies":"Cultist","floor":8,"turns":3},{"damage":12,"enemies":"Gremlin Gang","floor":11,"turns":5},{"damage":23,"enemies":"Exordium Thugs","floor":13,"turns":5},{"damage":11,"enemies":"Exordium Wildlife","floor":14,"turns":3},{"damage":18,"enemies":"Hexaghost","floor":16,"turns":9},{"damage":25,"enemies":"Shell Parasite","floor":18,"turns":4},{"damage":22,"enemies":"2 Thieves","floor":22,"turns":4},{"damage":27,"enemies":"Centurion and Healer","floor":24,"turns":5},{"damage":16,"enemies":"Snecko","floor":25,"turns":6},{"damage":11,"enemies":"Sentry and Sphere","floor":27,"turns":3}],"seed_played":"-3342057609420717280","potions_obtained":[{"floor":1,"key":"GamblersBrew"},{"floor":7,"key":"Ancient Potion"},{"floor":13,"key":"SteroidPotion"}],"is_trial":false,"path_per_floor":["M","$","?","M","?","R","E","M","T","R","M","T","M","M","R","B",null,"M","?","?","?","M","R","M","M","T","M"],"character_chosen":"IRONCLAD","items_purchased":["Flame Barrier"],"campfire_rested":2,"item_purchase_floors":[2],"current_hp_per_floor":[50,50,75,75,75,75,39,39,39,39,33,33,16,11,33,21,62,43,49,28,28,13,37,17,8,8,0],"gold":316,"neow_bonus":"ONE_RARE_RELIC","is_prod":false,"is_daily":false,"chose_seed":false,"campfire_upgraded":2,"win_rate":0,"timestamp":1567307068,"path_taken":["M","$","?","M","?","R","E","?","T","R","?","?","M","M","R","BOSS","M","?","?","?","M","R","M","?","T","M"],"build_version":"2019-07-17","purchased_purges":0,"victory":false,"max_hp_per_floor":[75,75,75,75,75,75,75,75,75,75,75,75,75,75,75,75,75,75,81,81,81,82,82,83,84,84,84],"card_choices":[{"not_picked":["Rage","Dropkick"],"picked":"Cleave","floor":1},{"not_picked":["Warcry","Dual Wield"],"picked":"Intimidate","floor":4},{"not_picked":["Thunderclap","Searing Blow"],"picked":"Limit Break","floor":7},{"not_picked":["Armaments","Entrench"],"picked":"Heavy Blade","floor":8},{"not_picked":["Reckless Charge","Warcry","Carnage"],"picked":"SKIP","floor":11},{"not_picked":["Havoc","Twin Strike"],"picked":"Battle Trance","floor":13},{"not_picked":["Barricade","Cleave"],"picked":"Twin Strike","floor":14},{"not_picked":["Offering","Exhume"],"picked":"Brutality","floor":16},{"not_picked":["Iron Wave","Burning Pact+1"],"picked":"Evolve","floor":18},{"not_picked":["Perfected Strike","Carnage"],"picked":"Heavy Blade+1","floor":22},{"not_picked":["Carnage","Pommel Strike+1","Rage"],"picked":"SKIP","floor":24},{"not_picked":["Flex","Infernal Blade"],"picked":"Shrug It Off","floor":25}],"player_experience":545658,"relics_obtained":[{"floor":7,"key":"Vajra"},{"floor":9,"key":"Darkstone Periapt"},{"floor":12,"key":"Potion Belt"},{"floor":20,"key":"Nilry\u0027s Codex"},{"floor":26,"key":"Mummified Hand"}],"event_choices":[{"damage_healed":25,"gold_gain":0,"player_choice":"Banana","damage_taken":0,"max_hp_gain":0,"max_hp_loss":0,"event_name":"Big Fish","floor":3,"gold_loss":0},{"cards_removed":["Defend_R"],"damage_healed":0,"gold_gain":0,"player_choice":"Offered Basic","damage_taken":0,"max_hp_gain":0,"max_hp_loss":0,"event_name":"Bonfire Elementals","floor":5,"gold_loss":0},{"damage_healed":0,"gold_gain":0,"player_choice":"Smashed Altar","damage_taken":0,"max_hp_gain":0,"max_hp_loss":0,"event_name":"Forgotten Altar","floor":19,"gold_loss":0,"cards_obtained":["Decay"]},{"damage_healed":0,"gold_gain":0,"player_choice":"Obtained Book","damage_taken":21,"max_hp_gain":0,"max_hp_loss":0,"event_name":"Cursed Tome","floor":20,"gold_loss":0},{"damage_healed":0,"gold_gain":0,"player_choice":"Trade","damage_taken":0,"relics_obtained":["FaceOfCleric"],"max_hp_gain":0,"max_hp_loss":0,"event_name":"FaceTrader","floor":21,"gold_loss":0}],"is_beta":false,"boss_relics":[{"not_picked":["Runic Pyramid","Runic Dome"],"picked":"Sozu"}],"items_purged_floors":[],"is_endless":false,"potions_floor_spawned":[1,7,11,13,24,25],"killed_by":"Sentry and Sphere","ascension_level":17}