{"gold_per_floor":[118,129,148,166,166,166,177,207,207,207,207,78,108,118,118,118],"floor_reached":16,"playtime":424,"items_purged":["Strike_B"],"score":224,"play_id":"ec2d83fc-8c26-4864-8bbc-86c4ce77b538","local_time":"20190830182452","is_ascension_mode":true,"campfire_choices":[{"data":"Genetic Algorithm","floor":6,"key":"SMITH"},{"floor":10,"key":"REST"},{"data":"Electrodynamics","floor":15,"key":"SMITH"}],"neow_cost":"NONE","seed_source_timestamp":125003100991500,"circlet_count":0,"master_deck":["AscendersBane","Strike_B","Strike_B","Strike_B","Defend_B","Defend_B+1","Defend_B+1","Zap","Dualcast","Go for the Eyes","Beam Cell","Cold Snap","Genetic Algorithm+1","Conserve Battery","Loop+1","Electrodynamics+1"],"relics":["Cracked Core","War Paint","Dream Catcher","Mango","Girya"],"potions_floor_usage":[8,14,16],"damage_taken":[{"damage":3,"enemies":"Cultist","floor":1,"turns":4},{"damage":0,"enemies":"2 Louse","floor":2,"turns":3},{"damage":0,"enemies":"Small Slimes","floor":3,"turns":2},{"damage":13,"enemies":"Exordium Thugs","floor":4,"turns":4},{"damage":5,"enemies":"Blue Slaver","floor":7,"turns":4},{"damage":30,"enemies":"Gremlin Nob","floor":8,"turns":4},{"damage":11,"enemies":"Lagavulin","floor":13,"turns":7},{"damage":5,"enemies":"Exordium Wildlife","floor":14,"turns":3},{"damage":41,"enemies":"Slime Boss","floor":16,"turns":6}],"seed_played":"4729712908408580318","potions_obtained":[{"floor":2,"key":"AttackPotion"},{"floor":8,"key":"SkillPotion"}],"is_trial":false,"path_per_floor":["M","M","M","M","?","R","M","E","T","R","?","$","E","M","R","B"],"character_chosen":"DEFECT","items_purchased":["Energy Potion"],"campfire_rested":1,"item_purchase_floors":[12],"current_hp_per_floor":[61,61,61,48,48,48,43,13,27,52,52,52,41,36,36,0],"gold":118,"neow_bonus":"RANDOM_COMMON_RELIC","is_prod":false,"is_daily":false,"chose_seed":false,"campfire_upgraded":2,"win_rate":0,"timestamp":1567203892,"path_taken":["M","?","M","M","?","R","?","E","T","R","?","$","E","M","R","BOSS"],"build_version":"2019-08-26","purchased_purges":1,"victory":false,"max_hp_per_floor":[71,71,71,71,71,71,71,71,85,85,85,85,85,85,85,85],"card_choices":[{"not_picked":["Stack","Redo"],"picked":"Go for the Eyes","floor":1},{"not_picked":["Force Field","Reprogram"],"picked":"Beam Cell","floor":2},{"not_picked":["Steam","Turbo"],"picked":"Cold Snap","floor":3},{"not_picked":["Darkness","Scrape"],"picked":"Genetic Algorithm","floor":4},{"not_picked":["Redo","Turbo"],"picked":"Conserve Battery","floor":7},{"not_picked":["Skim","Redo","Blizzard"],"picked":"SKIP","floor":8},{"not_picked":["Sweeping Beam","Hello World"],"picked":"Loop","floor":10},{"not_picked":["Auto Shields","Leap"],"picked":"Electrodynamics","floor":13},{"not_picked":["Go for the Eyes","Leap","Conserve Battery"],"picked":"SKIP","floor":14}],"player_experience":819387,"relics_obtained":[{"floor":8,"key":"Dream Catcher"},{"floor":9,"key":"Mango"},{"floor":13,"key":"Girya"}],"event_choices":[{"cards_removed":["Defend_B"],"damage_healed":0,"gold_gain":0,"player_choice":"Purged","damage_taken":0,"max_hp_gain":0,"max_hp_loss":0,"event_name":"Purifier","floor":5,"gold_loss":0},{"damage_healed":0,"gold_gain":0,"player_choice":"Forge","damage_taken":0,"max_hp_gain":0,"max_hp_loss":0,"event_name":"Accursed Blacksmith","floor":11,"gold_loss":0,"cards_upgraded":["Loop"]}],"is_beta":true,"boss_relics":[],"items_purged_floors":[12],"is_endless":false,"potions_floor_spawned":[2,8,13],"killed_by":"Slime Boss","ascension_level":20}