{"gold_per_floor":[111,111,126,5,15,15,90,105,105,115,115,215,230,262,262,365,365,377,397,409,109,121,121,153,153,153,165,198,210,222,247,259,368,380,402,689,719,144,156,156,172,184,184,284,4,33,33,50,50,50],"floor_reached":51,"playtime":3262,"items_purged":["Strike_B","Regret","Defend_B"],"score":871,"play_id":"66b80dcf-ca30-4517-9a66-13bcd4943770","local_time":"20190831072613","is_ascension_mode":false,"campfire_choices":[{"data":"Sunder","floor":6,"key":"SMITH"},{"data":"Zap","floor":11,"key":"SMITH"},{"data":"Thunder Strike","floor":15,"key":"SMITH"},{"data":"Electrodynamics","floor":23,"key":"SMITH"},{"floor":25,"key":"REST"},{"data":"Defragment","floor":29,"key":"SMITH"},{"data":"Heatsinks","floor":32,"key":"SMITH"},{"data":"Amplify","floor":40,"key":"SMITH"},{"floor":47,"key":"REST"},{"data":"Static Discharge","floor":49,"key":"SMITH"}],"neow_cost":"NONE","seed_source_timestamp":908275948771000,"circlet_count":0,"master_deck":["Defend_B","Zap+1","Dualcast","Sunder+1","Reinforced Body","Glacier","Gash","Go for the Eyes","Compile Driver","Thunder Strike+1","Rebound","Genetic Algorithm","Electrodynamics+1","Barrage+1","Static Discharge+1","Force Field+1","Defragment+1","Compile Driver","Scrape","Leap+1","Heatsinks+1","Creative AI","White Noise","Amplify+1","Glacier+1","Turbo+1","Conserve Battery+1","Undo","Turbo+1","Stack+1","White Noise","Darkness","Storm","Storm","Scrape+1"],"relics":["Cracked Core","Cables","Bottled Flame","Snecko Eye","Oddly Smooth Stone","Lantern","Mummified Hand","MawBank","Astrolabe","Runic Capacitor","Sundial","Boot","Emotion Chip","Pocketwatch"],"potions_floor_usage":[14,18,20,28,44,50,50,50],"damage_taken":[{"damage":0,"enemies":"2 Louse","floor":1,"turns":2},{"damage":1,"enemies":"Cultist","floor":3,"turns":4},{"damage":0,"enemies":"Jaw Worm","floor":5,"turns":3},{"damage":0,"enemies":"2 Fungi Beasts","floor":8,"turns":3},{"damage":1,"enemies":"Gremlin Gang","floor":10,"turns":6},{"damage":0,"enemies":"Large Slime","floor":13,"turns":4},{"damage":0,"enemies":"3 Sentries","floor":14,"turns":4},{"damage":25,"enemies":"Hexaghost","floor":16,"turns":11},{"damage":0,"enemies":"2 Thieves","floor":18,"turns":3},{"damage":0,"enemies":"Shell Parasite","floor":19,"turns":4},{"damage":8,"enemies":"Shelled Parasite and Fungi","floor":20,"turns":3},{"damage":0,"enemies":"Snecko","floor":22,"turns":4},{"damage":36,"enemies":"Book of Stabbing","floor":24,"turns":4},{"damage":0,"enemies":"Centurion and Healer","floor":27,"turns":3},{"damage":0,"enemies":"Slavers","floor":28,"turns":3},{"damage":2,"enemies":"Sentry and Sphere","floor":31,"turns":4},{"damage":0,"enemies":"Automaton","floor":33,"turns":7},{"damage":0,"enemies":"3 Shapes","floor":35,"turns":2},{"damage":7,"enemies":"Orb Walker","floor":37,"turns":2},{"damage":0,"enemies":"4 Shapes","floor":39,"turns":3},{"damage":0,"enemies":"3 Darklings","floor":41,"turns":2},{"damage":0,"enemies":"Maw","floor":42,"turns":5},{"damage":10,"enemies":"Mind Bloom Boss Battle","floor":44,"turns":6},{"damage":0,"enemies":"Giant Head","floor":46,"turns":4},{"damage":0,"enemies":"Transient","floor":48,"turns":5},{"damage":17,"enemies":"Awakened One","floor":50,"turns":7}],"seed_played":"8686564632430754541","potions_obtained":[{"floor":1,"key":"Swift Potion"},{"floor":3,"key":"GamblersBrew"},{"floor":13,"key":"Explosive Potion"},{"floor":19,"key":"EssenceOfSteel"},{"floor":24,"key":"Fire Potion"},{"floor":27,"key":"GamblersBrew"},{"floor":31,"key":"Weak Potion"},{"floor":33,"key":"Ancient Potion"}],"is_trial":false,"path_per_floor":["M","?","M","$","M","R","?","M","T","M","R","?","M","E","R","B",null,"M","M","M","$","M","R","E","R","T","M","E","R","?","M","R","B",null,"M","?","M","$","M","R","M","M","T","?","$","E","R","M","R","B",null],"character_chosen":"DEFECT","items_purchased":["Glacier","Gash","Oddly Smooth Stone","Defragment","Runic Capacitor","Sundial","SpeedPotion","Storm","EssenceOfSteel"],"campfire_rested":2,"item_purchase_floors":[4,4,21,21,38,38,38,45,45],"current_hp_per_floor":[75,75,74,74,74,74,63,63,63,62,62,62,62,62,62,37,75,75,75,67,67,67,67,31,53,53,53,53,53,53,51,51,51,75,75,75,68,68,68,68,68,68,68,58,58,58,75,75,75,58],"gold":50,"neow_bonus":"REMOVE_CARD","is_prod":false,"is_daily":false,"chose_seed":false,"campfire_upgraded":8,"win_rate":0,"timestamp":1567203973,"path_taken":["M","?","M","?","M","R","?","M","T","M","R","?","M","E","R","BOSS","M","M","?","$","M","R","E","R","T","M","E","R","?","M","R","BOSS","M","?","M","$","M","R","M","?","T","?","?","E","R","M","R","BOSS"],"build_version":"2019-07-17","purchased_purges":3,"victory":true,"max_hp_per_floor":[75,75,75,75,75,75,75,75,75,75,75,75,75,75,75,75,75,75,75,75,75,75,75,75,75,75,75,75,75,75,75,75,75,75,75,75,75,75,75,75,75,75,75,75,75,75,75,75,75,75],"card_choices":[{"not_picked":["Compile Driver","Sweeping Beam"],"picked":"Sunder","floor":1},{"not_picked":["Rebound","Steam"],"picked":"Reinforced Body","floor":3},{"not_picked":["Stack","Scrape"],"picked":"Go for the Eyes","floor":5},{"not_picked":["Blizzard","Rebound"],"picked":"Compile Driver","floor":8},{"not_picked":["Turbo","Leap"],"picked":"Thunder Strike","floor":10},{"not_picked":["Turbo","Sweeping Beam"],"picked":"Rebound","floor":13},{"not_picked":["Thunder Strike","Go for the Eyes"],"picked":"Genetic Algorithm","floor":14},{"not_picked":["Reboot","Hyperbeam"],"picked":"Electrodynamics","floor":16},{"not_picked":["Storm","Stack"],"picked":"Barrage+1","floor":18},{"not_picked":["Leap","FTL"],"picked":"Static Discharge","floor":19},{"not_picked":["Cold Snap","Turbo+1"],"picked":"Force Field+1","floor":20},{"not_picked":["Barrage","Cold Snap"],"picked":"Compile Driver","floor":22},{"not_picked":["Chill","Hello World"],"picked":"Scrape","floor":24},{"not_picked":["Blizzard","Darkness"],"picked":"Leap+1","floor":27},{"not_picked":["Redo+1","Conserve Battery"],"picked":"Heatsinks","floor":28},{"not_picked":["Gash","BootSequence"],"picked":"White Noise","floor":31},{"not_picked":["All For One","Core Surge"],"picked":"Amplify","floor":33},{"not_picked":["Redo","Beam Cell+1"],"picked":"Undo","floor":35},{"not_picked":["Skim","Tempest"],"picked":"Turbo+1","floor":37},{"not_picked":["Gash","Conserve Battery"],"picked":"Stack+1","floor":39},{"not_picked":["Go for the Eyes","Hello World+1"],"picked":"White Noise","floor":41},{"not_picked":["Cold Snap","Compile Driver"],"picked":"Darkness","floor":42},{"not_picked":["Redo","Stack+1"],"picked":"Storm","floor":44},{"not_picked":["Go for the Eyes+1","Blizzard+1"],"picked":"Scrape+1","floor":46},{"not_picked":["Gash+1","Chill","Steam"],"picked":"SKIP","floor":48}],"player_experience":302760,"relics_obtained":[{"floor":9,"key":"Cables"},{"floor":14,"key":"Bottled Flame"},{"floor":24,"key":"Lantern"},{"floor":26,"key":"Mummified Hand"},{"floor":28,"key":"MawBank"},{"floor":43,"key":"Boot"},{"floor":44,"key":"Emotion Chip"},{"floor":46,"key":"Pocketwatch"}],"event_choices":[{"cards_removed":["Strike_B"],"damage_healed":0,"gold_gain":0,"player_choice":"Offered Basic","damage_taken":0,"max_hp_gain":0,"max_hp_loss":0,"event_name":"Bonfire Elementals","floor":2,"gold_loss":0},{"damage_healed":0,"gold_gain":75,"player_choice":"Gather Gold","damage_taken":11,"max_hp_gain":0,"max_hp_loss":0,"event_name":"World of Goop","floor":7,"gold_loss":0},{"damage_healed":0,"gold_gain":100,"player_choice":"Gold","damage_taken":0,"max_hp_gain":0,"max_hp_loss":0,"event_name":"Wheel of Change","floor":12,"gold_loss":0},{"damage_healed":0,"gold_gain":0,"player_choice":"Read","damage_taken":0,"max_hp_gain":0,"max_hp_loss":0,"event_name":"The Library","floor":30,"gold_loss":0,"cards_obtained":["Creative AI"]},{"damage_healed":0,"gold_gain":275,"player_choice":"Desecrate","damage_taken":0,"max_hp_gain":0,"max_hp_loss":0,"event_name":"Golden Shrine","floor":36,"gold_loss":0,"cards_obtained":["Regret"]},{"damage_healed":0,"gold_gain":0,"player_choice":"Fight","damage_taken":0,"max_hp_gain":0,"max_hp_loss":0,"event_name":"MindBloom","floor":44,"gold_loss":0}],"is_beta":false,"boss_relics":[{"not_picked":["FrozenCore","Orrery"],"picked":"Snecko Eye"},{"not_picked":["Busted Crown","Nuclear Battery"],"picked":"Astrolabe"}],"items_purged_floors":[21,38,45],"is_endless":false,"potions_floor_spawned":[1,3,13,19,24,27,31,33,41,42],"ascension_level":0}