{"gold_per_floor":[113,188,206,217,236,236,256,256,310,310,340,357,382,392,392,490,490,510,525,435,450,463,463,239,239,291,301,312,312,346,362,362,457,457,471,471,520,540,552,587,587,606,675,527,553,565,595,150,150,150],"floor_reached":51,"playtime":2644,"items_purged":["Strike_R","Strike_R","Strike_R"],"score":858,"play_id":"0510eb3d-24c2-4e55-811d-d44935316b54","local_time":"20190721215624","is_ascension_mode":false,"campfire_choices":[{"data":"Body Slam","floor":6.0,"key":"SMITH"},{"data":"Dual Wield","floor":8.0,"key":"SMITH"},{"data":"Clash","floor":10.0,"key":"SMITH"},{"data":"True Grit","floor":15.0,"key":"SMITH"},{"data":"Barricade","floor":23,"key":"SMITH"},{"data":"True Grit","floor":25,"key":"SMITH"},{"data":"Flame Barrier","floor":29,"key":"SMITH"},{"floor":32,"key":"REST"},{"floor":41,"key":"REST"},{"floor":49,"key":"REST"}],"neow_cost":"NONE","seed_source_timestamp":145195349753800,"circlet_count":0,"master_deck":["Strike_R","Defend_R+1","Defend_R","Defend_R","Defend_R","Bash+1","Body Slam+1","Dual Wield+1","Clash+1","Burning Pact","Spot Weakness+1","True Grit+1","True Grit+1","Barricade+1","True Grit+1","Flame Barrier+1","Headbutt+1","Ghostly Armor","Impervious","Evolve+1","Madness","Madness","Warcry+1","Flame Barrier+1","Inflame","Feel No Pain","Feel No Pain","Warcry"],"special_seed":0,"relics":["Black Blood","Tiny Chest","Odd Mushroom","Bronze Scales","Runic Dome","Bag of Preparation","Happy Flower","Boot","Thread and Needle","War Paint","Mummified Hand","Ancient Tea Set","Shuriken","DollysMirror"],"potions_floor_usage":[22,28,40,42,50,50,50],"damage_taken":[{"damage":5.0,"enemies":"Small Slimes","floor":1.0,"turns":6.0},{"damage":1.0,"enemies":"Jaw Worm","floor":3.0,"turns":3.0},{"damage":6.0,"enemies":"Cultist","floor":4.0,"turns":4.0},{"damage":5.0,"enemies":"Looter","floor":5.0,"turns":3.0},{"damage":2.0,"enemies":"3 Louse","floor":7.0,"turns":3.0},{"damage":11.0,"enemies":"The Mushroom Lair","floor":11.0,"turns":3.0},{"damage":0.0,"enemies":"Exordium Wildlife","floor":12.0,"turns":3.0},{"damage":29.0,"enemies":"3 Sentries","floor":13.0,"turns":7.0},{"damage":5.0,"enemies":"Exordium Thugs","floor":14.0,"turns":3.0},{"damage":24.0,"enemies":"The Guardian","floor":16.0,"turns":8.0},{"damage":18,"enemies":"3 Byrds","floor":18,"turns":3},{"damage":3,"enemies":"Chosen","floor":19,"turns":3},{"damage":10,"enemies":"Snecko","floor":21,"turns":4},{"damage":22,"enemies":"Snake Plant","floor":22,"turns":3},{"damage":7,"enemies":"Chosen and Byrds","floor":27,"turns":6},{"damage":0,"enemies":"Snecko","floor":28,"turns":3},{"damage":27,"enemies":"Gremlin Leader","floor":30,"turns":3},{"damage":14,"enemies":"Sentry and Sphere","floor":31,"turns":4},{"damage":0,"enemies":"Automaton","floor":33,"turns":8},{"damage":0,"enemies":"Orb Walker","floor":35,"turns":3},{"damage":30,"enemies":"2 Orb Walkers","floor":37,"turns":6},{"damage":5,"enemies":"3 Shapes","floor":38,"turns":6},{"damage":9,"enemies":"Maw","floor":39,"turns":6},{"damage":46,"enemies":"Nemesis","floor":40,"turns":7},{"damage":2,"enemies":"Spire Growth","floor":42,"turns":9},{"damage":3,"enemies":"4 Shapes","floor":46,"turns":3},{"damage":29,"enemies":"Reptomancer","floor":47,"turns":9},{"damage":0,"enemies":"Donu and Deca","floor":50,"turns":11}],"seed_played":"-4125876472227771212","potions_obtained":[{"floor":1.0,"key":"Explosive Potion"},{"floor":4.0,"key":"SpeedPotion"},{"floor":5.0,"key":"Weak Potion"},{"floor":13.0,"key":"Poison Potion"},{"floor":19,"key":"Regen Potion"},{"floor":27,"key":"Dexterity Potion"},{"floor":31,"key":"Weak Potion"},{"floor":40,"key":"Weak Potion"},{"floor":42,"key":"Block Potion"}],"is_trial":false,"path_per_floor":["M","?","M","M","M","R","M","R","T","R","?","M","E","M","R","B",null,"M","M","?","M","M","R","$","R","T","M","M","R","E","M","R","B",null,"M","?","?","M","M","E","R","M","T","$","T","M","E","$","R","B",null],"character_chosen":"IRONCLAD","items_purchased":["Bag of Preparation","Dexterity Potion","Feel No Pain","DollysMirror","Warcry"],"campfire_rested":3,"item_purchase_floors":[24,44,48,48,48],"current_hp_per_floor":[80,69,74,74,75,75,79,79,79,79,74,80,57,58,58,40,80,68,71,71,67,60,60,60,60,60,59,65,65,44,36,60,66,80,80,70,50,55,56,20,44,52,52,52,52,59,40,40,64,74],"gold":150,"neow_bonus":"THREE_CARDS","is_prod":false,"is_daily":false,"chose_seed":false,"campfire_upgraded":7,"win_rate":1,"timestamp":1563713784,"path_taken":["M","?","M","M","M","R","M","R","T","R","?","M","E","M","R","BOSS","M","M","?","M","?","R","$","R","T","M","M","R","E","M","R","BOSS","M","?","?","M","M","E","R","M","T","$","?","?","E","$","R","BOSS"],"build_version":"2019-07-17","purchased_purges":3,"victory":true,"max_hp_per_floor":[80,80,80,80,80,80,80,80,80,80,80,80,80,80,80,80,80,80,80,80,80,80,80,80,80,80,80,80,80,80,80,80,80,80,80,80,80,80,80,80,80,80,80,80,80,80,80,80,80,80],"card_choices":[{"not_picked":["Entrench","Havoc"],"picked":"Body Slam","floor":0.0},{"not_picked":["Feel No Pain","Corruption"],"picked":"Dual Wield","floor":1.0},{"not_picked":["Havoc","Body Slam","Fire Breathing"],"picked":"SKIP","floor":3.0},{"not_picked":["Feel No Pain","Uppercut"],"picked":"Clash","floor":4.0},{"not_picked":["Wild Strike","Warcry"],"picked":"Burning Pact","floor":5.0},{"not_picked":["Perfected Strike","Twin Strike","Wild Strike"],"picked":"SKIP","floor":7.0},{"not_picked":["Twin Strike","Havoc"],"picked":"Spot Weakness","floor":11.0},{"not_picked":["Exhume","Searing Blow","Havoc"],"picked":"SKIP","floor":12.0},{"not_picked":["Corruption","Twin Strike"],"picked":"True Grit","floor":13.0},{"not_picked":["Anger","Seeing Red"],"picked":"True Grit","floor":14.0},{"not_picked":["Reaper","Demon Form"],"picked":"Barricade","floor":16.0},{"not_picked":["Cleave","Blood for Blood"],"picked":"True Grit+1","floor":18},{"not_picked":["Heavy Blade","Infernal Blade","Armaments"],"picked":"SKIP","floor":19},{"not_picked":["Intimidate+1","Perfected Strike","True Grit"],"picked":"SKIP","floor":21},{"not_picked":["Wild Strike","True Grit","Twin Strike+1"],"picked":"SKIP","floor":22},{"not_picked":["Clothesline","Havoc","Thunderclap"],"picked":"SKIP","floor":27},{"not_picked":["Sword Boomerang","Body Slam"],"picked":"Flame Barrier","floor":28},{"not_picked":["Clothesline","Dropkick"],"picked":"Headbutt+1","floor":30},{"not_picked":["Anger","Pummel"],"picked":"Ghostly Armor","floor":31},{"not_picked":["Fiend Fire","Dark Embrace"],"picked":"Impervious","floor":33},{"not_picked":["True Grit+1","Sword Boomerang+1"],"picked":"Evolve+1","floor":35},{"not_picked":["Wild Strike","Perfected Strike"],"picked":"Warcry+1","floor":38},{"not_picked":["Sever Soul","Searing Blow","Thunderclap+1"],"picked":"SKIP","floor":39},{"not_picked":["Inflame+1","Sentinel+1"],"picked":"Flame Barrier+1","floor":40},{"not_picked":["Heavy Blade","Sword Boomerang","Carnage+1"],"picked":"SKIP","floor":42},{"not_picked":["Immolate","Body Slam+1"],"picked":"Inflame","floor":46},{"not_picked":["Iron Wave+1","Rampage","Intimidate"],"picked":"SKIP","floor":47}],"player_experience":104304,"relics_obtained":[{"floor":9.0,"key":"Tiny Chest"},{"floor":11.0,"key":"Odd Mushroom"},{"floor":13.0,"key":"Bronze Scales"},{"floor":26,"key":"Happy Flower"},{"floor":30,"key":"Boot"},{"floor":37,"key":"Thread and Needle"},{"floor":40,"key":"War Paint"},{"floor":43,"key":"Mummified Hand"},{"floor":45,"key":"Ancient Tea Set"},{"floor":47,"key":"Shuriken"}],"event_choices":[{"damage_healed":0.0,"max_hp_gain":0.0,"max_hp_loss":0.0,"gold_gain":75.0,"event_name":"World of Goop","player_choice":"Gather Gold","floor":2.0,"gold_loss":0.0,"damage_taken":11.0},{"damage_healed":0.0,"max_hp_gain":0.0,"max_hp_loss":0.0,"gold_gain":0.0,"event_name":"Mushrooms","player_choice":"Fought Mushrooms","floor":11.0,"gold_loss":0.0,"damage_taken":0.0},{"cards_removed":["Strike_R"],"damage_healed":0,"gold_gain":0,"player_choice":"Upgrade and Remove","damage_taken":0,"max_hp_gain":0,"max_hp_loss":0,"event_name":"Designer","floor":20,"gold_loss":90,"cards_upgraded":["Bash"]},{"damage_healed":0,"gold_gain":0,"player_choice":"Embrace Madness","damage_taken":10,"max_hp_gain":0,"max_hp_loss":0,"event_name":"Winding Halls","floor":36,"gold_loss":0,"cards_obtained":["Madness","Madness"]},{"damage_healed":0,"gold_gain":0,"player_choice":"Fight","damage_taken":0,"max_hp_gain":0,"max_hp_loss":0,"event_name":"Mysterious Sphere","floor":37,"gold_loss":0}],"is_beta":false,"boss_relics":[{"not_picked":["Lizard Tail","Tiny House"],"picked":"Runic Dome"},{"not_picked":["White Beast Statue","Eternal Feather"],"picked":"Black Blood"}],"items_purged_floors":[24,44,48],"is_endless":false,"potions_floor_spawned":[1,4,5,13,19,21,27,31,37,40,42,47],"ascension_level":0}