{"gold_per_floor":[115,115,131,146,163,163,173,56,106,106,139,152,152,184,184,256,256,266,239,6,21,46,46,72,72,156,156,167,167,0,33,33,105,155,172,394,1393,1393,1410,1410,724,742,768,787,787,807,807,827,827,827,827],"floor_reached":52,"playtime":3179,"items_purged":["Strike_R","Normality"],"score":1879,"play_id":"ac402f01-2409-466f-ae64-a862b84788ee","local_time":"20190614203124","is_ascension_mode":true,"campfire_choices":[{"data":"Bash","floor":6.0,"key":"SMITH"},{"data":"Armaments","floor":10.0,"key":"SMITH"},{"data":"Battle Trance","floor":13.0,"key":"SMITH"},{"floor":15.0,"key":"REST"},{"data":"Shockwave","floor":23,"key":"SMITH"},{"data":"Feel No Pain","floor":25,"key":"SMITH"},{"data":"Disarm","floor":29,"key":"SMITH"},{"data":"Feel No Pain","floor":32,"key":"SMITH"},{"data":"Dual Wield","floor":40,"key":"SMITH"},{"data":"Battle Trance","floor":45,"key":"SMITH"},{"data":"Flame Barrier","floor":49,"key":"SMITH"}],"neow_cost":"NONE","seed_source_timestamp":33932138304000,"circlet_count":0,"master_deck":["AscendersBane","Strike_R+1","Strike_R+1","Strike_R+1","Defend_R+1","Defend_R+1","Defend_R+1","Defend_R+1","Bash+1","Armaments+1","Body Slam","Disarm+1","Havoc","Battle Trance+1","Feel No Pain+1","Spot Weakness+1","Feel No Pain+1","Twin Strike","Feed","Reaper","Shrug It Off","Shockwave+1","Fiend Fire","Perfected Strike+1","Perfected Strike","Sword Boomerang","Flame Barrier+1","Demon Form+1","Second Wind","Normality","Dual Wield+1","Battle Trance+1","Battle Trance","Feel No Pain+1","Heavy Blade"],"special_seed":0,"relics":["Burning Blood","NeowsBlessing","NlothsMask","Bottled Lightning","Happy Flower","Snecko Eye","War Paint","Red Mask","Gremlin Horn","Tiny Chest","The Courier","Tiny House","PreservedInsect","Turnip","Mango","Ancient Tea Set"],"potions_floor_usage":[18,30,33,51,51],"damage_taken":[{"damage":0.0,"enemies":"Small Slimes","floor":1.0,"turns":1.0},{"damage":0.0,"enemies":"Cultist","floor":3.0,"turns":1.0},{"damage":0.0,"enemies":"2 Louse","floor":4.0,"turns":1.0},{"damage":5.0,"enemies":"2 Fungi Beasts","floor":5.0,"turns":5.0},{"damage":31.0,"enemies":"Exordium Wildlife","floor":7.0,"turns":8.0},{"damage":23.0,"enemies":"Lagavulin","floor":11.0,"turns":8.0},{"damage":9.0,"enemies":"Blue Slaver","floor":12.0,"turns":6.0},{"damage":35.0,"enemies":"Gremlin Nob","floor":14.0,"turns":4.0},{"damage":16.0,"enemies":"Slime Boss","floor":16.0,"turns":9.0},{"damage":36,"enemies":"3 Byrds","floor":18,"turns":7},{"damage":30,"enemies":"2 Thieves","floor":19,"turns":4},{"damage":13,"enemies":"3 Cultists","floor":21,"turns":7},{"damage":25,"enemies":"Masked Bandits","floor":22,"turns":5},{"damage":9,"enemies":"Gremlin Leader","floor":24,"turns":5},{"damage":4,"enemies":"Snecko","floor":28,"turns":4},{"damage":29,"enemies":"Book of Stabbing","floor":31,"turns":5},{"damage":52,"enemies":"Automaton","floor":33,"turns":9},{"damage":27,"enemies":"3 Shapes","floor":35,"turns":8},{"damage":52,"enemies":"3 Darklings","floor":39,"turns":8},{"damage":23,"enemies":"Maw","floor":42,"turns":8},{"damage":50,"enemies":"Jaw Worm Horde","floor":44,"turns":7},{"damage":29,"enemies":"Transient","floor":46,"turns":6},{"damage":24,"enemies":"Spire Growth","floor":48,"turns":5},{"damage":44,"enemies":"Time Eater","floor":50,"turns":11},{"damage":75,"enemies":"Donu and Deca","floor":51,"turns":10}],"seed_played":"-1238449153460719690","potions_obtained":[{"floor":3.0,"key":"BloodPotion"},{"floor":11.0,"key":"SteroidPotion"},{"floor":12.0,"key":"Dexterity Potion"},{"floor":14.0,"key":"AttackPotion"},{"floor":16.0,"key":"Block Potion"},{"floor":18,"key":"Ancient Potion"},{"floor":19,"key":"Fire Potion"},{"floor":34,"key":"Dexterity Potion"},{"floor":35,"key":"Strength Potion"}],"is_trial":false,"path_per_floor":["M","?","M","M","M","R","M","$","T","R","E","M","R","E","R","B",null,"M","M","$","M","?","R","E","R","T","?","M","R","$","E","R","B",null,"M","?","?","?","M","R","$","M","T","M","R","M","?","M","R","B","B",null],"character_chosen":"IRONCLAD","items_purchased":["Feel No Pain","Spot Weakness","War Paint","Sword Boomerang","Fruit Juice","PreservedInsect","Turnip","Mango"],"campfire_rested":1,"item_purchase_floors":[8,8,20,30,30,41,41,41],"current_hp_per_floor":[74,74,75,75,75,75,57,57,57,57,40,37,37,8,30,23,64,49,38,38,49,47,47,72,72,72,72,77,77,82,71,71,33,88,82,82,82,82,86,86,100,124,124,83,83,60,104,98,98,85,63],"gold":827,"neow_bonus":"THREE_ENEMY_KILL","is_prod":false,"is_daily":false,"chose_seed":false,"campfire_upgraded":10,"win_rate":0,"timestamp":1560558684,"path_taken":["M","?","?","?","M","R","M","$","T","R","E","?","R","E","R","BOSS","M","M","$","M","?","R","E","R","T","?","M","R","$","E","R","BOSS","M","?","?","?","?","R","$","M","T","M","R","M","?","M","R","BOSS","BOSS"],"build_version":"2019-01-23","purchased_purges":2,"victory":true,"max_hp_per_floor":[75,75,75,75,75,75,75,75,75,75,75,75,75,75,75,78,78,81,84,84,88,91,91,91,91,91,91,94,94,99,99,99,99,104,107,107,107,107,110,110,124,124,124,127,127,127,104,104,104,104,104],"card_choices":[{"not_picked":["Flex","Warcry"],"picked":"Armaments","floor":1.0},{"not_picked":["Armaments","Perfected Strike"],"picked":"Body Slam","floor":3.0},{"not_picked":["Searing Blow","Clash"],"picked":"Disarm","floor":4.0},{"not_picked":["Sentinel","Pommel Strike"],"picked":"Havoc","floor":5.0},{"not_picked":["Flex","Anger"],"picked":"Battle Trance","floor":7.0},{"not_picked":["Battle Trance","Clash"],"picked":"Feel No Pain","floor":11.0},{"not_picked":["Spot Weakness","Iron Wave"],"picked":"Twin Strike","floor":12.0},{"not_picked":["Flex","Headbutt"],"picked":"Feed","floor":14.0},{"not_picked":["Brutality","Demon Form"],"picked":"Reaper","floor":16.0},{"not_picked":["Cleave","Sentinel","Body Slam"],"picked":"SKIP","floor":18},{"not_picked":["Iron Wave+1","Thunderclap"],"picked":"Shrug It Off","floor":19},{"not_picked":["Reckless Charge","Twin Strike"],"picked":"Shockwave","floor":21},{"not_picked":["Infernal Blade+1","Dual Wield"],"picked":"Fiend Fire","floor":22},{"not_picked":["Combust+1","Dropkick"],"picked":"Perfected Strike+1","floor":24},{"not_picked":["Sever Soul","Shrug It Off"],"picked":"Perfected Strike","floor":28},{"not_picked":["Twin Strike","True Grit"],"picked":"Flame Barrier","floor":31},{"not_picked":["Exhume","Barricade"],"picked":"Demon Form","floor":33},{"not_picked":["Twin Strike","Perfected Strike"],"picked":"Second Wind","floor":34},{"not_picked":["Power Through","Sword Boomerang+1","Iron Wave"],"picked":"SKIP","floor":35},{"not_picked":["Spot Weakness","Clash+1"],"picked":"Dual Wield","floor":39},{"not_picked":["Sword Boomerang","Spot Weakness"],"picked":"Battle Trance","floor":42},{"not_picked":["Iron Wave","Clothesline"],"picked":"Battle Trance","floor":44},{"not_picked":["Flex","Rupture"],"picked":"Feel No Pain+1","floor":46},{"not_picked":["Rage","Anger"],"picked":"Heavy Blade","floor":48}],"player_experience":1176828,"relics_obtained":[{"floor":11.0,"key":"Bottled Lightning"},{"floor":14.0,"key":"Happy Flower"},{"floor":22,"key":"Red Mask"},{"floor":24,"key":"Gremlin Horn"},{"floor":26,"key":"Tiny Chest"},{"floor":31,"key":"The Courier"},{"floor":43,"key":"Ancient Tea Set"}],"event_choices":[{"damage_healed":0.0,"max_hp_gain":0.0,"max_hp_loss":0.0,"gold_gain":0.0,"event_name":"FaceTrader","player_choice":"Trade","floor":2.0,"gold_loss":0.0,"damage_taken":0.0,"relics_obtained":["NlothsMask"]},{"damage_healed":0,"gold_gain":0,"player_choice":"Fought Bandits","damage_taken":0,"max_hp_gain":0,"max_hp_loss":0,"event_name":"Masked Bandits","floor":22,"gold_loss":0},{"damage_healed":0,"gold_gain":0,"player_choice":"Simplicity","damage_taken":0,"max_hp_gain":0,"max_hp_loss":0,"event_name":"Back to Basics","floor":27,"gold_loss":0,"cards_upgraded":["Strike_R","Strike_R","Strike_R","Strike_R","Defend_R","Defend_R","Defend_R"]},{"damage_healed":0,"gold_gain":222,"player_choice":"Wore Mask","damage_taken":0,"max_hp_gain":0,"max_hp_loss":0,"event_name":"Tomb of Lord Red Mask","floor":36,"gold_loss":0},{"damage_healed":0,"gold_gain":999,"player_choice":"Gold","damage_taken":0,"max_hp_gain":0,"max_hp_loss":0,"event_name":"MindBloom","floor":37,"gold_loss":0,"cards_obtained":["Normality","Normality"]},{"cards_removed":["Strike_R"],"damage_healed":0,"gold_gain":0,"player_choice":"Removed Attack","damage_taken":0,"max_hp_gain":0,"max_hp_loss":0,"event_name":"Falling","floor":38,"gold_loss":0},{"damage_healed":104,"gold_gain":0,"player_choice":"Heal","damage_taken":0,"max_hp_gain":0,"max_hp_loss":23,"event_name":"The Moai Head","floor":47,"gold_loss":0}],"is_beta":false,"boss_relics":[{"not_picked":["Orrery","Lizard Tail"],"picked":"Snecko Eye"},{"not_picked":["Calling Bell","Mark of Pain"],"picked":"Tiny House"}],"items_purged_floors":[20,41],"is_endless":false,"potions_floor_spawned":[3,11,12,14,16,18,19,28,35,44,46],"ascension_level":20}