{"gold_per_floor":[110,36,36,46,63,398,398,433,433,433,433,451,451,461,461,558,558,571,58,58,58,5,5,36,49,49,49,66,82,82,92,92,187,187,202,217,18,36,136,136,166,176,176,176,196,207,13,13,13,13],"floor_reached":51,"playtime":2324,"items_purged":["Strike_B"],"score":832,"play_id":"717ff889-0257-45f3-baa9-ca68b8637c81","local_time":"20190717201706","is_ascension_mode":false,"campfire_choices":[{"data":"Biased Cognition","floor":7,"key":"SMITH"},{"data":"Zap","floor":11,"key":"SMITH"},{"data":"Beam Cell","floor":13,"key":"SMITH"},{"data":"Streamline","floor":15,"key":"SMITH"},{"data":"Defragment","floor":23,"key":"SMITH"},{"data":"Defragment","floor":27,"key":"SMITH"},{"data":"Go for the Eyes","floor":30,"key":"SMITH"},{"data":"Self Repair","floor":32,"key":"SMITH"},{"data":"Scrape","floor":40,"key":"SMITH"},{"data":"Mayhem","floor":49,"key":"SMITH"}],"neow_cost":"NONE","seed_source_timestamp":581601939983312,"circlet_count":0,"master_deck":["Strike_B+1","Strike_B","Defend_B","Defend_B+1","Defend_B","Zap+1","Dualcast","Defragment+1","Self Repair+1","Scrape+1","Beam Cell+1","Biased Cognition+1","Streamline+1","White Noise+1","Force Field+1","Biased Cognition","Glacier+1","Coolheaded+1","Defragment+1","Redo+1","Hologram+1","Conserve Battery+1","All For One","Impatience+1","White Noise+1","Conserve Battery+1","Fission+1","Turbo+1","Gash","Go for the Eyes+1","Gash+1","All For One","Coolheaded+1","Hologram+1","Parasite","Seek+1","Rebound+1","Seek+1","Loop","White Noise+1","Mayhem+1"],"relics":["Cracked Core","NeowsBlessing","Old Coin","Mercury Hourglass","Toxic Egg 2","Orrery","PreservedInsect","Bottled Flame","Meat on the Bone","Inserter","DataDisk","Gambling Chip","Emotion Chip","Peace Pipe","Pear"],"potions_floor_usage":[18,50,50],"damage_taken":[{"damage":0,"enemies":"Small Slimes","floor":1,"turns":1},{"damage":0,"enemies":"Cultist","floor":4,"turns":1},{"damage":0,"enemies":"2 Louse","floor":5,"turns":1},{"damage":21,"enemies":"Lagavulin","floor":6,"turns":7},{"damage":22,"enemies":"3 Sentries","floor":8,"turns":6},{"damage":7,"enemies":"Blue Slaver","floor":12,"turns":3},{"damage":0,"enemies":"Lots of Slimes","floor":14,"turns":3},{"damage":9,"enemies":"Slime Boss","floor":16,"turns":6},{"damage":11,"enemies":"2 Thieves","floor":18,"turns":4},{"damage":9,"enemies":"Book of Stabbing","floor":24,"turns":3},{"damage":10,"enemies":"Chosen","floor":25,"turns":4},{"damage":3,"enemies":"3 Cultists","floor":28,"turns":4},{"damage":0,"enemies":"Shelled Parasite and Fungi","floor":29,"turns":4},{"damage":0,"enemies":"Snecko","floor":31,"turns":3},{"damage":14,"enemies":"Champ","floor":33,"turns":10},{"damage":25,"enemies":"3 Darklings","floor":35,"turns":5},{"damage":5,"enemies":"Orb Walker","floor":36,"turns":2},{"damage":0,"enemies":"Writhing Mass","floor":38,"turns":4},{"damage":0,"enemies":"Mind Bloom Boss Battle","floor":39,"turns":3},{"damage":8,"enemies":"Giant Head","floor":41,"turns":7},{"damage":0,"enemies":"3 Darklings","floor":42,"turns":3},{"damage":10,"enemies":"Jaw Worm Horde","floor":45,"turns":4},{"damage":0,"enemies":"Spire Growth","floor":46,"turns":3},{"damage":0,"enemies":"Donu and Deca","floor":50,"turns":8}],"seed_played":"-246852330386711735","potions_obtained":[{"floor":1,"key":"FearPotion"},{"floor":4,"key":"LiquidBronze"},{"floor":6,"key":"FearPotion"},{"floor":16,"key":"PowerPotion"},{"floor":18,"key":"Dexterity Potion"},{"floor":39,"key":"Block Potion"}],"is_trial":false,"path_per_floor":["M","$","?","M","M","E","R","E","T","?","R","M","R","M","R","B",null,"M","$","?","?","$","R","E","M","T","R","M","M","R","M","R","B",null,"M","M","$","M","?","R","E","M","T","?","M","M","$","T","R","B",null],"character_chosen":"DEFECT","items_purchased":["Self Repair","Conserve Battery+1","PreservedInsect","All For One","Impatience+1","Conserve Battery+1","DataDisk","Hologram+1","Mayhem"],"campfire_rested":0,"item_purchase_floors":[2,19,19,19,19,22,37,37,47],"current_hp_per_floor":[75,75,75,75,75,61,61,46,46,31,31,31,31,31,31,29,75,71,71,71,71,71,71,69,66,66,66,63,63,63,63,63,49,75,60,65,65,65,65,65,67,67,67,67,57,57,57,67,67,67],"gold":13,"neow_bonus":"THREE_ENEMY_KILL","is_prod":false,"is_daily":false,"chose_seed":false,"campfire_upgraded":10,"win_rate":0,"timestamp":1563362226,"path_taken":["M","$","?","?","M","E","R","E","T","?","R","M","R","M","R","BOSS","M","$","?","?","$","R","E","M","T","R","?","M","R","M","R","BOSS","M","M","$","M","?","R","E","M","T","?","M","M","$","?","R","BOSS"],"build_version":"2019-07-05","purchased_purges":1,"victory":true,"max_hp_per_floor":[75,75,75,75,75,75,75,75,75,75,75,75,75,75,75,75,75,75,75,75,75,75,75,75,75,75,75,75,75,75,75,75,75,75,75,75,75,75,75,75,75,75,75,75,75,75,75,85,85,85],"card_choices":[{"not_picked":["Heatsinks","Rebound"],"picked":"Defragment","floor":1},{"not_picked":["Turbo","Darkness"],"picked":"Scrape","floor":4},{"not_picked":["Storm","Steam"],"picked":"Beam Cell","floor":5},{"not_picked":["Recycle","Steam"],"picked":"Biased Cognition","floor":6},{"not_picked":["White Noise","Sweeping Beam"],"picked":"Streamline","floor":8},{"not_picked":["Reprogram+1","Loop"],"picked":"White Noise+1","floor":12},{"not_picked":["Consume+1","Rebound"],"picked":"Force Field+1","floor":14},{"not_picked":["Amplify+1","Reboot+1"],"picked":"Biased Cognition","floor":16},{"not_picked":["Chaos+1","Hologram+1"],"picked":"Glacier+1","floor":17},{"not_picked":["Static Discharge","Doom and Gloom"],"picked":"Coolheaded+1","floor":17},{"not_picked":["Chaos+1","Tempest+1"],"picked":"Defragment","floor":17},{"not_picked":["Ball Lightning","Tempest+1"],"picked":"Redo+1","floor":17},{"not_picked":["Leap+1","Streamline"],"picked":"Hologram+1","floor":18},{"not_picked":["Doom and Gloom+1","Ball Lightning"],"picked":"Fission+1","floor":24},{"not_picked":["Stack+1","Rip and Tear"],"picked":"Turbo+1","floor":25},{"not_picked":["Tempest+1","Stack+1"],"picked":"Gash","floor":28},{"not_picked":["Conserve Battery+1","Fusion+1"],"picked":"Go for the Eyes","floor":29},{"not_picked":["Undo+1","Sunder"],"picked":"Gash+1","floor":31},{"not_picked":["Thunder Strike","Amplify+1"],"picked":"All For One","floor":33},{"not_picked":["Leap+1","Steam Power+1"],"picked":"Coolheaded+1","floor":35},{"not_picked":["Rebound","Cold Snap+1","Beam Cell+1"],"picked":"SKIP","floor":36},{"not_picked":["Go for the Eyes","Streamline","Beam Cell+1"],"picked":"SKIP","floor":38},{"not_picked":["Compile Driver","Steam+1"],"picked":"Seek+1","floor":39},{"not_picked":["Cold Snap","Go for the Eyes+1"],"picked":"Rebound+1","floor":41},{"not_picked":["Barrage+1","Turbo+1"],"picked":"Seek+1","floor":42},{"not_picked":["Sweeping Beam","Leap+1"],"picked":"Loop","floor":45},{"not_picked":["Cold Snap+1","Conserve Battery+1"],"picked":"White Noise+1","floor":46}],"player_experience":64399,"relics_obtained":[{"floor":6,"key":"Old Coin"},{"floor":8,"key":"Mercury Hourglass"},{"floor":9,"key":"Toxic Egg 2"},{"floor":24,"key":"Bottled Flame"},{"floor":26,"key":"Meat on the Bone"},{"floor":39,"key":"Gambling Chip"},{"floor":41,"key":"Emotion Chip"},{"floor":43,"key":"Peace Pipe"},{"floor":48,"key":"Pear"}],"event_choices":[{"cards_removed":["Strike_B"],"damage_healed":0,"gold_gain":0,"player_choice":"Purged","damage_taken":0,"max_hp_gain":0,"max_hp_loss":0,"event_name":"Purifier","floor":3,"gold_loss":0},{"damage_healed":0,"gold_gain":0,"player_choice":"Entered Light","damage_taken":15,"max_hp_gain":0,"max_hp_loss":0,"event_name":"Shining Light","floor":10,"gold_loss":0,"cards_upgraded":["Defend_B","Strike_B"]},{"damage_healed":0,"gold_gain":0,"player_choice":"Ignored","damage_taken":0,"max_hp_gain":0,"max_hp_loss":0,"event_name":"Ghosts","floor":20,"gold_loss":0},{"damage_healed":0,"gold_gain":0,"player_choice":"Copied","damage_taken":0,"max_hp_gain":0,"max_hp_loss":0,"event_name":"Duplicator","floor":21,"gold_loss":0,"cards_obtained":["White Noise"]},{"damage_healed":0,"gold_gain":0,"player_choice":"Fight","damage_taken":0,"max_hp_gain":0,"max_hp_loss":0,"event_name":"MindBloom","floor":39,"gold_loss":0},{"cards_removed":["Defend_B"],"damage_healed":0,"gold_gain":0,"player_choice":"Removed Skill","damage_taken":0,"max_hp_gain":0,"max_hp_loss":0,"event_name":"Falling","floor":44,"gold_loss":0}],"is_beta":false,"boss_relics":[{"not_picked":["Tiny House","Pandora\u0027s Box"],"picked":"Orrery"},{"not_picked":["Empty Cage","Calling Bell"],"picked":"Inserter"}],"items_purged_floors":[19],"is_endless":false,"potions_floor_spawned":[1,4,6,16,18,28,29,33,36,38,39,41],"ascension_level":0}