{"gold_per_floor":[113,188,188,10,29,62,80,80,103,436,449,478,478,495,495,569,569,582,582,208,178,194,194,213,213,213,185,185,202,216,235,235,313,313,332,432,445,39,0,0,31,31,31,31,51,51,77,94,94,94],"floor_reached":51,"playtime":3208,"items_purged":["Strike_R","Strike_R"],"score":1504,"play_id":"9c234ced-6953-4fdb-8dff-f2421dc6d6fb","local_time":"20190902081553","is_ascension_mode":true,"campfire_choices":[{"data":"Apotheosis","floor":8,"key":"SMITH"},{"floor":13,"key":"REST"},{"data":"Disarm","floor":15,"key":"SMITH"},{"data":"Metallicize","floor":23,"key":"SMITH"},{"data":"Shockwave","floor":25,"key":"SMITH"},{"data":"Evolve","floor":28,"key":"SMITH"},{"data":"Impervious","floor":32,"key":"SMITH"},{"data":"Battle Trance","floor":40,"key":"SMITH"},{"floor":44,"key":"REST"},{"data":"Metallicize","floor":46,"key":"SMITH"},{"data":"Juggernaut","floor":49,"key":"SMITH"}],"neow_cost":"NONE","seed_source_timestamp":319811819893800,"circlet_count":0,"master_deck":["AscendersBane","Strike_R","Defend_R","Defend_R","Defend_R","Defend_R","Bash","Ghostly Armor","Apotheosis+1","Twin Strike","Impervious+1","Shockwave+1","Shrug It Off","Disarm+1","Barricade+1","Shrug It Off+1","Metallicize+1","Shrug It Off","True Grit","Evolve+1","Shrug It Off","Body Slam","Body Slam","Battle Trance+1","Juggernaut+1","Metallicize+1","Feel No Pain","Shrug It Off"],"relics":["Burning Blood","NeowsBlessing","Potion Belt","Pen Nib","Old Coin","Anchor","Sozu","Bag of Preparation","Kunai","Empty Cage","Calipers","Medical Kit","Red Mask","Du-Vu Doll","Ornamental Fan","Ancient Tea Set"],"potions_floor_usage":[10,41,41,50,50],"damage_taken":[{"damage":0,"enemies":"Cultist","floor":1,"turns":1},{"damage":0,"enemies":"Jaw Worm","floor":5,"turns":1},{"damage":0,"enemies":"3 Sentries","floor":6,"turns":2},{"damage":3,"enemies":"2 Louse","floor":7,"turns":3},{"damage":56,"enemies":"Gremlin Nob","floor":10,"turns":5},{"damage":4,"enemies":"Large Slime","floor":11,"turns":4},{"damage":15,"enemies":"Lagavulin","floor":12,"turns":7},{"damage":4,"enemies":"Exordium Wildlife","floor":14,"turns":4},{"damage":6,"enemies":"Hexaghost","floor":16,"turns":13},{"damage":16,"enemies":"Spheric Guardian","floor":18,"turns":9},{"damage":9,"enemies":"2 Thieves","floor":21,"turns":5},{"damage":0,"enemies":"Centurion and Healer","floor":22,"turns":9},{"damage":4,"enemies":"Snake Plant","floor":24,"turns":8},{"damage":0,"enemies":"3 Cultists","floor":29,"turns":9},{"damage":12,"enemies":"Shelled Parasite and Fungi","floor":30,"turns":7},{"damage":4,"enemies":"Snake Plant","floor":31,"turns":4},{"damage":19,"enemies":"Champ","floor":33,"turns":11},{"damage":11,"enemies":"Orb Walker","floor":35,"turns":5},{"damage":0,"enemies":"Mind Bloom Boss Battle","floor":36,"turns":3},{"damage":25,"enemies":"3 Darklings","floor":37,"turns":6},{"damage":38,"enemies":"Reptomancer","floor":41,"turns":9},{"damage":1,"enemies":"Transient","floor":45,"turns":6},{"damage":0,"enemies":"Giant Head","floor":47,"turns":6},{"damage":0,"enemies":"Jaw Worm Horde","floor":48,"turns":8},{"damage":11,"enemies":"Donu and Deca","floor":50,"turns":11}],"seed_played":"3876635330303696321","potions_obtained":[{"floor":1,"key":"LiquidBronze"},{"floor":3,"key":"Regen Potion"},{"floor":3,"key":"Block Potion"},{"floor":11,"key":"Dexterity Potion"},{"floor":12,"key":"EntropicBrew"},{"floor":14,"key":"Dexterity Potion"}],"is_trial":false,"path_per_floor":["M","?","?","$","M","E","M","R","T","E","M","E","R","M","R","B",null,"M","?","$","M","M","R","M","R","T","$","R","M","M","M","R","B",null,"M","?","M","$","?","R","E","?","T","R","M","R","E","M","R","B",null],"character_chosen":"IRONCLAD","items_purchased":["Apotheosis","Metallicize","Bag of Preparation","Shrug It Off","Shrug It Off","Medical Kit","Metallicize"],"campfire_rested":2,"item_purchase_floors":[4,20,20,20,27,38,38],"current_hp_per_floor":[74,63,63,63,69,75,75,75,75,25,27,18,40,42,42,42,67,57,57,57,54,60,60,62,62,62,62,62,68,62,64,64,51,69,64,70,51,51,51,51,34,34,34,56,61,61,67,73,73,68],"gold":94,"neow_bonus":"THREE_ENEMY_KILL","is_prod":false,"is_daily":false,"chose_seed":false,"campfire_upgraded":9,"win_rate":0,"timestamp":1567379753,"path_taken":["M","?","?","$","M","E","?","R","T","E","M","E","R","M","R","BOSS","M","?","?","?","M","R","M","R","T","$","R","M","M","?","R","BOSS","M","?","M","$","?","R","E","?","T","R","?","R","E","M","R","BOSS"],"build_version":"2019-07-17","purchased_purges":2,"victory":true,"max_hp_per_floor":[75,75,75,75,75,75,75,75,75,75,75,75,75,75,75,75,75,75,75,75,75,75,75,75,75,75,75,75,75,75,75,75,75,75,75,75,75,75,75,75,75,75,75,75,75,75,75,75,75,75],"card_choices":[{"not_picked":["Sever Soul","Power Through"],"picked":"Ghostly Armor","floor":1},{"not_picked":["Wild Strike","Pommel Strike"],"picked":"Twin Strike","floor":5},{"not_picked":["Flex","Havoc"],"picked":"Impervious","floor":6},{"not_picked":["Intimidate","Heavy Blade","Blood for Blood"],"picked":"SKIP","floor":7},{"not_picked":["Ghostly Armor","Sever Soul"],"picked":"Shockwave","floor":10},{"not_picked":["Twin Strike","Clothesline"],"picked":"Shrug It Off","floor":11},{"not_picked":["Havoc","Twin Strike","Rage"],"picked":"SKIP","floor":12},{"not_picked":["Twin Strike","Body Slam"],"picked":"Disarm","floor":14},{"not_picked":["Dark Embrace","Feed"],"picked":"Barricade","floor":16},{"not_picked":["Clash","Sword Boomerang+1"],"picked":"Shrug It Off+1","floor":18},{"not_picked":["Headbutt","Shrug It Off"],"picked":"True Grit","floor":21},{"not_picked":["Perfected Strike","Double Tap","True Grit"],"picked":"SKIP","floor":22},{"not_picked":["Pommel Strike+1","Anger"],"picked":"Evolve","floor":24},{"not_picked":["Intimidate","Rampage"],"picked":"Body Slam","floor":29},{"not_picked":["Heavy Blade","Clothesline"],"picked":"Body Slam","floor":30},{"not_picked":["Cleave","Anger"],"picked":"Battle Trance","floor":31},{"not_picked":["Double Tap","Dark Embrace"],"picked":"Juggernaut","floor":33},{"not_picked":["Armaments","Wild Strike","Iron Wave+1"],"picked":"SKIP","floor":35},{"not_picked":["Perfected Strike","Fire Breathing+1","Twin Strike"],"picked":"SKIP","floor":37},{"not_picked":["Uppercut+1","Warcry"],"picked":"Feel No Pain","floor":41},{"not_picked":["Perfected Strike","Combust","Searing Blow"],"picked":"SKIP","floor":45},{"not_picked":["Twin Strike","Heavy Blade"],"picked":"Shrug It Off","floor":47},{"not_picked":["Sever Soul","Cleave","Headbutt"],"picked":"SKIP","floor":48}],"player_experience":562195,"relics_obtained":[{"floor":6,"key":"Potion Belt"},{"floor":9,"key":"Pen Nib"},{"floor":10,"key":"Old Coin"},{"floor":12,"key":"Anchor"},{"floor":26,"key":"Kunai"},{"floor":36,"key":"Calipers"},{"floor":41,"key":"Du-Vu Doll"},{"floor":43,"key":"Ornamental Fan"},{"floor":47,"key":"Ancient Tea Set"}],"event_choices":[{"damage_healed":0,"gold_gain":75,"player_choice":"Gather Gold","damage_taken":11,"max_hp_gain":0,"max_hp_loss":0,"event_name":"World of Goop","floor":2,"gold_loss":0},{"damage_healed":0,"gold_gain":0,"player_choice":"Got Potions","damage_taken":0,"max_hp_gain":0,"max_hp_loss":0,"event_name":"Lab","floor":3,"gold_loss":0},{"damage_healed":0,"gold_gain":0,"player_choice":"Forge","damage_taken":0,"max_hp_gain":0,"max_hp_loss":0,"event_name":"Accursed Blacksmith","floor":19,"gold_loss":0,"cards_upgraded":["Barricade"]},{"damage_healed":0,"gold_gain":0,"player_choice":"Fight","damage_taken":0,"max_hp_gain":0,"max_hp_loss":0,"event_name":"MindBloom","floor":36,"gold_loss":0},{"damage_healed":0,"gold_gain":0,"player_choice":"Paid","damage_taken":0,"relics_obtained":["Red Mask"],"max_hp_gain":0,"max_hp_loss":0,"event_name":"Tomb of Lord Red Mask","floor":39,"gold_loss":39},{"damage_healed":0,"gold_gain":0,"player_choice":"Ignored","damage_taken":0,"max_hp_gain":0,"max_hp_loss":0,"event_name":"The Moai Head","floor":42,"gold_loss":0}],"is_beta":false,"boss_relics":[{"not_picked":["Black Blood","Orrery"],"picked":"Sozu"},{"not_picked":["Pandora\u0027s Box","Philosopher\u0027s Stone"],"picked":"Empty Cage"}],"items_purged_floors":[20,38],"is_endless":false,"potions_floor_spawned":[1,11,12,14,16,18,21,24,33,35,45,48],"ascension_level":18}