{"gold_per_floor":[112,112,126,140,140,175,175,208,208,246,246,269,308,328,328,426,426,449,85,85,85,108,108,129,129],"floor_reached":25,"playtime":1249,"items_purged":["Strike_B"],"score":462,"play_id":"ebcccf8e-937b-468e-ba01-fc3e7068f8ad","local_time":"20190729215509","is_ascension_mode":true,"campfire_choices":[{"data":"Go for the Eyes","floor":7,"key":"SMITH"},{"floor":11,"key":"REST"},{"floor":15,"key":"DIG"},{"floor":23,"key":"REST"}],"neow_cost":"NONE","seed_source_timestamp":185651480112000,"circlet_count":0,"master_deck":["AscendersBane","Strike_B","Strike_B","Defend_B","Defend_B","Defend_B","Defend_B","Zap+1","Dualcast","Go for the Eyes+1","Ball Lightning","Cold Snap","Seek","Cold Snap","Compile Driver","Steam","Lockon","Hologram","All For One","Ball Lightning","Cold Snap","Beam Cell","Necronomicurse","Beam Cell","Loop"],"relics":["Cracked Core","Golden Idol","Prayer Wheel","Gambling Chip","Pocketwatch","Shovel","Cables","Symbiotic Virus","Inserter","Membership Card","Strawberry","Necronomicon"],"potions_floor_usage":[8,10,25],"damage_taken":[{"damage":0,"enemies":"Cultist","floor":1,"turns":4},{"damage":4,"enemies":"2 Louse","floor":3,"turns":3},{"damage":0,"enemies":"Small Slimes","floor":4,"turns":3},{"damage":15,"enemies":"Lagavulin","floor":6,"turns":5},{"damage":24,"enemies":"Gremlin Nob","floor":8,"turns":4},{"damage":8,"enemies":"Lagavulin","floor":10,"turns":5},{"damage":0,"enemies":"2 Fungi Beasts","floor":12,"turns":3},{"damage":10,"enemies":"3 Sentries","floor":13,"turns":6},{"damage":4,"enemies":"3 Louse","floor":14,"turns":2},{"damage":12,"enemies":"Slime Boss","floor":16,"turns":5},{"damage":0,"enemies":"3 Byrds","floor":18,"turns":4},{"damage":24,"enemies":"Shell Parasite","floor":22,"turns":3},{"damage":14,"enemies":"Snecko","floor":24,"turns":4},{"damage":30,"enemies":"Gremlin Leader","floor":25,"turns":4}],"seed_played":"-2140752987546883015","potions_obtained":[{"floor":3,"key":"LiquidBronze"},{"floor":6,"key":"Ancient Potion"},{"floor":8,"key":"Regen Potion"},{"floor":12,"key":"Dexterity Potion"},{"floor":24,"key":"SkillPotion"}],"is_trial":false,"path_per_floor":["M","?","M","M","?","E","R","E","T","E","R","M","E","M","R","B",null,"M","$","?","?","M","R","M","E"],"character_chosen":"DEFECT","items_purchased":["Membership Card","Beam Cell","Strawberry"],"campfire_rested":2,"item_purchase_floors":[19,19,19],"current_hp_per_floor":[64,64,60,60,60,45,45,21,21,27,46,46,36,32,32,20,53,53,60,60,39,15,36,22,0],"gold":129,"neow_bonus":"UPGRADE_CARD","is_prod":false,"is_daily":false,"chose_seed":false,"campfire_upgraded":1,"win_rate":0,"timestamp":1564451709,"path_taken":["M","?","M","M","?","E","R","E","T","E","R","M","E","?","R","BOSS","M","$","?","?","M","R","M","E"],"build_version":"2019-07-17","purchased_purges":1,"victory":false,"max_hp_per_floor":[71,64,64,64,64,64,64,64,64,64,64,64,64,64,64,64,64,64,71,71,71,71,71,71,71],"card_choices":[{"not_picked":["Redo","Recycle"],"picked":"Go for the Eyes","floor":1},{"not_picked":["Coolheaded","Rebound"],"picked":"Ball Lightning","floor":3},{"not_picked":["Skim","Darkness","Rebound"],"picked":"SKIP","floor":4},{"not_picked":["Darkness","Gash","Force Field"],"picked":"SKIP","floor":6},{"not_picked":["Lockon","Gash"],"picked":"Cold Snap","floor":8},{"not_picked":["Hologram","Gash"],"picked":"Seek","floor":10},{"not_picked":["Storm","Conserve Battery"],"picked":"Cold Snap","floor":12},{"not_picked":["Turbo","Recycle"],"picked":"Compile Driver","floor":12},{"not_picked":["Leap","Streamline"],"picked":"Steam","floor":13},{"not_picked":["Static Discharge","Glacier"],"picked":"Lockon","floor":14},{"not_picked":["Self Repair","Redo"],"picked":"Hologram","floor":14},{"not_picked":["Seek","Reboot"],"picked":"All For One","floor":16},{"not_picked":["Cold Snap","Rebound"],"picked":"Ball Lightning","floor":18},{"not_picked":["Stack","Compile Driver"],"picked":"Cold Snap","floor":18},{"not_picked":["Steam Power","Compile Driver"],"picked":"Beam Cell","floor":22},{"not_picked":["Reboot","Sweeping Beam","Self Repair"],"picked":"SKIP","floor":22},{"not_picked":["Hologram","Gash"],"picked":"Loop","floor":24},{"not_picked":["Lockon","Storm","Darkness"],"picked":"SKIP","floor":24}],"player_experience":1408608,"relics_obtained":[{"floor":6,"key":"Prayer Wheel"},{"floor":8,"key":"Gambling Chip"},{"floor":9,"key":"Pocketwatch"},{"floor":10,"key":"Shovel"},{"floor":13,"key":"Cables"},{"floor":15,"key":"Symbiotic Virus"},{"floor":21,"key":"Necronomicon"}],"event_choices":[{"damage_healed":0,"gold_gain":0,"player_choice":"Lose Max HP","damage_taken":0,"relics_obtained":["Golden Idol"],"max_hp_gain":0,"max_hp_loss":7,"event_name":"Golden Idol","floor":2,"gold_loss":0},{"cards_removed":["Strike_B"],"damage_healed":0,"gold_gain":0,"player_choice":"Purged","damage_taken":0,"max_hp_gain":0,"max_hp_loss":0,"event_name":"Purifier","floor":5,"gold_loss":0},{"damage_healed":0,"gold_gain":0,"player_choice":"Ignored","damage_taken":0,"max_hp_gain":0,"max_hp_loss":0,"event_name":"Ghosts","floor":20,"gold_loss":0},{"damage_healed":0,"gold_gain":0,"player_choice":"Obtained Book","damage_taken":21,"max_hp_gain":0,"max_hp_loss":0,"event_name":"Cursed Tome","floor":21,"gold_loss":0}],"is_beta":false,"boss_relics":[{"not_picked":["Nuclear Battery","Runic Dome"],"picked":"Inserter"}],"items_purged_floors":[19],"is_endless":false,"potions_floor_spawned":[3,6,8,12,24],"killed_by":"Gremlin Leader","ascension_level":20}