{"gold_per_floor":[113,131,131,150,20,55,55,68,95,75,113,143,143],"floor_reached":13,"playtime":466,"items_purged":["Strike_G"],"score":186,"play_id":"55406e22-887a-497c-8b83-47fe9943d4ee","local_time":"20190707215241","is_ascension_mode":true,"campfire_choices":[{"data":"Neutralize","floor":7.0,"key":"SMITH"}],"neow_cost":"NONE","seed_source_timestamp":8167142177000,"circlet_count":0,"master_deck":["AscendersBane","Strike_G","Strike_G","Strike_G","Strike_G","Defend_G","Defend_G","Defend_G","Defend_G","Defend_G","Survivor","Neutralize+1","Dagger Spray","Flying Knee","Flying Knee","Sucker Punch","Riddle With Holes","Poisoned Stab","Deadly Poison"],"special_seed":0,"relics":["Ring of the Snake","Strawberry","Golden Idol","Juzu Bracelet","Omamori","Vajra","Dream Catcher"],"potions_floor_usage":[],"damage_taken":[{"damage":0.0,"enemies":"Cultist","floor":1.0,"turns":4.0},{"damage":3.0,"enemies":"2 Louse","floor":2.0,"turns":2.0},{"damage":7.0,"enemies":"Jaw Worm","floor":4.0,"turns":4.0},{"damage":43.0,"enemies":"Lagavulin","floor":6.0,"turns":8.0},{"damage":0.0,"enemies":"Looter","floor":8.0,"turns":3.0},{"damage":25.0,"enemies":"Gremlin Nob","floor":11.0,"turns":5.0},{"damage":13,"enemies":"Blue Slaver","floor":13,"turns":1}],"seed_played":"5318100564894773140","potions_obtained":[{"floor":1.0,"key":"Poison Potion"},{"floor":2.0,"key":"GhostInAJar"},{"floor":10.0,"key":"Regen Potion"}],"is_trial":false,"path_per_floor":["M","M","?","M","$","E","R","M","T","?","E","?","M"],"character_chosen":"THE_SILENT","items_purchased":["Sucker Punch"],"campfire_rested":0,"item_purchase_floors":[5],"current_hp_per_floor":[66,63,63,56,56,13,13,13,13,13,2,2,0],"gold":143,"neow_bonus":"RANDOM_COMMON_RELIC","is_prod":false,"is_daily":false,"chose_seed":false,"campfire_upgraded":1,"win_rate":0,"timestamp":1562550761,"path_taken":["M","M","?","M","$","E","R","M","T","?","E","?","M"],"build_version":"2019-07-05","purchased_purges":1,"victory":false,"max_hp_per_floor":[73,73,66,66,66,66,66,66,66,66,66,66,66],"card_choices":[{"not_picked":["Infinite Blades","Dodge and Roll"],"picked":"Dagger Spray","floor":1.0},{"not_picked":["Eviscerate","Accuracy"],"picked":"Flying Knee","floor":2.0},{"not_picked":["Escape Plan","Dodge and Roll"],"picked":"Flying Knee","floor":4.0},{"not_picked":["Outmaneuver","Slice"],"picked":"Riddle With Holes","floor":6.0},{"not_picked":["Blade Dance","Deflect"],"picked":"Poisoned Stab","floor":8.0},{"not_picked":["Underhanded Strike","Night Terror"],"picked":"Deadly Poison","floor":11.0}],"player_experience":1319589,"relics_obtained":[{"floor":6.0,"key":"Juzu Bracelet"},{"floor":9.0,"key":"Omamori"},{"floor":11.0,"key":"Vajra"}],"event_choices":[{"damage_healed":0.0,"max_hp_gain":0.0,"max_hp_loss":7.0,"gold_gain":0.0,"event_name":"Golden Idol","player_choice":"Lose Max HP","floor":3.0,"gold_loss":0.0,"damage_taken":0.0,"relics_obtained":["Golden Idol"]},{"damage_healed":0.0,"max_hp_gain":0.0,"max_hp_loss":0.0,"gold_gain":0.0,"event_name":"The Woman in Blue","player_choice":"Bought 1 Potion","floor":10.0,"gold_loss":0.0,"damage_taken":0.0},{"damage_healed":0,"gold_gain":30,"player_choice":"Searched \u00272\u0027 times","damage_taken":0,"relics_obtained":["Dream Catcher"],"max_hp_gain":0,"max_hp_loss":0,"event_name":"Dead Adventurer","floor":12,"gold_loss":0}],"is_beta":false,"boss_relics":[],"items_purged_floors":[5],"is_endless":false,"potions_floor_spawned":[1,2,4],"killed_by":"Blue Slaver","ascension_level":20}