{"gold_per_floor":[110,129,129,140,152,181,244,244,244,244,297,313,363,398,398,472,472,485,485,497,338,354,388,388,51,51,51,151,151,180,180,180,258,258,269,269,269,281,291,291,308,343,343,358,373,373,398,412,412,412,412],"floor_reached":52,"playtime":3031,"items_purged":["Strike_B","Strike_B"],"score":2045,"play_id":"b30023b0-cb13-48db-a861-d8fb90603513","local_time":"20190810223209","is_ascension_mode":true,"campfire_choices":[{"data":"Zap","floor":8.0,"key":"SMITH"},{"floor":10.0,"key":"REST"},{"data":"Beam Cell","floor":15.0,"key":"SMITH"},{"data":"Hologram","floor":24.0,"key":"SMITH"},{"data":"Self Repair","floor":27.0,"key":"SMITH"},{"data":"FTL","floor":29.0,"key":"SMITH"},{"data":"Go for the Eyes","floor":32.0,"key":"SMITH"},{"floor":40.0,"key":"RECALL"},{"data":"Defend_B","floor":46,"key":"SMITH"},{"data":"Glacier","floor":49,"key":"SMITH"}],"neow_cost":"NONE","seed_source_timestamp":0,"circlet_count":0,"master_deck":["AscendersBane","Strike_B+1","Strike_B","Defend_B+1","Defend_B","Defend_B","Defend_B","Zap+1","Dualcast+1","Glacier+1","Ball Lightning","Hologram+1","FTL+1","Conserve Battery+1","Beam Cell+1","Undo+1","Echo Form","Cold Snap","Compile Driver","Fission+1","Ball Lightning+1","Cold Snap","Self Repair+1","Steam+1","Go for the Eyes+1","Ghostly+1","Ghostly+1","Ghostly+1","Biased Cognition+1","Coolheaded+1","Panacea+1","Thinking Ahead+1","Coolheaded+1"],"special_seed":0,"relics":["Cracked Core","Dodecahedron","Toxic Egg 2","Mummified Hand","Bronze Scales","Coffee Dripper","Kunai","PreservedInsect","The Courier","Mango","Gremlin Horn","Mercury Hourglass","Busted Crown","Cables","Frozen Egg 2","Oddly Smooth Stone"],"potions_floor_usage":[47,50,50,50,51],"damage_taken":[{"damage":0.0,"enemies":"Small Slimes","floor":1.0,"turns":3.0},{"damage":0.0,"enemies":"2 Louse","floor":2.0,"turns":2.0},{"damage":0.0,"enemies":"Cultist","floor":4.0,"turns":2.0},{"damage":0.0,"enemies":"Gremlin Gang","floor":5.0,"turns":1.0},{"damage":11.0,"enemies":"3 Sentries","floor":6.0,"turns":4.0},{"damage":11.0,"enemies":"Gremlin Nob","floor":7.0,"turns":4.0},{"damage":5.0,"enemies":"3 Louse","floor":12.0,"turns":2.0},{"damage":8.0,"enemies":"Gremlin Nob","floor":14.0,"turns":3.0},{"damage":23.0,"enemies":"Hexaghost","floor":16.0,"turns":9.0},{"damage":8.0,"enemies":"3 Byrds","floor":18.0,"turns":2.0},{"damage":9.0,"enemies":"Chosen","floor":20.0,"turns":4.0},{"damage":18.0,"enemies":"Snake Plant","floor":22.0,"turns":4.0},{"damage":13.0,"enemies":"Slavers","floor":23.0,"turns":4.0},{"damage":22.0,"enemies":"Colosseum Slavers","floor":28.0,"turns":3.0},{"damage":17.0,"enemies":"Colosseum Nobs","floor":28.0,"turns":3.0},{"damage":12.0,"enemies":"Book of Stabbing","floor":30.0,"turns":4.0},{"damage":3.0,"enemies":"Champ","floor":33.0,"turns":16.0},{"damage":0.0,"enemies":"3 Shapes","floor":35.0,"turns":5.0},{"damage":0.0,"enemies":"Orb Walker","floor":38.0,"turns":3.0},{"damage":0.0,"enemies":"3 Darklings","floor":39.0,"turns":5.0},{"damage":0.0,"enemies":"Transient","floor":41.0,"turns":6.0},{"damage":0.0,"enemies":"Nemesis","floor":42.0,"turns":7.0},{"damage":2.0,"enemies":"4 Shapes","floor":44.0,"turns":4.0},{"damage":0,"enemies":"Spire Growth","floor":45,"turns":5},{"damage":0,"enemies":"Giant Head","floor":47,"turns":7},{"damage":0,"enemies":"3 Darklings","floor":48,"turns":4},{"damage":7,"enemies":"Time Eater","floor":50,"turns":15},{"damage":0,"enemies":"Donu and Deca","floor":51,"turns":13}],"seed_played":"2253287991763704351","potions_obtained":[{"floor":0.0,"key":"Fire Potion"},{"floor":0.0,"key":"Block Potion"},{"floor":6.0,"key":"GamblersBrew"},{"floor":7.0,"key":"GamblersBrew"},{"floor":12.0,"key":"Explosive Potion"},{"floor":16.0,"key":"SteroidPotion"},{"floor":28.0,"key":"Swift Potion"},{"floor":35.0,"key":"EntropicBrew"},{"floor":38.0,"key":"SneckoOil"},{"floor":44.0,"key":"FearPotion"},{"floor":47,"key":"FearPotion"},{"floor":48,"key":"FocusPotion"}],"is_trial":false,"path_per_floor":["M","M","?","M","M","E","?","R","T","R","?","M","?","E","R","B",null,"M","?","M","$","M","E","R","$","T","R","?","R","E","?","R","B",null,"M","?","?","M","M","R","M","E","T","M","M","R","E","M","R","B","B",null],"character_chosen":"DEFECT","items_purchased":["Fission+1","Self Repair","PreservedInsect"],"campfire_rested":1,"item_purchase_floors":[21,25,25],"current_hp_per_floor":[64,64,43,43,43,32,21,21,21,42,42,37,37,29,29,6,55,47,81,72,72,54,41,41,41,41,41,36,36,34,34,34,41,46,47,37,37,37,37,37,47,47,47,45,47,47,47,47,47,47,47],"gold":412,"neow_bonus":"THREE_SMALL_POTIONS","is_prod":false,"is_daily":false,"chose_seed":false,"campfire_upgraded":8,"win_rate":0,"timestamp":1565490729,"path_taken":["M","M","?","M","M","E","?","R","T","R","?","M","?","E","R","BOSS","M","?","?","$","M","E","R","$","T","R","?","R","E","?","R","BOSS","M","?","?","M","?","R","M","E","T","?","M","R","E","M","R","BOSS","BOSS"],"build_version":"2019-07-17","purchased_purges":2,"victory":true,"max_hp_per_floor":[71,71,71,71,71,71,71,71,71,71,71,71,71,71,71,71,71,71,81,81,81,81,81,81,81,81,81,95,95,95,47,47,47,47,47,47,47,47,47,47,47,47,47,47,47,47,47,47,47,47,47],"card_choices":[{"not_picked":["Leap","Scrape"],"picked":"Hyperbeam","floor":1.0},{"not_picked":["Sweeping Beam","Redo"],"picked":"Glacier","floor":2.0},{"not_picked":["FTL","Scrape"],"picked":"Ball Lightning","floor":4.0},{"not_picked":["Steam","Stack"],"picked":"Hologram","floor":5.0},{"not_picked":["Hologram","Blizzard"],"picked":"FTL","floor":6.0},{"not_picked":["Gash","Turbo"],"picked":"Conserve Battery","floor":7.0},{"not_picked":["Go for the Eyes","Steam+1"],"picked":"Beam Cell","floor":12.0},{"not_picked":["Glacier+1","Cold Snap"],"picked":"Undo+1","floor":14.0},{"not_picked":["Biased Cognition","All For One"],"picked":"Echo Form","floor":16.0},{"not_picked":["Consume+1","Streamline"],"picked":"Cold Snap","floor":18.0},{"not_picked":["Reprogram+1","Beam Cell"],"picked":"Compile Driver","floor":20.0},{"not_picked":["Turbo+1","Force Field+1"],"picked":"Ball Lightning+1","floor":22.0},{"not_picked":["Tempest+1","Storm"],"picked":"Cold Snap","floor":23.0},{"not_picked":["Hologram+1","White Noise+1"],"picked":"Steam+1","floor":28.0},{"not_picked":["Conserve Battery+1","Stack+1"],"picked":"Go for the Eyes","floor":30.0},{"not_picked":["Hyperbeam","Amplify+1"],"picked":"Biased Cognition","floor":33.0},{"not_picked":[],"picked":"Coolheaded+1","floor":35.0},{"not_picked":[],"picked":"Panacea+1","floor":36.0},{"not_picked":[],"picked":"Thinking Ahead+1","floor":36.0},{"not_picked":["Rebound"],"picked":"SKIP","floor":38.0},{"not_picked":["Conserve Battery+1"],"picked":"SKIP","floor":39.0},{"not_picked":[],"picked":"Coolheaded+1","floor":41.0},{"not_picked":["Heatsinks"],"picked":"SKIP","floor":42.0},{"not_picked":["Tempest+1"],"picked":"SKIP","floor":44.0},{"not_picked":["Storm+1"],"picked":"SKIP","floor":45},{"not_picked":["Conserve Battery+1"],"picked":"SKIP","floor":47},{"not_picked":["Barrage"],"picked":"SKIP","floor":48}],"player_experience":1459139,"relics_obtained":[{"floor":6.0,"key":"Dodecahedron"},{"floor":7.0,"key":"Toxic Egg 2"},{"floor":9.0,"key":"Mummified Hand"},{"floor":14.0,"key":"Bronze Scales"},{"floor":23.0,"key":"Kunai"},{"floor":26.0,"key":"The Courier"},{"floor":28.0,"key":"Mango"},{"floor":28.0,"key":"Gremlin Horn"},{"floor":30.0,"key":"Mercury Hourglass"},{"floor":42.0,"key":"Cables"},{"floor":43.0,"key":"Frozen Egg 2"},{"floor":47,"key":"Oddly Smooth Stone"}],"event_choices":[{"damage_healed":0.0,"max_hp_gain":0.0,"max_hp_loss":0.0,"gold_gain":0.0,"event_name":"Shining Light","player_choice":"Entered Light","floor":3.0,"gold_loss":0.0,"damage_taken":21.0,"cards_upgraded":["Dualcast","Strike_B"]},{"damage_healed":0.0,"max_hp_gain":0.0,"max_hp_loss":0.0,"gold_gain":30.0,"event_name":"Dead Adventurer","player_choice":"Searched \u00272\u0027 times","floor":7.0,"gold_loss":0.0,"damage_taken":0.0},{"damage_healed":0.0,"max_hp_gain":0.0,"max_hp_loss":0.0,"gold_gain":53.0,"event_name":"Golden Wing","player_choice":"Gained Gold","floor":11.0,"gold_loss":0.0,"damage_taken":0.0},{"damage_healed":0.0,"max_hp_gain":0.0,"max_hp_loss":0.0,"gold_gain":50.0,"event_name":"Golden Shrine","player_choice":"Pray","floor":13.0,"gold_loss":0.0,"damage_taken":0.0},{"cards_removed":["Hyperbeam"],"damage_healed":24.0,"max_hp_gain":10.0,"max_hp_loss":0.0,"gold_gain":0.0,"event_name":"Bonfire Elementals","player_choice":"Offered Rare","floor":19.0,"gold_loss":0.0,"damage_taken":0.0},{"damage_healed":0.0,"max_hp_gain":0.0,"max_hp_loss":0.0,"gold_gain":0.0,"event_name":"Colosseum","player_choice":"Fight","floor":28.0,"gold_loss":0.0,"damage_taken":0.0},{"damage_healed":0.0,"max_hp_gain":0.0,"max_hp_loss":0.0,"gold_gain":0.0,"event_name":"Colosseum","player_choice":"Fought Nobs","floor":28.0,"gold_loss":0.0,"damage_taken":0.0},{"damage_healed":0.0,"max_hp_gain":0.0,"max_hp_loss":48.0,"gold_gain":0.0,"event_name":"Ghosts","player_choice":"Became a Ghost","floor":31.0,"gold_loss":0.0,"damage_taken":0.0,"cards_obtained":["Ghostly","Ghostly","Ghostly"]},{"damage_healed":0.0,"max_hp_gain":0.0,"max_hp_loss":0.0,"gold_gain":0.0,"event_name":"SensoryStone","player_choice":"Memory 3","floor":36.0,"gold_loss":0.0,"damage_taken":10.0},{"damage_healed":0.0,"max_hp_gain":0.0,"max_hp_loss":0.0,"gold_gain":0.0,"event_name":"Accursed Blacksmith","player_choice":"Forge","floor":37.0,"gold_loss":0.0,"damage_taken":0.0,"cards_upgraded":["Biased Cognition"]}],"is_beta":false,"boss_relics":[{"not_picked":["Velvet Choker","Inserter"],"picked":"Coffee Dripper"},{"not_picked":["Lizard Tail","Pandora\u0027s Box"],"picked":"Busted Crown"}],"items_purged_floors":[21,25],"is_endless":false,"potions_floor_spawned":[6,7,12,16,18,22,28,28,35,38,44,47,48],"ascension_level":20}