{"gold_per_floor":[114,114,114,134,59,99,114,114,114,14,14,34,52,85,85,215,215,228,103,103,103,116,160,160,178,178,216,237,237,257,277,277,277],"floor_reached":33,"playtime":1634,"items_purged":["Defend_R","Strike_R","Strike_R"],"score":347,"play_id":"5ebd8fc1-e133-4f1a-acd8-92a816b4e3b4","local_time":"20190901090119","is_ascension_mode":false,"campfire_choices":[{"data":"Body Slam","floor":15,"key":"SMITH"},{"data":"Iron Wave","floor":24,"key":"SMITH"},{"floor":32,"key":"REST"}],"neow_cost":"NONE","seed_source_timestamp":607180114915800,"circlet_count":0,"master_deck":["Strike_R","Defend_R","Defend_R","Defend_R+1","Bash+1","Ghostly Armor","Pommel Strike","Iron Wave+1","Feed","Body Slam+1","Rage","Inflame","Burning Pact","Fiend Fire","Rampage","Writhe","Pommel Strike","Whirlwind","Sword Boomerang+1","Havoc+1","Body Slam+1","True Grit+1","Combust"],"relics":["Burning Blood","NeowsBlessing","Golden Idol","Bottled Lightning","Darkstone Periapt","Mummified Hand","Sozu","Dream Catcher","Ancient Tea Set","Question Card","StoneCalendar","Dodecahedron"],"potions_floor_usage":[],"damage_taken":[{"damage":0,"enemies":"Jaw Worm","floor":1,"turns":1},{"damage":0,"enemies":"Small Slimes","floor":4,"turns":1},{"damage":0,"enemies":"Lagavulin","floor":6,"turns":1},{"damage":0,"enemies":"Cultist","floor":7,"turns":3},{"damage":2,"enemies":"Blue Slaver","floor":12,"turns":4},{"damage":0,"enemies":"2 Fungi Beasts","floor":13,"turns":4},{"damage":21,"enemies":"Gremlin Nob","floor":14,"turns":4},{"damage":62,"enemies":"Hexaghost","floor":16,"turns":13},{"damage":3,"enemies":"Chosen","floor":18,"turns":6},{"damage":14,"enemies":"Spheric Guardian","floor":22,"turns":4},{"damage":37,"enemies":"Book of Stabbing","floor":23,"turns":6},{"damage":1,"enemies":"Centurion and Healer","floor":25,"turns":5},{"damage":22,"enemies":"Slavers","floor":27,"turns":5},{"damage":12,"enemies":"Snecko","floor":28,"turns":4},{"damage":13,"enemies":"Chosen and Byrds","floor":30,"turns":5},{"damage":22,"enemies":"Snake Plant","floor":31,"turns":5},{"damage":56,"enemies":"Collector","floor":33,"turns":8}],"seed_played":"-6486416052215167358","potions_obtained":[{"floor":1,"key":"Dexterity Potion"},{"floor":12,"key":"SpeedPotion"},{"floor":13,"key":"SpeedPotion"}],"is_trial":false,"path_per_floor":["M","?","?","M","$","E","M","?","T","$","?","M","M","E","R","B",null,"M","$","?","?","M","E","R","M","T","E","M","T","M","M","R","B"],"character_chosen":"IRONCLAD","items_purchased":[],"campfire_rested":1,"item_purchase_floors":[],"current_hp_per_floor":[80,60,60,66,66,72,81,81,81,81,64,71,80,65,65,9,89,92,92,98,98,90,59,59,64,64,48,45,45,41,25,56,0],"gold":277,"neow_bonus":"THREE_ENEMY_KILL","is_prod":false,"is_daily":false,"chose_seed":false,"campfire_upgraded":2,"win_rate":0,"timestamp":1567321279,"path_taken":["M","?","?","?","$","E","M","?","T","$","?","M","M","E","R","BOSS","M","$","?","?","M","E","R","M","T","E","M","?","?","M","R","BOSS"],"build_version":"2019-07-17","purchased_purges":3,"victory":false,"max_hp_per_floor":[80,80,80,80,80,80,83,83,83,83,83,86,89,89,89,89,89,92,92,98,98,98,98,98,98,98,98,101,101,104,104,104,104],"card_choices":[{"not_picked":["Hemokinesis","Headbutt"],"picked":"Ghostly Armor","floor":1},{"not_picked":["Disarm","Headbutt"],"picked":"Iron Wave","floor":4},{"not_picked":["Sever Soul","Rage"],"picked":"Feed","floor":6},{"not_picked":["Ghostly Armor","Pummel"],"picked":"Body Slam","floor":7},{"not_picked":["Thunderclap","Warcry"],"picked":"Rage","floor":12},{"not_picked":["Hemokinesis","Wild Strike"],"picked":"Inflame","floor":13},{"not_picked":["Heavy Blade","Ghostly Armor"],"picked":"Burning Pact","floor":14},{"not_picked":["Reaper","Impervious"],"picked":"Fiend Fire","floor":16},{"not_picked":["Iron Wave","Entrench+1"],"picked":"Rampage","floor":18},{"not_picked":["Thunderclap","Infernal Blade"],"picked":"Pommel Strike","floor":22},{"not_picked":["Armaments","Anger"],"picked":"Whirlwind","floor":23},{"not_picked":["Burning Pact","Infernal Blade","Cleave"],"picked":"SKIP","floor":25},{"not_picked":["Carnage","Intimidate","Clothesline+1"],"picked":"Sword Boomerang+1","floor":27},{"not_picked":["Shockwave","Sword Boomerang","Headbutt"],"picked":"Havoc+1","floor":28},{"not_picked":["Blood for Blood","Fire Breathing","Thunderclap"],"picked":"Body Slam+1","floor":30},{"not_picked":["Shrug It Off","Hemokinesis","Ghostly Armor"],"picked":"True Grit+1","floor":31},{"not_picked":["Reckless Charge","Flame Barrier+1","Bloodletting"],"picked":"Combust","floor":32}],"player_experience":375418,"relics_obtained":[{"floor":6,"key":"Bottled Lightning"},{"floor":9,"key":"Darkstone Periapt"},{"floor":14,"key":"Mummified Hand"},{"floor":23,"key":"Ancient Tea Set"},{"floor":26,"key":"Question Card"},{"floor":27,"key":"StoneCalendar"},{"floor":29,"key":"Dodecahedron"}],"event_choices":[{"damage_healed":0,"gold_gain":0,"player_choice":"Take Damage","damage_taken":20,"relics_obtained":["Golden Idol"],"max_hp_gain":0,"max_hp_loss":0,"event_name":"Golden Idol","floor":2,"gold_loss":0},{"damage_healed":0,"gold_gain":0,"cards_transformed":["Strike_R"],"player_choice":"Transformed","damage_taken":0,"max_hp_gain":0,"max_hp_loss":0,"event_name":"Transmorgrifier","floor":3,"gold_loss":0,"cards_obtained":["Pommel Strike"]},{"damage_healed":0,"gold_gain":0,"player_choice":"Ignored","damage_taken":0,"max_hp_gain":0,"max_hp_loss":0,"event_name":"Liars Game","floor":8,"gold_loss":0},{"damage_healed":0,"gold_gain":0,"player_choice":"Entered Light","damage_taken":17,"max_hp_gain":0,"max_hp_loss":0,"event_name":"Shining Light","floor":11,"gold_loss":0,"cards_upgraded":["Defend_R","Bash"]},{"damage_healed":0,"gold_gain":0,"player_choice":"Opened","damage_taken":0,"relics_obtained":["Dream Catcher"],"max_hp_gain":0,"max_hp_loss":0,"event_name":"The Mausoleum","floor":20,"gold_loss":0,"cards_obtained":["Writhe"]},{"cards_removed":["Strike_R"],"damage_healed":0,"gold_gain":0,"player_choice":"Elegance","damage_taken":0,"max_hp_gain":0,"max_hp_loss":0,"event_name":"Back to Basics","floor":21,"gold_loss":0}],"is_beta":false,"boss_relics":[{"not_picked":["Runic Dome","Fusion Hammer"],"picked":"Sozu"}],"items_purged_floors":[5,10,19],"is_endless":false,"potions_floor_spawned":[1,12,13,14,16,18,27,28,31],"killed_by":"Collector","ascension_level":0}