{"gold_per_floor":[364,376,73,73,86,86,106,106,130,130,154,174,174,205,205,333,333,349,264,264,264,162,162,201,201,201,201,201,217,417,70,70,199,199,223,223,223,223,283,283,56,0,0,14,29,43,43,57,57,57],"floor_reached":51,"playtime":2887,"items_purged":["Shame","Streamline"],"score":736,"play_id":"e43086a6-9695-47f2-9631-2238b0f0789b","local_time":"20190812193120","is_ascension_mode":false,"campfire_choices":[{"data":"Zap","floor":6,"key":"SMITH"},{"data":"Ball Lightning","floor":8,"key":"SMITH"},{"data":"Stack","floor":10,"key":"SMITH"},{"data":"Buffer","floor":15,"key":"SMITH"},{"data":"Genetic Algorithm","floor":23,"key":"SMITH"},{"data":"White Noise","floor":28,"key":"SMITH"},{"data":"Rainbow","floor":32,"key":"SMITH"},{"data":"Electrodynamics","floor":40,"key":"SMITH"},{"data":"Go for the Eyes","floor":47,"key":"SMITH"},{"data":"White Noise","floor":49,"key":"SMITH"}],"neow_cost":"CURSE","seed_source_timestamp":1862849812386800,"circlet_count":0,"master_deck":["Zap+1","Dualcast","Stack+1","BootSequence","Ball Lightning","Gash+1","Cold Snap","Ball Lightning+1","Buffer+1","Coolheaded","Go for the Eyes","Electrodynamics+1","Undo","Ball Lightning+1","Go for the Eyes+1","FTL","Rainbow+1","Reinforced Body","Coolheaded+1","RitualDagger","Beam Cell","Genetic Algorithm+1","Self Repair","Hologram+1","White Noise+1","Coolheaded+1","Genetic Algorithm+1","Core Surge","Doom and Gloom+1","Defragment+1","Coolheaded","White Noise+1","All For One","Force Field"],"relics":["Cracked Core","Anchor","Golden Idol","Juzu Bracelet","Centennial Puzzle","Pandora\u0027s Box","Blood Vial","Blue Candle","Whetstone","Frozen Egg 2","DollysMirror","Art of War","Coffee Dripper","Calipers","Cables","FossilizedHelix","Red Mask","Kunai"],"potions_floor_usage":[50,50],"damage_taken":[{"damage":4,"enemies":"Small Slimes","floor":1,"turns":4},{"damage":3,"enemies":"Jaw Worm","floor":2,"turns":4},{"damage":0,"enemies":"Cultist","floor":5,"turns":3},{"damage":9,"enemies":"Exordium Thugs","floor":7,"turns":4},{"damage":0,"enemies":"2 Fungi Beasts","floor":11,"turns":3},{"damage":0,"enemies":"Blue Slaver","floor":12,"turns":3},{"damage":2,"enemies":"3 Sentries","floor":14,"turns":5},{"damage":20,"enemies":"The Guardian","floor":16,"turns":15},{"damage":0,"enemies":"Spheric Guardian","floor":18,"turns":4},{"damage":9,"enemies":"Gremlin Leader","floor":24,"turns":8},{"damage":0,"enemies":"2 Thieves","floor":29,"turns":4},{"damage":44,"enemies":"Automaton","floor":33,"turns":14},{"damage":11,"enemies":"3 Darklings","floor":35,"turns":7},{"damage":26,"enemies":"2 Orb Walkers","floor":39,"turns":4},{"damage":0,"enemies":"3 Shapes","floor":44,"turns":6},{"damage":0,"enemies":"Sphere and 2 Shapes","floor":45,"turns":5},{"damage":0,"enemies":"4 Shapes","floor":46,"turns":2},{"damage":0,"enemies":"Maw","floor":48,"turns":8},{"damage":0,"enemies":"Time Eater","floor":50,"turns":15}],"seed_played":"-5445843177309219569","potions_obtained":[{"floor":2,"key":"SteroidPotion"},{"floor":14,"key":"Regen Potion"},{"floor":16,"key":"FearPotion"}],"is_trial":false,"path_per_floor":["M","M","$","?","M","R","M","R","T","R","M","M","?","E","R","B",null,"M","?","?","?","$","R","E","T","T","?","R","M","?","$","R","B",null,"M","T","?","T","?","R","$","?","T","M","M","M","R","M","R","B",null],"character_chosen":"DEFECT","items_purchased":["Ball Lightning","Gash","Anchor","Genetic Algorithm","Self Repair","DollysMirror","Art of War","Defragment+1","Coolheaded"],"campfire_rested":0,"item_purchase_floors":[3,3,3,22,22,31,31,41,41],"current_hp_per_floor":[71,68,68,68,68,68,59,59,59,59,59,59,59,57,57,37,69,69,69,63,63,63,63,63,63,63,63,63,69,69,69,69,25,69,65,65,65,65,47,47,47,47,47,56,66,66,66,66,66,66],"gold":57,"neow_bonus":"TWO_FIFTY_GOLD","is_prod":false,"is_daily":false,"chose_seed":false,"campfire_upgraded":10,"win_rate":0,"timestamp":1565605880,"path_taken":["M","M","$","?","M","R","M","R","T","R","M","M","?","E","R","BOSS","M","?","?","?","$","R","E","?","T","?","R","M","?","$","R","BOSS","M","?","?","?","?","R","$","?","T","M","M","M","R","M","R","BOSS"],"build_version":"2019-07-17","purchased_purges":2,"victory":true,"max_hp_per_floor":[75,75,75,69,69,69,69,69,69,69,69,69,69,69,69,69,69,69,69,69,69,69,69,69,69,69,69,69,69,69,69,69,69,69,69,69,66,66,66,66,66,66,66,66,66,66,66,66,66,66],"card_choices":[{"not_picked":["Steam Power","Blizzard"],"picked":"Stack","floor":1},{"not_picked":["Blizzard","Turbo"],"picked":"BootSequence","floor":2},{"not_picked":["Steam","Leap"],"picked":"Cold Snap","floor":5},{"not_picked":["Beam Cell","Reprogram"],"picked":"Ball Lightning","floor":7},{"not_picked":["Leap","Auto Shields"],"picked":"Buffer","floor":11},{"not_picked":["Darkness","Turbo"],"picked":"Coolheaded","floor":12},{"not_picked":["Rebound","Steam"],"picked":"Go for the Eyes","floor":14},{"not_picked":["Buffer","Seek"],"picked":"Electrodynamics","floor":16},{"not_picked":["Redo+1","Streamline"],"picked":"Coolheaded+1","floor":18},{"not_picked":["Go for the Eyes","Multi-Cast"],"picked":"Hologram+1","floor":24},{"not_picked":["Stack","Heatsinks+1"],"picked":"Coolheaded+1","floor":29},{"not_picked":["Machine Learning+1","Fission"],"picked":"Core Surge","floor":33},{"not_picked":["Ball Lightning","Turbo+1","Beam Cell+1"],"picked":"SKIP","floor":35},{"not_picked":["Cold Snap","Genetic Algorithm"],"picked":"Doom and Gloom+1","floor":39},{"not_picked":["Ball Lightning+1","Heatsinks+1"],"picked":"White Noise","floor":44},{"not_picked":["Conserve Battery","Go for the Eyes+1","Cold Snap"],"picked":"SKIP","floor":45},{"not_picked":["Coolheaded","Rebound+1"],"picked":"All For One","floor":46},{"not_picked":["Compile Driver","Cold Snap+1"],"picked":"Force Field","floor":48}],"player_experience":149964,"relics_obtained":[{"floor":9,"key":"Juzu Bracelet"},{"floor":14,"key":"Centennial Puzzle"},{"floor":24,"key":"Blue Candle"},{"floor":25,"key":"Whetstone"},{"floor":26,"key":"Frozen Egg 2"},{"floor":36,"key":"Calipers"},{"floor":38,"key":"Cables"},{"floor":39,"key":"FossilizedHelix"},{"floor":43,"key":"Kunai"}],"event_choices":[{"damage_healed":0,"gold_gain":0,"player_choice":"Lose Max HP","damage_taken":0,"relics_obtained":["Golden Idol"],"max_hp_gain":0,"max_hp_loss":6,"event_name":"Golden Idol","floor":4,"gold_loss":0},{"cards_removed":["Strike_B"],"damage_healed":0,"gold_gain":0,"player_choice":"Took Card","damage_taken":0,"max_hp_gain":0,"max_hp_loss":0,"event_name":"NoteForYourself","floor":13,"gold_loss":0,"cards_obtained":["Strike_G"]},{"damage_healed":0,"gold_gain":0,"player_choice":"Obtained Relic","damage_taken":0,"relics_obtained":["Blood Vial"],"max_hp_gain":0,"max_hp_loss":0,"event_name":"Addict","floor":19,"gold_loss":85},{"damage_healed":0,"gold_gain":0,"player_choice":"Joined the Cult","damage_taken":6,"max_hp_gain":0,"max_hp_loss":0,"event_name":"Nest","floor":20,"gold_loss":0,"cards_obtained":["RitualDagger"]},{"damage_healed":0,"gold_gain":0,"cards_transformed":["Amplify","Hyperbeam"],"player_choice":"Became Test Subject","damage_taken":0,"max_hp_gain":0,"max_hp_loss":0,"event_name":"Drug Dealer","floor":21,"gold_loss":0,"cards_obtained":["Streamline","Beam Cell"]},{"damage_healed":0,"gold_gain":0,"player_choice":"Read","damage_taken":0,"max_hp_gain":0,"max_hp_loss":0,"event_name":"The Library","floor":27,"gold_loss":0,"cards_obtained":["White Noise"]},{"damage_healed":0,"gold_gain":250,"player_choice":"Bet on Owner","damage_taken":0,"max_hp_gain":0,"max_hp_loss":0,"event_name":"The Joust","floor":30,"gold_loss":50},{"damage_healed":0,"gold_gain":0,"player_choice":"Max HP","damage_taken":0,"max_hp_gain":0,"max_hp_loss":3,"event_name":"Winding Halls","floor":37,"gold_loss":0},{"damage_healed":0,"gold_gain":0,"player_choice":"Fight","damage_taken":0,"max_hp_gain":0,"max_hp_loss":0,"event_name":"Mysterious Sphere","floor":39,"gold_loss":0},{"damage_healed":0,"gold_gain":0,"player_choice":"Paid","damage_taken":0,"relics_obtained":["Red Mask"],"max_hp_gain":0,"max_hp_loss":0,"event_name":"Tomb of Lord Red Mask","floor":42,"gold_loss":56}],"is_beta":false,"boss_relics":[{"not_picked":["Runic Pyramid","Empty Cage"],"picked":"Pandora\u0027s Box"},{"not_picked":["Sozu","Black Star"],"picked":"Coffee Dripper"}],"items_purged_floors":[3,41],"is_endless":false,"potions_floor_spawned":[2,14,16,24,39,46,48],"ascension_level":0}