{"gold_per_floor":[117,117,130,55,55,87,7,39,62,81,81,137,148,181,181,259,259,275,79,39,49,49,49],"floor_reached":23,"playtime":735,"items_purged":["Strike_R","Strike_R"],"score":464,"play_id":"8491a7f9-2607-415e-8086-b486bd42c359","local_time":"20190813170703","is_ascension_mode":true,"campfire_choices":[{"data":"Heavy Blade","floor":11.0,"key":"SMITH"},{"data":"Armaments","floor":15.0,"key":"SMITH"}],"neow_cost":"NONE","seed_source_timestamp":320876803298300,"circlet_count":0,"master_deck":["AscendersBane","Strike_R","Strike_R","Strike_R","Defend_R","Defend_R","Defend_R+1","Defend_R","Bash","Whirlwind","Heavy Blade+1","Flame Barrier","Wild Strike","Spot Weakness+1","Shrug It Off","Armaments+1","Sword Boomerang","Limit Break","Limit Break","Flame Barrier+1","Madness"],"special_seed":0,"relics":["Burning Blood","NeowsBlessing","Smiling Mask","Question Card","War Paint","Lantern","Shuriken","Black Star"],"potions_floor_usage":[23,23,23],"damage_taken":[{"damage":0.0,"enemies":"Small Slimes","floor":1.0,"turns":1.0},{"damage":0.0,"enemies":"Jaw Worm","floor":3.0,"turns":1.0},{"damage":0.0,"enemies":"3 Sentries","floor":6.0,"turns":1.0},{"damage":8.0,"enemies":"Gremlin Nob","floor":8.0,"turns":3.0},{"damage":1.0,"enemies":"Cultist","floor":10.0,"turns":4.0},{"damage":25.0,"enemies":"3 Sentries","floor":12.0,"turns":4.0},{"damage":10.0,"enemies":"Large Slime","floor":13.0,"turns":6.0},{"damage":10.0,"enemies":"3 Sentries","floor":14.0,"turns":3.0},{"damage":44.0,"enemies":"Slime Boss","floor":16.0,"turns":8.0},{"damage":41.0,"enemies":"2 Thieves","floor":18.0,"turns":4.0},{"damage":0.0,"enemies":"Spheric Guardian","floor":21.0,"turns":3.0},{"damage":57,"enemies":"Slavers","floor":23,"turns":4}],"seed_played":"6777885548304043850","potions_obtained":[{"floor":1.0,"key":"LiquidBronze"},{"floor":8.0,"key":"Swift Potion"},{"floor":10.0,"key":"Fire Potion"},{"floor":13.0,"key":"FearPotion"},{"floor":18.0,"key":"Dexterity Potion"},{"floor":20.0,"key":"EntropicBrew"}],"is_trial":false,"path_per_floor":["M","?","M","$","?","E","$","E","T","M","R","?","M","E","R","B",null,"M","$","?","M","?","E"],"character_chosen":"IRONCLAD","items_purchased":["Fire Potion","Wild Strike","Strength Potion","Madness"],"campfire_rested":0,"item_purchase_floors":[7,7,19,19],"current_hp_per_floor":[74,74,75,75,75,75,75,73,73,75,75,56,52,48,48,10,59,24,24,24,30,45,0],"gold":49,"neow_bonus":"THREE_ENEMY_KILL","is_prod":false,"is_daily":false,"chose_seed":false,"campfire_upgraded":2,"win_rate":0,"timestamp":1565730423,"path_taken":["M","?","M","$","?","E","?","E","T","?","R","?","M","E","R","BOSS","M","$","?","?","?","E"],"build_version":"2019-07-17","purchased_purges":2,"victory":false,"max_hp_per_floor":[75,75,75,75,75,75,75,75,75,75,75,75,75,75,75,75,75,75,75,75,75,75,75],"card_choices":[{"not_picked":["Anger","Rage"],"picked":"Whirlwind","floor":1.0},{"not_picked":["Warcry","Wild Strike"],"picked":"Heavy Blade","floor":3.0},{"not_picked":["True Grit","Armaments"],"picked":"Flame Barrier","floor":6.0},{"not_picked":["Evolve","Body Slam"],"picked":"Spot Weakness","floor":8.0},{"not_picked":["Warcry","Uppercut","Rage"],"picked":"Shrug It Off","floor":10.0},{"not_picked":["Rampage","Evolve","Sentinel"],"picked":"Armaments","floor":12.0},{"not_picked":["Bloodletting","Ghostly Armor","Warcry"],"picked":"Sword Boomerang","floor":13.0},{"not_picked":["Sword Boomerang","Clash","Double Tap"],"picked":"Limit Break","floor":14.0},{"not_picked":["Bludgeon","Barricade","Berserk"],"picked":"Limit Break","floor":16.0},{"not_picked":["Body Slam+1","Warcry","Iron Wave"],"picked":"Flame Barrier+1","floor":18.0},{"not_picked":["Sentinel","Thunderclap","Sever Soul","Cleave"],"picked":"SKIP","floor":21.0}],"player_experience":1468083,"relics_obtained":[{"floor":6.0,"key":"Smiling Mask"},{"floor":8.0,"key":"Question Card"},{"floor":9.0,"key":"War Paint"},{"floor":12.0,"key":"Lantern"},{"floor":14.0,"key":"Shuriken"}],"event_choices":[{"damage_healed":0.0,"max_hp_gain":0.0,"max_hp_loss":0.0,"gold_gain":0.0,"event_name":"The Cleric","player_choice":"Leave","floor":2.0,"gold_loss":0.0,"damage_taken":0.0},{"damage_healed":0.0,"max_hp_gain":0.0,"max_hp_loss":0.0,"gold_gain":0.0,"event_name":"Liars Game","player_choice":"Ignored","floor":5.0,"gold_loss":0.0,"damage_taken":0.0},{"damage_healed":0.0,"max_hp_gain":0.0,"max_hp_loss":0.0,"gold_gain":0.0,"event_name":"Dead Adventurer","player_choice":"Searched \u00271\u0027 times","floor":12.0,"gold_loss":0.0,"damage_taken":0.0},{"damage_healed":0.0,"max_hp_gain":0.0,"max_hp_loss":0.0,"gold_gain":0.0,"event_name":"The Woman in Blue","player_choice":"Bought 3 Potions","floor":20.0,"gold_loss":0.0,"damage_taken":0.0},{"damage_healed":15.0,"max_hp_gain":0.0,"max_hp_loss":0.0,"gold_gain":0.0,"event_name":"The Library","player_choice":"Heal","floor":22.0,"gold_loss":0.0,"damage_taken":0.0}],"is_beta":false,"boss_relics":[{"not_picked":["Runic Pyramid","White Beast Statue"],"picked":"Black Star"}],"items_purged_floors":[4,19],"is_endless":false,"potions_floor_spawned":[1,8,10,13,18],"killed_by":"Slavers","ascension_level":20}