{"gold_per_floor":[113,128,141,159,172,172,172,182,182,182,201,201,214,246,246,349,349,360,371,388,404,135,135,152,164,218,317,417,417,442,452,452,555,555,569,569,569],"floor_reached":38,"playtime":2570,"items_purged":["Strike_G"],"score":677,"play_id":"67279d43-03e0-4cc2-b58d-87fd2f617f33","local_time":"20190818131110","is_ascension_mode":false,"campfire_choices":[{"data":"Footwork","floor":7,"key":"SMITH"},{"data":"Deadly Poison","floor":10,"key":"SMITH"},{"data":"Neutralize","floor":12,"key":"SMITH"},{"data":"Quick Slash","floor":15,"key":"SMITH"},{"data":"A Thousand Cuts","floor":23,"key":"SMITH"},{"data":"Corpse Explosion","floor":29,"key":"SMITH"},{"floor":32,"key":"REST"}],"neow_cost":"NONE","seed_source_timestamp":2358772069264600,"circlet_count":0,"master_deck":["Strike_G","Strike_G","Strike_G","Strike_G","Defend_G","Defend_G","Defend_G","Defend_G","Defend_G","Survivor","Neutralize+1","Crippling Poison+1","Flying Knee","Quick Slash+1","Footwork+1","Glass Knife+1","Deadly Poison+1","Dodge and Roll","Escape Plan","Backflip","Corpse Explosion+1","Poisoned Stab+1","Underhanded Strike","PiercingWail+1","A Thousand Cuts+1","Choke","Backflip","Backflip+1","Deadly Poison","Leg Sweep","Prepared+1","Night Terror","Backflip"],"relics":["Ring of the Snake","Omamori","Bag of Preparation","Shovel","Snecko Eye","Tiny Chest","Unceasing Top","Paper Crane","PreservedInsect","Philosopher\u0027s Stone"],"potions_floor_usage":[5,20,24,24,28,28,37,37,37],"damage_taken":[{"damage":0,"enemies":"Cultist","floor":1,"turns":4},{"damage":0,"enemies":"Small Slimes","floor":2,"turns":5},{"damage":0,"enemies":"2 Louse","floor":3,"turns":4},{"damage":2,"enemies":"Large Slime","floor":4,"turns":6},{"damage":0,"enemies":"3 Louse","floor":5,"turns":3},{"damage":6,"enemies":"Gremlin Gang","floor":8,"turns":3},{"damage":0,"enemies":"2 Fungi Beasts","floor":11,"turns":3},{"damage":0,"enemies":"Exordium Thugs","floor":13,"turns":3},{"damage":6,"enemies":"Gremlin Nob","floor":14,"turns":4},{"damage":22,"enemies":"Hexaghost","floor":16,"turns":9},{"damage":0,"enemies":"Shell Parasite","floor":18,"turns":4},{"damage":3,"enemies":"Chosen","floor":19,"turns":6},{"damage":6,"enemies":"Sentry and Sphere","floor":20,"turns":3},{"damage":11,"enemies":"Snecko","floor":21,"turns":6},{"damage":2,"enemies":"Snake Plant","floor":24,"turns":4},{"damage":11,"enemies":"Centurion and Healer","floor":25,"turns":4},{"damage":11,"enemies":"Colosseum Slavers","floor":28,"turns":3},{"damage":0,"enemies":"Colosseum Nobs","floor":28,"turns":2},{"damage":0,"enemies":"Gremlin Leader","floor":30,"turns":5},{"damage":0,"enemies":"Cultist and Chosen","floor":31,"turns":4},{"damage":32,"enemies":"Automaton","floor":33,"turns":13},{"damage":0,"enemies":"3 Darklings","floor":35,"turns":2},{"damage":22,"enemies":"Awakened One","floor":37,"turns":20}],"seed_played":"-5401699322278975949","potions_obtained":[{"floor":2,"key":"GamblersBrew"},{"floor":3,"key":"AttackPotion"},{"floor":4,"key":"SkillPotion"},{"floor":14,"key":"Swift Potion"},{"floor":21,"key":"EntropicBrew"},{"floor":24,"key":"Fruit Juice"},{"floor":28,"key":"Dexterity Potion"},{"floor":33,"key":"Dexterity Potion"}],"is_trial":false,"path_per_floor":["M","M","M","M","M","?","R","M","T","R","M","R","M","E","R","B",null,"M","M","M","M","$","R","M","M","T","?","?","R","E","M","R","B",null,"M","?","B",null],"character_chosen":"THE_SILENT","items_purchased":["A Thousand Cuts","Choke"],"campfire_rested":1,"item_purchase_floors":[22,22],"current_hp_per_floor":[70,70,70,68,68,54,54,48,48,48,48,48,48,42,42,20,70,70,67,61,50,50,50,53,42,42,42,31,31,31,31,53,21,75,75,75,53],"gold":569,"neow_bonus":"RANDOM_COMMON_RELIC","is_prod":false,"is_daily":false,"chose_seed":false,"campfire_upgraded":6,"win_rate":1,"timestamp":1566101470,"path_taken":["M","M","M","?","M","?","R","M","T","R","M","R","M","E","R","BOSS","M","M","M","M","$","R","M","M","T","?","?","R","E","M","R","BOSS","M","?","BOSS"],"build_version":"2019-07-17","purchased_purges":1,"victory":true,"max_hp_per_floor":[70,70,70,70,70,70,70,70,70,70,70,70,70,70,70,70,70,70,70,70,70,70,70,75,75,75,75,75,75,75,75,75,75,75,75,75,75],"card_choices":[{"not_picked":["Dagger Throw","Poisoned Stab"],"picked":"Crippling Poison","floor":1},{"not_picked":["Blade Dance","Outmaneuver"],"picked":"Flying Knee","floor":2},{"not_picked":["Blur","Bane"],"picked":"Quick Slash","floor":3},{"not_picked":["Slice","Predator"],"picked":"Footwork","floor":4},{"not_picked":["Flying Knee","Heel Hook"],"picked":"Glass Knife","floor":5},{"not_picked":["Bane","Deflect"],"picked":"Deadly Poison","floor":8},{"not_picked":["Cloak And Dagger","Quick Slash"],"picked":"Dodge and Roll","floor":11},{"not_picked":["Dagger Throw","Skewer"],"picked":"Escape Plan","floor":13},{"not_picked":["Heel Hook","Deadly Poison"],"picked":"Backflip","floor":14},{"not_picked":["Doppelganger","Adrenaline"],"picked":"Corpse Explosion","floor":16},{"not_picked":["Sucker Punch+1","Bane"],"picked":"Poisoned Stab+1","floor":18},{"not_picked":["PiercingWail","Terror+1"],"picked":"Underhanded Strike","floor":19},{"not_picked":["Sucker Punch","Dagger Spray","Prepared"],"picked":"SKIP","floor":20},{"not_picked":["Concentrate","Dagger Throw"],"picked":"PiercingWail+1","floor":21},{"not_picked":["Malaise","Flying Knee+1"],"picked":"Backflip","floor":24},{"not_picked":["Endless Agony+1","Dash"],"picked":"Backflip+1","floor":25},{"not_picked":["Cloak And Dagger+1","Slice"],"picked":"Deadly Poison","floor":28},{"not_picked":["Doppelganger","Dagger Spray+1"],"picked":"Leg Sweep","floor":30},{"not_picked":["Concentrate+1","Escape Plan"],"picked":"Prepared+1","floor":31},{"not_picked":["A Thousand Cuts","Storm of Steel"],"picked":"Night Terror","floor":33},{"not_picked":["Outmaneuver","Flying Knee+1"],"picked":"Backflip","floor":35}],"player_experience":172384,"relics_obtained":[{"floor":9,"key":"Bag of Preparation"},{"floor":14,"key":"Shovel"},{"floor":26,"key":"Tiny Chest"},{"floor":28,"key":"Unceasing Top"},{"floor":28,"key":"Paper Crane"},{"floor":30,"key":"PreservedInsect"}],"event_choices":[{"damage_healed":0,"gold_gain":0,"player_choice":"Entered Light","damage_taken":14,"max_hp_gain":0,"max_hp_loss":0,"event_name":"Shining Light","floor":6,"gold_loss":0,"cards_upgraded":["Crippling Poison","Glass Knife"]},{"damage_healed":0,"gold_gain":99,"player_choice":"Stole From Cult","damage_taken":0,"max_hp_gain":0,"max_hp_loss":0,"event_name":"Nest","floor":27,"gold_loss":0},{"damage_healed":0,"gold_gain":0,"player_choice":"Fight","damage_taken":0,"max_hp_gain":0,"max_hp_loss":0,"event_name":"Colosseum","floor":28,"gold_loss":0},{"damage_healed":0,"gold_gain":0,"player_choice":"Fought Nobs","damage_taken":0,"max_hp_gain":0,"max_hp_loss":0,"event_name":"Colosseum","floor":28,"gold_loss":0},{"damage_healed":0,"gold_gain":0,"player_choice":"Took Portal","damage_taken":0,"max_hp_gain":0,"max_hp_loss":0,"event_name":"SecretPortal","floor":36,"gold_loss":0}],"is_beta":false,"boss_relics":[{"not_picked":["HoveringKite","Runic Dome"],"picked":"Snecko Eye"},{"not_picked":["Coffee Dripper","Tiny House"],"picked":"Philosopher\u0027s Stone"}],"items_purged_floors":[22],"is_endless":false,"potions_floor_spawned":[2,3,4,14,21,24,28,28,30,33,35],"ascension_level":0}