{"gold_per_floor":[115,12,12,30,30,30,47,47,72,105,105,119,119,119,119,195,245,264,35,46,46,66,66,66,66,66,66,66,76,111,36,36,36],"floor_reached":33,"playtime":1088,"items_purged":["Strike_G"],"score":547,"play_id":"6eba71ec-87a6-42f0-9b2c-cc19b03bdae8","local_time":"20190630193714","is_ascension_mode":true,"campfire_choices":[{"data":"Poisoned Stab","floor":6,"key":"SMITH"},{"data":"Catalyst","floor":11,"key":"SMITH"},{"data":"Caltrops","floor":13,"key":"SMITH"},{"floor":15,"key":"REST"},{"data":"After Image","floor":23,"key":"SMITH"},{"data":"Tools of the Trade","floor":25,"key":"SMITH"},{"data":"Escape Plan","floor":28,"key":"SMITH"},{"floor":32,"key":"REST"}],"neow_cost":"NONE","seed_source_timestamp":861097862265000,"circlet_count":0,"master_deck":["AscendersBane","Defend_G","Defend_G","Defend_G","Defend_G","Defend_G","Strike_G","Strike_G+1","Survivor","Neutralize+1","Quick Slash","Caltrops+1","Poisoned Stab+1","Dagger Spray","Catalyst+1","Masterful Stab","PiercingWail","Tools of the Trade+1","After Image+1","Backstab","PiercingWail","Endless Agony+1","Deadly Poison","Heel Hook","Escape Plan+1","After Image+1","Backflip","Flying Knee+1"],"relics":["Ring of the Snake","Bag of Preparation","Strawberry","Tiny House","Lee\u0027s Waffle","Pantograph","Tingsha"],"potions_floor_usage":[10,18,33],"damage_taken":[{"damage":6,"enemies":"Cultist","floor":1,"turns":6},{"damage":0,"enemies":"2 Louse","floor":4,"turns":3},{"damage":2,"enemies":"Jaw Worm","floor":7,"turns":4},{"damage":41,"enemies":"Lagavulin","floor":10,"turns":6},{"damage":1,"enemies":"2 Fungi Beasts","floor":12,"turns":3},{"damage":46,"enemies":"The Guardian","floor":16,"turns":10},{"damage":28,"enemies":"Chosen","floor":18,"turns":4},{"damage":27,"enemies":"Shell Parasite","floor":20,"turns":7},{"damage":2,"enemies":"Snecko","floor":22,"turns":4},{"damage":0,"enemies":"Snake Plant","floor":29,"turns":4},{"damage":37,"enemies":"Gremlin Leader","floor":30,"turns":8},{"damage":102,"enemies":"Automaton","floor":33,"turns":12}],"seed_played":"-4151072519204514437","potions_obtained":[{"floor":7,"key":"GamblersBrew"},{"floor":12,"key":"LiquidBronze"},{"floor":16,"key":"Poison Potion"},{"floor":20,"key":"Ancient Potion"}],"is_trial":false,"path_per_floor":["M","$","?","M","$","R","M","?","T","E","R","M","R","?","R","B",null,"M","$","M","?","M","R","?","R","T","?","R","M","E","$","R","B"],"character_chosen":"THE_SILENT","items_purchased":["Caltrops","PiercingWail","Lee\u0027s Waffle"],"campfire_rested":2,"item_purchase_floors":[2,2,19],"current_hp_per_floor":[53,53,58,58,58,58,56,61,61,27,27,26,26,26,49,3,64,36,90,63,63,61,61,61,61,61,61,61,61,24,24,51,0],"gold":36,"neow_bonus":"UPGRADE_CARD","is_prod":false,"is_daily":false,"chose_seed":false,"campfire_upgraded":6,"win_rate":0,"timestamp":1561937834,"path_taken":["M","$","?","M","?","R","M","?","T","E","R","M","R","?","R","BOSS","M","$","?","?","M","R","?","R","T","?","R","M","E","$","R","BOSS"],"build_version":"2019-01-23","purchased_purges":1,"victory":false,"max_hp_per_floor":[66,66,66,66,66,66,66,71,71,78,78,78,78,78,78,78,83,83,90,90,90,90,90,90,90,90,90,90,90,90,90,90,90],"card_choices":[{"not_picked":["Infinite Blades","Dodge and Roll"],"picked":"Quick Slash","floor":1},{"not_picked":["Sucker Punch","Flying Knee"],"picked":"Poisoned Stab","floor":4},{"not_picked":["Calculated Gamble","Tactician"],"picked":"Dagger Spray","floor":7},{"not_picked":["Heel Hook","Reflex"],"picked":"Catalyst","floor":10},{"not_picked":["Cloak And Dagger","Sucker Punch"],"picked":"Masterful Stab","floor":12},{"not_picked":["Tools of the Trade","Grand Finale"],"picked":"After Image","floor":16},{"not_picked":["Outmaneuver","Cloak And Dagger"],"picked":"Backstab","floor":17},{"not_picked":["Deflect","Sucker Punch+1"],"picked":"PiercingWail","floor":18},{"not_picked":["Blur","Bane"],"picked":"Endless Agony+1","floor":20},{"not_picked":["Dash","Deflect"],"picked":"Escape Plan","floor":22},{"not_picked":["Distraction","Predator"],"picked":"Backflip","floor":29},{"not_picked":["Accuracy","Dash"],"picked":"Flying Knee+1","floor":30}],"player_experience":1254510,"relics_obtained":[{"floor":9,"key":"Bag of Preparation"},{"floor":10,"key":"Strawberry"},{"floor":26,"key":"Pantograph"},{"floor":30,"key":"Tingsha"}],"event_choices":[{"cards_removed":["PiercingWail"],"damage_healed":5,"gold_gain":0,"player_choice":"Offered Common","damage_taken":0,"max_hp_gain":0,"max_hp_loss":0,"event_name":"Bonfire Elementals","floor":3,"gold_loss":0},{"cards_removed":["PiercingWail"],"damage_healed":5,"gold_gain":0,"player_choice":"Offered Special","damage_taken":0,"max_hp_gain":0,"max_hp_loss":0,"event_name":"Bonfire Elementals","floor":3,"gold_loss":0},{"damage_healed":0,"gold_gain":0,"player_choice":"Donut","damage_taken":0,"max_hp_gain":5,"max_hp_loss":0,"event_name":"Big Fish","floor":8,"gold_loss":0},{"damage_healed":0,"gold_gain":0,"player_choice":"2 cards matched","damage_taken":0,"max_hp_gain":0,"max_hp_loss":0,"event_name":"Match and Keep!","floor":14,"gold_loss":0,"cards_obtained":["PiercingWail","Tools of the Trade"]},{"damage_healed":0,"gold_gain":0,"cards_transformed":["Strike_G","Strike_G"],"player_choice":"Became Test Subject","damage_taken":0,"max_hp_gain":0,"max_hp_loss":0,"event_name":"Drug Dealer","floor":21,"gold_loss":0,"cards_obtained":["Deadly Poison","Heel Hook"]},{"damage_healed":0,"gold_gain":0,"player_choice":"Ignored","damage_taken":0,"max_hp_gain":0,"max_hp_loss":0,"event_name":"Beggar","floor":24,"gold_loss":0},{"damage_healed":0,"gold_gain":0,"player_choice":"Copied","damage_taken":0,"max_hp_gain":0,"max_hp_loss":0,"event_name":"Duplicator","floor":27,"gold_loss":0,"cards_obtained":["After Image"]}],"is_beta":false,"boss_relics":[{"not_picked":["Lizard Tail","Fusion Hammer"],"picked":"Tiny House"}],"items_purged_floors":[31],"is_endless":false,"potions_floor_spawned":[7,12,16,20],"killed_by":"Automaton","ascension_level":20}