{"gold_per_floor":[113,133,133,133,147,176,176,207,271,301,327,353,365,394,406,495,507,531,554,37,52,64,64,64],"floor_reached":24,"playtime":1153,"items_purged":[],"score":424,"play_id":"cbdd560f-9175-49cc-8036-5b74e505e61b","local_time":"20190605182817","is_ascension_mode":true,"campfire_choices":[{"data":"Perfected Strike","floor":7.0,"key":"SMITH"},{"data":"Uppercut","floor":13.0,"key":"SMITH"},{"data":"Anger","floor":15.0,"key":"SMITH"},{"floor":23.0,"key":"REST"}],"neow_cost":"NONE","seed_source_timestamp":778794330899500,"circlet_count":0,"master_deck":["AscendersBane","Strike_R+1","Strike_R","Strike_R","Strike_R","Strike_R","Defend_R","Defend_R","Defend_R","Defend_R+1","Bash+1","Inflame","Cleave","Power Through","Perfected Strike+1","Pommel Strike","Second Wind","Battle Trance","Uppercut+1","Anger+1","Juggernaut","Iron Wave","Whirlwind","Perfected Strike+1","True Grit","Iron Wave+1"],"special_seed":0,"relics":["Burning Blood","Ornamental Fan","MawBank","Mark of Pain","Molten Egg 2","Pen Nib"],"potions_floor_usage":[],"damage_taken":[{"damage":15.0,"enemies":"2 Louse","floor":1.0,"turns":5.0},{"damage":9.0,"enemies":"Jaw Worm","floor":2.0,"turns":5.0},{"damage":3.0,"enemies":"Cultist","floor":5.0,"turns":4.0},{"damage":22.0,"enemies":"3 Sentries","floor":6.0,"turns":7.0},{"damage":16.0,"enemies":"Gremlin Nob","floor":8.0,"turns":4.0},{"damage":6.0,"enemies":"2 Fungi Beasts","floor":10.0,"turns":3.0},{"damage":0.0,"enemies":"Exordium Wildlife","floor":11.0,"turns":3.0},{"damage":0.0,"enemies":"Looter","floor":12.0,"turns":3.0},{"damage":7.0,"enemies":"Exordium Thugs","floor":14.0,"turns":3.0},{"damage":18.0,"enemies":"Slime Boss","floor":16.0,"turns":8.0},{"damage":14.0,"enemies":"Shell Parasite","floor":18.0,"turns":4.0},{"damage":16.0,"enemies":"2 Thieves","floor":19.0,"turns":4.0},{"damage":24.0,"enemies":"Chosen and Byrds","floor":21.0,"turns":4.0},{"damage":0.0,"enemies":"Sentry and Sphere","floor":22.0,"turns":3.0},{"damage":64,"enemies":"Slavers","floor":24,"turns":3}],"seed_played":"-8604073482414021431","potions_obtained":[{"floor":2.0,"key":"Block Potion"},{"floor":6.0,"key":"Block Potion"},{"floor":10.0,"key":"Swift Potion"},{"floor":12.0,"key":"Fire Potion"},{"floor":18.0,"key":"Swift Potion"}],"is_trial":false,"path_per_floor":["M","M","?","?","M","E","R","E","T","M","M","M","R","M","R","B",null,"M","M","$","M","M","R","E"],"character_chosen":"IRONCLAD","items_purchased":["Molten Egg 2","Pen Nib","Perfected Strike+1","Fire Potion"],"campfire_rested":1,"item_purchase_floors":[20,20,20,20],"current_hp_per_floor":[59,56,33,33,36,20,20,10,10,10,16,22,22,21,21,9,59,51,41,41,23,29,51,0],"gold":64,"neow_bonus":"UPGRADE_CARD","is_prod":false,"is_daily":false,"chose_seed":false,"campfire_upgraded":3,"win_rate":0,"timestamp":1559773697,"path_taken":["M","M","?","?","M","E","R","E","T","M","M","M","R","M","R","BOSS","M","M","?","M","M","R","E"],"build_version":"2019-01-23","purchased_purges":0,"victory":false,"max_hp_per_floor":[75,75,75,75,75,75,75,75,75,75,75,75,75,75,75,75,75,75,75,75,75,75,75,75],"card_choices":[{"not_picked":["Anger","Clash"],"picked":"Inflame","floor":1.0},{"not_picked":["Reckless Charge","Body Slam"],"picked":"Cleave","floor":2.0},{"not_picked":["Flex","Wild Strike"],"picked":"Perfected Strike","floor":5.0},{"not_picked":["Body Slam","Havoc"],"picked":"Pommel Strike","floor":6.0},{"not_picked":["Cleave","Warcry"],"picked":"Second Wind","floor":8.0},{"not_picked":["Shrug It Off","Rampage"],"picked":"Battle Trance","floor":10.0},{"not_picked":["Blood for Blood","Heavy Blade"],"picked":"Uppercut","floor":11.0},{"not_picked":["Clothesline","Heavy Blade"],"picked":"Anger","floor":12.0},{"not_picked":["Warcry","Headbutt","Anger"],"picked":"SKIP","floor":14.0},{"not_picked":["Warcry","Headbutt","Anger"],"picked":"SKIP","floor":14.0},{"not_picked":["Bludgeon","Berserk"],"picked":"Juggernaut","floor":16.0},{"not_picked":["Dual Wield","Wild Strike"],"picked":"Iron Wave","floor":18.0},{"not_picked":["Entrench","Twin Strike"],"picked":"Whirlwind","floor":19.0},{"not_picked":["Twin Strike+1","Flex"],"picked":"True Grit","floor":21.0},{"not_picked":["Anger+1","Shockwave"],"picked":"Iron Wave+1","floor":22.0}],"player_experience":1142611,"relics_obtained":[{"floor":6.0,"key":"Ornamental Fan"},{"floor":8.0,"key":"MawBank"}],"event_choices":[{"damage_healed":0.0,"max_hp_gain":0.0,"max_hp_loss":0.0,"gold_gain":0.0,"event_name":"Shining Light","player_choice":"Entered Light","floor":3.0,"gold_loss":0.0,"damage_taken":23.0,"cards_upgraded":["Defend_R","Strike_R"]},{"damage_healed":0.0,"max_hp_gain":0.0,"max_hp_loss":0.0,"gold_gain":0.0,"event_name":"Match and Keep!","player_choice":"1 cards matched","floor":4.0,"gold_loss":0.0,"damage_taken":0.0,"cards_obtained":["Power Through"]}],"is_beta":false,"boss_relics":[{"not_picked":["Orrery","White Beast Statue"],"picked":"Mark of Pain"}],"items_purged_floors":[],"is_endless":false,"potions_floor_spawned":[2,6,10,12,18],"killed_by":"Slavers","ascension_level":20}