{"gold_per_floor":[119,135,135,135,147,147,14,14,92,120,120,147,165,5,5,80,80,94,108,108,127,142,142,171,171,220,220,238,8,8,19,19,19],"floor_reached":33,"playtime":1860,"items_purged":["Strike_G"],"score":575,"play_id":"c00d53f7-7315-4d4d-8ff5-90f62a7b2271","local_time":"20190708173415","is_ascension_mode":true,"campfire_choices":[{"data":"Neutralize","floor":6,"key":"SMITH"},{"data":"Crippling Poison","floor":8,"key":"SMITH"},{"data":"Terror","floor":11,"key":"SMITH"},{"data":"Well Laid Plans","floor":15,"key":"SMITH"},{"floor":23,"key":"REST"},{"data":"Die Die Die","floor":25,"key":"SMITH"},{"data":"Bane","floor":30,"key":"SMITH"},{"data":"Quick Slash","floor":32,"key":"SMITH"}],"neow_cost":"NONE","seed_source_timestamp":77709850746900,"circlet_count":0,"master_deck":["AscendersBane","Strike_G","Strike_G","Strike_G","Defend_G+1","Defend_G","Defend_G","Defend_G","Defend_G+1","Survivor","Neutralize+1","Poisoned Stab+1","Terror+1","Crippling Poison+1","Cloak And Dagger","Bane+1","Poisoned Stab","Well Laid Plans+1","Die Die Die+1","Flying Knee","Deflect+1","Deadly Poison+1","Quick Slash+1"],"relics":["Ring of the Snake","Anchor","Strawberry","PreservedInsect","Sozu","War Paint","Bag of Preparation","Lee\u0027s Waffle"],"potions_floor_usage":[12,16,24,28],"damage_taken":[{"damage":11,"enemies":"Small Slimes","floor":1,"turns":5},{"damage":0,"enemies":"Cultist","floor":2,"turns":3},{"damage":0,"enemies":"2 Louse","floor":5,"turns":4},{"damage":30,"enemies":"Lagavulin","floor":10,"turns":7},{"damage":8,"enemies":"Gremlin Nob","floor":12,"turns":3},{"damage":0,"enemies":"Red Slaver","floor":13,"turns":3},{"damage":9,"enemies":"Hexaghost","floor":16,"turns":8},{"damage":0,"enemies":"2 Thieves","floor":18,"turns":4},{"damage":13,"enemies":"Chosen","floor":19,"turns":4},{"damage":16,"enemies":"3 Cultists","floor":21,"turns":4},{"damage":7,"enemies":"Centurion and Healer","floor":22,"turns":6},{"damage":9,"enemies":"Slavers","floor":24,"turns":5},{"damage":6,"enemies":"Cultist and Chosen","floor":28,"turns":5},{"damage":5,"enemies":"Sentry and Sphere","floor":31,"turns":5},{"damage":114,"enemies":"Collector","floor":33,"turns":9}],"seed_played":"4030281092943124532","potions_obtained":[{"floor":2,"key":"SneckoOil"},{"floor":10,"key":"Swift Potion"},{"floor":12,"key":"SkillPotion"},{"floor":16,"key":"PowerPotion"}],"is_trial":false,"path_per_floor":["M","M","?","?","M","R","$","R","T","E","R","E","M","$","R","B",null,"M","M","?","M","M","R","E","R","T","?","M","$","R","M","R","B"],"character_chosen":"THE_SILENT","items_purchased":["Crippling Poison","Energy Potion","Well Laid Plans","Lee\u0027s Waffle"],"campfire_rested":1,"item_purchase_floors":[7,7,14,29],"current_hp_per_floor":[54,54,54,54,54,54,54,54,54,31,31,23,23,23,23,14,63,63,50,50,34,27,50,41,41,41,41,35,86,86,81,81,0],"gold":19,"neow_bonus":"TEN_PERCENT_HP_BONUS","is_prod":false,"is_daily":false,"chose_seed":false,"campfire_upgraded":7,"win_rate":0,"timestamp":1562621655,"path_taken":["M","M","?","?","M","R","$","R","T","E","R","E","?","$","R","BOSS","M","M","?","?","M","R","E","R","T","?","M","$","R","?","R","BOSS"],"build_version":"2019-07-05","purchased_purges":1,"victory":false,"max_hp_per_floor":[72,72,72,72,72,72,72,72,72,79,79,79,79,79,79,79,79,79,79,79,79,79,79,79,79,79,79,79,86,86,86,86,86],"card_choices":[{"not_picked":["Deflect","Blade Dance"],"picked":"Poisoned Stab","floor":1},{"not_picked":["Expertise","Underhanded Strike"],"picked":"Terror","floor":2},{"not_picked":["Sucker Punch","Choke","Heel Hook"],"picked":"SKIP","floor":5},{"not_picked":["Blade Dance","Slice"],"picked":"Cloak And Dagger","floor":10},{"not_picked":["Eviscerate","Bullet Time"],"picked":"Bane","floor":12},{"not_picked":["Blade Dance","Dagger Spray"],"picked":"Poisoned Stab","floor":13},{"not_picked":["Storm of Steel","Glass Knife"],"picked":"Die Die Die","floor":16},{"not_picked":["Deflect","Finisher"],"picked":"Flying Knee","floor":18},{"not_picked":["Dagger Throw","Eviscerate","Riddle With Holes"],"picked":"SKIP","floor":19},{"not_picked":["Tactician","Setup"],"picked":"Deflect+1","floor":21},{"not_picked":["Sucker Punch","All Out Attack"],"picked":"Deadly Poison+1","floor":22},{"not_picked":["Backstab","Caltrops+1","Choke"],"picked":"SKIP","floor":24},{"not_picked":["Prepared","Terror","Masterful Stab"],"picked":"SKIP","floor":28},{"not_picked":["Prepared","Terror","Masterful Stab"],"picked":"SKIP","floor":28},{"not_picked":["Terror","Tactician+1"],"picked":"Quick Slash","floor":31}],"player_experience":1320597,"relics_obtained":[{"floor":10,"key":"Strawberry"},{"floor":12,"key":"PreservedInsect"},{"floor":24,"key":"War Paint"},{"floor":26,"key":"Bag of Preparation"}],"event_choices":[{"damage_healed":0,"gold_gain":0,"player_choice":"Grow","damage_taken":0,"max_hp_gain":0,"max_hp_loss":0,"event_name":"Living Wall","floor":3,"gold_loss":0,"cards_upgraded":["Poisoned Stab"]},{"damage_healed":0,"gold_gain":0,"player_choice":"Gave Potion","damage_taken":0,"relics_obtained":["Anchor"],"max_hp_gain":0,"max_hp_loss":0,"event_name":"WeMeetAgain","floor":4,"gold_loss":0},{"damage_healed":0,"gold_gain":0,"player_choice":"0 cards matched","damage_taken":0,"max_hp_gain":0,"max_hp_loss":0,"event_name":"Match and Keep!","floor":20,"gold_loss":0,"cards_obtained":[]},{"cards_removed":["Strike_G"],"damage_healed":0,"gold_gain":0,"player_choice":"Purged","damage_taken":0,"max_hp_gain":0,"max_hp_loss":0,"event_name":"Purifier","floor":27,"gold_loss":0}],"is_beta":false,"boss_relics":[{"not_picked":["Astrolabe","Coffee Dripper"],"picked":"Sozu"}],"items_purged_floors":[14],"is_endless":false,"potions_floor_spawned":[2,10,12,16,18,22,24,31],"killed_by":"Collector","ascension_level":20}