{"gold_per_floor":[116,134,154,3,3,3,36,50,50,69,145,145,171,191,191,265,265,284,284,300,200,217,244,244,21,21,21,47,62,62,89,89,166,166,176,196,66,66,83,83,112,123,173,187,218,218,218,266,266,266,266,266,266,83,117,117],"floor_reached":56,"playtime":2798,"items_purged":["Strike_B","Strike_B","Strike_B","Zap","Defend_B"],"score":1930,"play_id":"517acad3-b58e-4463-bec1-68303feb6b3c","local_time":"20190902104830","is_ascension_mode":true,"campfire_choices":[{"data":"Beam Cell","floor":6.0,"key":"SMITH"},{"floor":12.0,"key":"REST"},{"data":"Go for the Eyes","floor":15.0,"key":"SMITH"},{"floor":24.0,"key":"REST"},{"floor":27.0,"key":"REST"},{"floor":32.0,"key":"REST"},{"floor":40.0,"key":"REST"},{"floor":47.0,"key":"RECALL"},{"floor":49.0,"key":"REST"},{"floor":53.0,"key":"REST"}],"neow_cost":"PERCENT_DAMAGE","seed_source_timestamp":353695687144400,"circlet_count":0,"master_deck":["AscendersBane","Defend_B","Defend_B","Defend_B","Dualcast","Lockon","Ball Lightning","Beam Cell+1","Sunder","Conserve Battery","Double Energy","Go for the Eyes+1","Capacitor","Hologram","Core Surge","Electrodynamics","Glacier","Ball Lightning","Cold Snap","Defragment","Coolheaded","Undo","Reinforced Body+1","Doom and Gloom","Biased Cognition+1","Force Field","Consume","Compile Driver+1","Loop+1","Seek"],"special_seed":0,"relics":["Cracked Core","Centennial Puzzle","Matryoshka","Lantern","Regal Pillow","Odd Mushroom","Fusion Hammer","Smiling Mask","Question Card","Meat on the Bone","Frozen Egg 2","Blood Vial","Inserter","DataDisk","Cables","Torii","Happy Flower"],"potions_floor_usage":[56],"damage_taken":[{"damage":2.0,"enemies":"Jaw Worm","floor":1.0,"turns":3.0},{"damage":6.0,"enemies":"Cultist","floor":2.0,"turns":3.0},{"damage":5.0,"enemies":"Small Slimes","floor":3.0,"turns":3.0},{"damage":25.0,"enemies":"Lagavulin","floor":7.0,"turns":6.0},{"damage":7.0,"enemies":"Gremlin Gang","floor":8.0,"turns":3.0},{"damage":0.0,"enemies":"2 Fungi Beasts","floor":10.0,"turns":2.0},{"damage":6.0,"enemies":"The Mushroom Lair","floor":13.0,"turns":3.0},{"damage":2.0,"enemies":"Red Slaver","floor":14.0,"turns":3.0},{"damage":10.0,"enemies":"Slime Boss","floor":16.0,"turns":6.0},{"damage":30.0,"enemies":"3 Byrds","floor":18.0,"turns":6.0},{"damage":6.0,"enemies":"Spheric Guardian","floor":20.0,"turns":3.0},{"damage":0.0,"enemies":"Snecko","floor":22.0,"turns":6.0},{"damage":23.0,"enemies":"Book of Stabbing","floor":23.0,"turns":3.0},{"damage":69.0,"enemies":"Gremlin Leader","floor":28.0,"turns":8.0},{"damage":7.0,"enemies":"Centurion and Healer","floor":29.0,"turns":6.0},{"damage":21.0,"enemies":"Slavers","floor":31.0,"turns":6.0},{"damage":13.0,"enemies":"Champ","floor":33.0,"turns":21.0},{"damage":0.0,"enemies":"3 Shapes","floor":35.0,"turns":6.0},{"damage":9.0,"enemies":"Orb Walker","floor":36.0,"turns":5.0},{"damage":32.0,"enemies":"Spire Growth","floor":39.0,"turns":9.0},{"damage":48.0,"enemies":"Giant Head","floor":41.0,"turns":11.0},{"damage":13.0,"enemies":"Maw","floor":42.0,"turns":8.0},{"damage":12.0,"enemies":"Sphere and 2 Shapes","floor":44.0,"turns":7.0},{"damage":31.0,"enemies":"Nemesis","floor":45.0,"turns":7.0},{"damage":32.0,"enemies":"2 Orb Walkers","floor":48.0,"turns":4.0},{"damage":23.0,"enemies":"Donu and Deca","floor":50.0,"turns":12.0},{"damage":20.0,"enemies":"Time Eater","floor":51.0,"turns":11.0},{"damage":41.0,"enemies":"Shield and Spear","floor":55.0,"turns":11.0},{"damage":54,"enemies":"The Heart","floor":56,"turns":3}],"seed_played":"911163302178525048","potions_obtained":[{"floor":1.0,"key":"PowerPotion"},{"floor":3.0,"key":"Strength Potion"},{"floor":7.0,"key":"FearPotion"},{"floor":10.0,"key":"FearPotion"},{"floor":14.0,"key":"Energy Potion"},{"floor":22.0,"key":"Fire Potion"},{"floor":28.0,"key":"FearPotion"},{"floor":36.0,"key":"AttackPotion"},{"floor":41.0,"key":"Swift Potion"},{"floor":44.0,"key":"SkillPotion"}],"is_trial":false,"path_per_floor":["M","M","M","$","?","R","E","M","T","M","?","R","?","M","R","B",null,"M","?","M","$","M","E","R","$","T","R","E","M","?","E","R","B",null,"M","M","$","?","M","R","E","M","T","M","E","?","R","?","R","B","B",null,"R","$","E","B"],"character_chosen":"DEFECT","items_purchased":["Sunder","Defragment","Coolheaded","Undo","FocusPotion","Seek","Dexterity Potion"],"campfire_rested":7,"item_purchase_floors":[4,25,25,25,37,54,54],"current_hp_per_floor":[58,52,47,47,47,47,22,15,15,15,15,55,49,47,47,37,73,43,43,37,37,37,14,54,54,54,85,28,33,33,24,64,53,77,79,72,72,72,42,81,45,46,46,48,31,31,31,13,52,43,37,70,81,81,52,0],"gold":117,"neow_bonus":"TWENTY_PERCENT_HP_BONUS","is_prod":false,"is_daily":false,"chose_seed":false,"campfire_upgraded":2,"win_rate":0,"timestamp":1567435710,"path_taken":["M","M","M","$","?","R","E","?","T","M","?","R","?","M","R","BOSS","M","?","M","$","?","E","R","$","T","R","E","M","?","E","R","BOSS","M","M","$","?","M","R","E","M","T","M","E","?","R","?","R","BOSS","BOSS","R","$","E","BOSS"],"build_version":"2019-08-26","purchased_purges":5,"victory":false,"max_hp_per_floor":[85,85,85,85,85,85,85,85,85,85,85,85,85,85,85,85,85,85,85,85,85,85,85,85,85,85,85,85,85,85,85,85,85,85,85,85,85,81,81,81,81,81,81,81,81,81,81,81,81,81,81,81,81,81,81,81],"card_choices":[{"not_picked":["Loop","Steam"],"picked":"Lockon","floor":1.0},{"not_picked":["Streamline","Redo"],"picked":"Ball Lightning","floor":2.0},{"not_picked":["BootSequence","Stack"],"picked":"Beam Cell","floor":3.0},{"not_picked":["Sweeping Beam","Steam"],"picked":"Conserve Battery","floor":7.0},{"not_picked":["Aggregate","Self Repair"],"picked":"Double Energy","floor":8.0},{"not_picked":["Rip and Tear","Beam Cell"],"picked":"Go for the Eyes","floor":10.0},{"not_picked":["Turbo","Sweeping Beam"],"picked":"Capacitor","floor":13.0},{"not_picked":["Skim","Turbo"],"picked":"Hologram","floor":14.0},{"not_picked":["Multi-Cast","Fission"],"picked":"Core Surge","floor":16.0},{"not_picked":["Sunder","Barrage","Blizzard"],"picked":"SKIP","floor":18.0},{"not_picked":["Leap","Ball Lightning"],"picked":"Glacier","floor":20.0},{"not_picked":["Steam","Tempest"],"picked":"Ball Lightning","floor":22.0},{"not_picked":["Sweeping Beam+1","Storm"],"picked":"Cold Snap","floor":23.0},{"not_picked":["Conserve Battery","Stack","Cold Snap","Storm"],"picked":"SKIP","floor":28.0},{"not_picked":["Rebound","Recycle","Beam Cell"],"picked":"Reinforced Body+1","floor":29.0},{"not_picked":["Redo+1","Steam+1","Aggregate"],"picked":"Doom and Gloom","floor":31.0},{"not_picked":["Machine Learning+1","Echo Form+1","Multi-Cast"],"picked":"Biased Cognition+1","floor":33.0},{"not_picked":["Tempest","Conserve Battery","Self Repair+1"],"picked":"Force Field","floor":35.0},{"not_picked":["Barrage","Stack","Redo","Aggregate"],"picked":"SKIP","floor":36.0},{"not_picked":["Conserve Battery","Streamline","Lockon"],"picked":"Consume","floor":39.0},{"not_picked":["Amplify","Static Discharge+1","Gash","Sweeping Beam+1"],"picked":"SKIP","floor":41.0},{"not_picked":["Barrage+1","Go for the Eyes","Heatsinks+1","Double Energy"],"picked":"SKIP","floor":42.0},{"not_picked":["Lockon","Beam Cell","Glacier"],"picked":"Compile Driver+1","floor":44.0},{"not_picked":["Cold Snap","Meteor Strike","Coolheaded","Stack"],"picked":"SKIP","floor":45.0},{"not_picked":["Barrage","Blizzard","Turbo"],"picked":"Loop+1","floor":48.0},{"not_picked":["Beam Cell+1","Lockon","Steam","Ball Lightning"],"picked":"SKIP","floor":55.0}],"player_experience":825932,"relics_obtained":[{"floor":7.0,"key":"Matryoshka"},{"floor":9.0,"key":"Lantern"},{"floor":9.0,"key":"Regal Pillow"},{"floor":13.0,"key":"Odd Mushroom"},{"floor":23.0,"key":"Smiling Mask"},{"floor":26.0,"key":"Question Card"},{"floor":26.0,"key":"Meat on the Bone"},{"floor":28.0,"key":"Frozen Egg 2"},{"floor":31.0,"key":"Blood Vial"},{"floor":41.0,"key":"DataDisk"},{"floor":45.0,"key":"Cables"},{"floor":48.0,"key":"Torii"},{"floor":55.0,"key":"Happy Flower"}],"event_choices":[{"damage_healed":0.0,"max_hp_gain":0.0,"max_hp_loss":0.0,"gold_gain":0.0,"event_name":"WeMeetAgain","player_choice":"Gave Potion","floor":5.0,"gold_loss":0.0,"damage_taken":0.0,"relics_obtained":["Centennial Puzzle"]},{"damage_healed":0.0,"max_hp_gain":0.0,"max_hp_loss":0.0,"gold_gain":76.0,"event_name":"Golden Wing","player_choice":"Gained Gold","floor":11.0,"gold_loss":0.0,"damage_taken":0.0},{"damage_healed":0.0,"max_hp_gain":0.0,"max_hp_loss":0.0,"gold_gain":0.0,"event_name":"Mushrooms","player_choice":"Fought Mushrooms","floor":13.0,"gold_loss":0.0,"damage_taken":0.0},{"damage_healed":0.0,"max_hp_gain":0.0,"max_hp_loss":0.0,"gold_gain":0.0,"event_name":"Match and Keep!","player_choice":"1 cards matched","floor":19.0,"gold_loss":0.0,"damage_taken":0.0,"cards_obtained":["Electrodynamics"]},{"cards_removed":["Strike_B"],"damage_healed":0.0,"max_hp_gain":0.0,"max_hp_loss":0.0,"gold_gain":0.0,"event_name":"Purifier","player_choice":"Purged","floor":30.0,"gold_loss":0.0,"damage_taken":0.0},{"damage_healed":0.0,"max_hp_gain":0.0,"max_hp_loss":4.0,"gold_gain":0.0,"event_name":"Winding Halls","player_choice":"Max HP","floor":38.0,"gold_loss":0.0,"damage_taken":0.0},{"damage_healed":0.0,"max_hp_gain":0.0,"max_hp_loss":0.0,"gold_gain":0.0,"event_name":"Tomb of Lord Red Mask","player_choice":"Ignored","floor":46.0,"gold_loss":0.0,"damage_taken":0.0},{"damage_healed":0.0,"max_hp_gain":0.0,"max_hp_loss":0.0,"gold_gain":0.0,"event_name":"Mysterious Sphere","player_choice":"Fight","floor":48.0,"gold_loss":0.0,"damage_taken":0.0}],"is_beta":true,"boss_relics":[{"not_picked":["Lizard Tail","Eternal Feather"],"picked":"Fusion Hammer"},{"not_picked":["Tiny House","Busted Crown"],"picked":"Inserter"}],"items_purged_floors":[4,21,25,37,54],"is_endless":false,"potions_floor_spawned":[1,3,7,10,14,22,28,36,41,44],"killed_by":"The Heart","ascension_level":20}