{"gold_per_floor":[119,79,96,19,32,32,42,76,76,104,115,115,125,50,50,128,128,141,41,41,56,71,71,71,71,151,184,197,197,197],"floor_reached":30,"playtime":1425,"items_purged":["Strike_B","Strike_B"],"score":620,"play_id":"635a0cff-cfe2-43a5-ab0b-e27dd9d8bf2d","local_time":"20190728134438","is_ascension_mode":true,"campfire_choices":[{"data":"Zap","floor":6,"key":"SMITH"},{"floor":12,"key":"REST"},{"floor":15,"key":"REST"},{"data":"Chill","floor":23,"key":"SMITH"},{"data":"Consume","floor":25,"key":"SMITH"},{"data":"Capacitor","floor":29,"key":"SMITH"}],"neow_cost":"NONE","seed_source_timestamp":69578147775900,"circlet_count":0,"master_deck":["AscendersBane","Defend_B","Defend_B","Defend_B","Defend_B","Zap+1","Dualcast","Conserve Battery","Doom and Gloom","Core Surge","Sweeping Beam","Consume+1","Sunder+1","FTL+1","Go for the Eyes+1","Core Surge+1","Echo Form","Sweeping Beam+1","Ball Lightning+1","Chill+1","Turbo","Capacitor+1","Echo Form","Hologram"],"relics":["Cracked Core","Lantern","Molten Egg 2","Letter Opener","Happy Flower","Coffee Dripper","Juzu Bracelet"],"potions_floor_usage":[8,10,16,21,27,27],"damage_taken":[{"damage":8,"enemies":"2 Louse","floor":1,"turns":2},{"damage":6,"enemies":"Cultist","floor":3,"turns":4},{"damage":7,"enemies":"Jaw Worm","floor":5,"turns":2},{"damage":7,"enemies":"Red Slaver","floor":7,"turns":3},{"damage":10,"enemies":"3 Sentries","floor":8,"turns":3},{"damage":8,"enemies":"Gremlin Nob","floor":10,"turns":3},{"damage":8,"enemies":"Blue Slaver","floor":11,"turns":2},{"damage":7,"enemies":"Large Slime","floor":13,"turns":3},{"damage":0,"enemies":"Slime Boss","floor":16,"turns":4},{"damage":7,"enemies":"Chosen","floor":18,"turns":4},{"damage":7,"enemies":"3 Byrds","floor":21,"turns":3},{"damage":0,"enemies":"Snecko","floor":22,"turns":3},{"damage":27,"enemies":"Book of Stabbing","floor":27,"turns":4},{"damage":16,"enemies":"Snake Plant","floor":28,"turns":4},{"damage":11,"enemies":"Sentry and Sphere","floor":30,"turns":2}],"seed_played":"2708373322465543213","potions_obtained":[{"floor":2,"key":"Poison Potion"},{"floor":2,"key":"SteroidPotion"},{"floor":10,"key":"PowerPotion"},{"floor":13,"key":"AttackPotion"},{"floor":16,"key":"AttackPotion"},{"floor":18,"key":"LiquidBronze"},{"floor":22,"key":"Poison Potion"},{"floor":28,"key":"LiquidBronze"}],"is_trial":false,"path_per_floor":["M","?","M","$","M","R","M","E","T","E","M","R","M","$","R","B",null,"M","$","?","M","M","R","?","R","T","E","M","R","M"],"character_chosen":"DEFECT","items_purchased":["Core Surge"],"campfire_rested":2,"item_purchase_floors":[4],"current_hp_per_floor":[56,56,50,50,43,43,36,26,26,18,10,31,24,24,45,45,65,58,58,51,44,44,44,44,44,44,17,1,1,0],"gold":197,"neow_bonus":"RANDOM_COMMON_RELIC","is_prod":false,"is_daily":false,"chose_seed":false,"campfire_upgraded":4,"win_rate":0,"timestamp":1564335878,"path_taken":["M","?","M","?","M","R","M","E","T","E","M","R","M","?","R","BOSS","M","$","?","M","?","R","?","R","T","E","M","R","M"],"build_version":"2019-07-17","purchased_purges":2,"victory":false,"max_hp_per_floor":[71,71,71,71,71,71,71,71,71,71,71,71,71,71,71,71,71,71,71,71,71,71,71,71,71,71,71,71,71,71],"card_choices":[{"not_picked":["Turbo","Stack"],"picked":"Conserve Battery","floor":1},{"not_picked":["Stack","Barrage"],"picked":"Doom and Gloom","floor":3},{"not_picked":["Rip and Tear","Compile Driver"],"picked":"Sweeping Beam","floor":5},{"not_picked":["Gash","Chaos"],"picked":"Consume","floor":7},{"not_picked":["Lockon","Genetic Algorithm"],"picked":"Sunder","floor":8},{"not_picked":["Heatsinks","Hello World"],"picked":"FTL+1","floor":10},{"not_picked":["Beam Cell+1","Turbo"],"picked":"Go for the Eyes+1","floor":11},{"not_picked":["Genetic Algorithm","Go for the Eyes+1"],"picked":"Core Surge+1","floor":13},{"not_picked":["Rainbow","Buffer"],"picked":"Echo Form","floor":16},{"not_picked":["Sunder+1","Turbo"],"picked":"Sweeping Beam+1","floor":18},{"not_picked":["Rebound+1","Sweeping Beam+1"],"picked":"Ball Lightning+1","floor":21},{"not_picked":["Beam Cell+1","Barrage+1"],"picked":"Chill","floor":22},{"not_picked":["Tempest+1","Gash+1"],"picked":"Echo Form","floor":27},{"not_picked":["Chaos","Aggregate"],"picked":"Hologram","floor":28}],"player_experience":1404813,"relics_obtained":[{"floor":8,"key":"Molten Egg 2"},{"floor":9,"key":"Letter Opener"},{"floor":10,"key":"Happy Flower"},{"floor":27,"key":"Juzu Bracelet"}],"event_choices":[{"damage_healed":0,"gold_gain":0,"player_choice":"Bought 3 Potions","damage_taken":0,"max_hp_gain":0,"max_hp_loss":0,"event_name":"The Woman in Blue","floor":2,"gold_loss":0},{"damage_healed":0,"gold_gain":0,"player_choice":"","damage_taken":7,"max_hp_gain":0,"max_hp_loss":0,"event_name":"Knowing Skull","floor":20,"potions_obtained":[],"gold_loss":0,"cards_obtained":[]},{"damage_healed":0,"gold_gain":0,"cards_transformed":["Strike_B","Strike_B"],"player_choice":"Became Test Subject","damage_taken":0,"max_hp_gain":0,"max_hp_loss":0,"event_name":"Drug Dealer","floor":24,"gold_loss":0,"cards_obtained":["Turbo","Capacitor"]}],"is_beta":false,"boss_relics":[{"not_picked":["Astrolabe","Runic Pyramid"],"picked":"Coffee Dripper"}],"items_purged_floors":[14,19],"is_endless":false,"potions_floor_spawned":[7,10,13,16,18,22,28],"killed_by":"Sentry and Sphere","ascension_level":20}