{"gold_per_floor":[117,127,70,81,81,81,6,37,64,83,83,104,104,119,119,209,209,227,246,261,284,284,284,299,299,349,31,31,49,70,70,70,70],"floor_reached":33,"playtime":3005,"items_purged":["Strike_R"],"score":464,"play_id":"e704affb-ffd8-4241-be06-1d88baa97463","local_time":"20190901111553","is_ascension_mode":true,"campfire_choices":[{"floor":6,"key":"REST"},{"data":"Armaments","floor":15,"key":"SMITH"},{"floor":23,"key":"REST"},{"floor":25,"key":"REST"},{"data":"Uppercut","floor":28,"key":"SMITH"},{"floor":32,"key":"REST"}],"neow_cost":"NONE","seed_source_timestamp":244426639342200,"circlet_count":0,"master_deck":["AscendersBane","Strike_R","Strike_R","Defend_R","Defend_R","Defend_R","Bash","Spot Weakness","Twin Strike","Uppercut+1","Shrug It Off","Armaments+1","Metallicize","Reaper","Cleave","Heavy Blade","Clothesline"],"relics":["Burning Blood","Golden Idol","Pen Nib","Omamori","Busted Crown","Boot","Bag of Marbles"],"potions_floor_usage":[8,16,16,20,30,31],"damage_taken":[{"damage":6,"enemies":"Cultist","floor":1,"turns":3},{"damage":4,"enemies":"2 Louse","floor":2,"turns":3},{"damage":11,"enemies":"Small Slimes","floor":4,"turns":3},{"damage":30,"enemies":"3 Sentries","floor":8,"turns":7},{"damage":17,"enemies":"3 Louse","floor":10,"turns":4},{"damage":15,"enemies":"Gremlin Gang","floor":12,"turns":5},{"damage":12,"enemies":"Looter","floor":14,"turns":4},{"damage":22,"enemies":"Hexaghost","floor":16,"turns":11},{"damage":16,"enemies":"Shell Parasite","floor":18,"turns":5},{"damage":27,"enemies":"3 Byrds","floor":19,"turns":7},{"damage":33,"enemies":"3 Cultists","floor":20,"turns":5},{"damage":23,"enemies":"Centurion and Healer","floor":21,"turns":6},{"damage":29,"enemies":"Cultist and Chosen","floor":24,"turns":7},{"damage":20,"enemies":"Snake Plant","floor":29,"turns":4},{"damage":32,"enemies":"Shelled Parasite and Fungi","floor":30,"turns":5},{"damage":34,"enemies":"Colosseum Slavers","floor":31,"turns":7},{"damage":71,"enemies":"Collector","floor":33,"turns":7}],"seed_played":"269301919825905079","potions_obtained":[{"floor":8,"key":"SkillPotion"},{"floor":14,"key":"Poison Potion"},{"floor":18,"key":"Energy Potion"},{"floor":20,"key":"Ancient Potion"}],"is_trial":false,"path_per_floor":["M","M","$","M","?","R","?","E","T","M","?","M","?","M","R","B",null,"M","M","M","M","?","R","M","R","T","$","R","M","M","?","R","B"],"character_chosen":"IRONCLAD","items_purchased":["Poison Potion","Bag of Marbles","Regen Potion"],"campfire_rested":4,"item_purchase_floors":[3,27,27],"current_hp_per_floor":[68,70,70,65,39,61,61,37,37,26,51,42,42,36,36,20,61,51,38,28,25,25,47,34,56,56,56,56,42,16,15,37,0],"gold":70,"neow_bonus":"REMOVE_CARD","is_prod":false,"is_daily":false,"chose_seed":false,"campfire_upgraded":2,"win_rate":0,"timestamp":1567304153,"path_taken":["M","?","$","M","?","R","?","E","T","M","?","M","?","M","R","BOSS","M","M","?","M","?","R","M","R","T","$","R","M","M","?","R","BOSS"],"build_version":"2019-07-17","purchased_purges":1,"victory":false,"max_hp_per_floor":[75,75,75,75,75,75,75,75,75,75,75,75,75,75,75,75,75,75,75,75,75,75,75,75,75,75,75,75,75,75,75,75,75],"card_choices":[{"not_picked":["Body Slam","Clothesline"],"picked":"Spot Weakness","floor":1},{"not_picked":["Warcry","Body Slam"],"picked":"Twin Strike","floor":2},{"not_picked":["Pommel Strike","Hemokinesis"],"picked":"Uppercut","floor":4},{"not_picked":["Headbutt","Barricade"],"picked":"Shrug It Off","floor":8},{"not_picked":["Uppercut","Shrug It Off"],"picked":"Armaments","floor":10},{"not_picked":["Wild Strike","Reckless Charge","True Grit"],"picked":"SKIP","floor":12},{"not_picked":["Carnage","Sentinel"],"picked":"Metallicize","floor":14},{"not_picked":["Offering","Berserk"],"picked":"Reaper","floor":16},{"not_picked":["Havoc"],"picked":"SKIP","floor":18},{"not_picked":["True Grit"],"picked":"SKIP","floor":19},{"not_picked":[],"picked":"Cleave","floor":20},{"not_picked":["Perfected Strike"],"picked":"SKIP","floor":21},{"not_picked":["Searing Blow"],"picked":"SKIP","floor":24},{"not_picked":[],"picked":"Heavy Blade","floor":29},{"not_picked":[],"picked":"Clothesline","floor":30}],"player_experience":541739,"relics_obtained":[{"floor":8,"key":"Pen Nib"},{"floor":9,"key":"Omamori"},{"floor":26,"key":"Boot"}],"event_choices":[{"damage_healed":0,"gold_gain":0,"player_choice":"Take Damage","damage_taken":26,"relics_obtained":["Golden Idol"],"max_hp_gain":0,"max_hp_loss":0,"event_name":"Golden Idol","floor":5,"gold_loss":0},{"cards_removed":["Strike_R"],"damage_healed":0,"gold_gain":0,"player_choice":"Card Removal","damage_taken":0,"max_hp_gain":0,"max_hp_loss":0,"event_name":"The Cleric","floor":7,"gold_loss":75},{"damage_healed":25,"gold_gain":0,"player_choice":"Banana","damage_taken":0,"max_hp_gain":0,"max_hp_loss":0,"event_name":"Big Fish","floor":11,"gold_loss":0},{"cards_removed":["Strike_R"],"damage_healed":0,"gold_gain":0,"player_choice":"Offered Basic","damage_taken":0,"max_hp_gain":0,"max_hp_loss":0,"event_name":"Bonfire Elementals","floor":13,"gold_loss":0},{"damage_healed":0,"gold_gain":0,"player_choice":"Ignored","damage_taken":0,"max_hp_gain":0,"max_hp_loss":0,"event_name":"Vampires","floor":22,"gold_loss":0},{"damage_healed":0,"gold_gain":0,"player_choice":"Fight","damage_taken":0,"max_hp_gain":0,"max_hp_loss":0,"event_name":"Colosseum","floor":31,"gold_loss":0},{"damage_healed":0,"gold_gain":0,"player_choice":"Fled From Nobs","damage_taken":0,"max_hp_gain":0,"max_hp_loss":0,"event_name":"Colosseum","floor":31,"gold_loss":0}],"is_beta":false,"boss_relics":[{"not_picked":["Astrolabe","White Beast Statue"],"picked":"Busted Crown"}],"items_purged_floors":[27],"is_endless":false,"potions_floor_spawned":[8,14,18,20,29],"killed_by":"Collector","ascension_level":17}