{"gold_per_floor":[118,193,213,213,1,33,33,63,86,35,35,65,65,84,84,158,158,98,9,9,9,9,9,9,9,9,9,9,9,9,9,9,9,9,9,9,9,9,9,9,9,9,9,9,9,9,9,9,9,9],"floor_reached":50,"playtime":2599,"items_purged":[],"score":1206,"play_id":"33d6b109-cd41-48f1-b06f-1c66a0e0a674","local_time":"20190624154811","is_ascension_mode":true,"campfire_choices":[{"floor":7.0,"key":"REST"},{"floor":11.0,"key":"REST"},{"floor":13.0,"key":"REST"},{"data":"Defragment","floor":15.0,"key":"SMITH"},{"floor":28.0,"key":"REST"},{"floor":32.0,"key":"REST"},{"floor":40.0,"key":"REST"},{"floor":42.0,"key":"REST"},{"floor":49,"key":"RECALL"}],"neow_cost":"PERCENT_DAMAGE","seed_source_timestamp":326565122389000,"circlet_count":0,"master_deck":["AscendersBane","Strike_B","Strike_B","Strike_B","Defend_B","Defend_B","Defend_B","Zap+1","Dualcast","Biased Cognition","Scrape","FTL+1","Defragment+1","Steam","Ball Lightning","Biased Cognition","Coolheaded+1","Cold Snap+1","Hologram+1","Machine Learning","Ball Lightning+1","Chaos+1","Seek+1","Go for the Eyes","Coolheaded+1","Leap+1","Cold Snap","Echo Form","Capacitor","Echo Form","Hologram+1","Loop","Undo+1","Coolheaded+1"],"special_seed":0,"relics":["Cracked Core","Orichalcum","Toxic Egg 2","Omamori","Whetstone","Ectoplasm","Potion Belt","Girya","Strawberry","Happy Flower","Philosopher\u0027s Stone","Mummified Hand","MawBank","Ancient Tea Set","Cables"],"potions_floor_usage":[47],"damage_taken":[{"damage":0.0,"enemies":"Small Slimes","floor":1.0,"turns":3.0},{"damage":2.0,"enemies":"Jaw Worm","floor":3.0,"turns":3.0},{"damage":34.0,"enemies":"3 Sentries","floor":6.0,"turns":5.0},{"damage":18.0,"enemies":"Lagavulin","floor":8.0,"turns":6.0},{"damage":16.0,"enemies":"Gremlin Nob","floor":12.0,"turns":4.0},{"damage":0.0,"enemies":"Cultist","floor":14.0,"turns":3.0},{"damage":2.0,"enemies":"The Guardian","floor":16.0,"turns":10.0},{"damage":1.0,"enemies":"2 Thieves","floor":18.0,"turns":3.0},{"damage":6.0,"enemies":"Chosen","floor":22.0,"turns":3.0},{"damage":26.0,"enemies":"Gremlin Leader","floor":23.0,"turns":6.0},{"damage":0.0,"enemies":"3 Cultists","floor":24.0,"turns":4.0},{"damage":0.0,"enemies":"Centurion and Healer","floor":25.0,"turns":7.0},{"damage":0.0,"enemies":"Book of Stabbing","floor":27.0,"turns":4.0},{"damage":7.0,"enemies":"Shelled Parasite and Fungi","floor":29.0,"turns":5.0},{"damage":46.0,"enemies":"Gremlin Leader","floor":30.0,"turns":7.0},{"damage":0.0,"enemies":"Snecko","floor":31.0,"turns":5.0},{"damage":8.0,"enemies":"Automaton","floor":33.0,"turns":10.0},{"damage":11.0,"enemies":"3 Shapes","floor":35.0,"turns":6.0},{"damage":6.0,"enemies":"Orb Walker","floor":37.0,"turns":4.0},{"damage":13.0,"enemies":"3 Darklings","floor":38.0,"turns":3.0},{"damage":28.0,"enemies":"Transient","floor":39.0,"turns":6.0},{"damage":31.0,"enemies":"Giant Head","floor":41.0,"turns":10.0},{"damage":5,"enemies":"Reptomancer","floor":47,"turns":6},{"damage":0,"enemies":"Maw","floor":48,"turns":7},{"damage":74,"enemies":"Awakened One","floor":50,"turns":13}],"seed_played":"3204915576286724923","potions_obtained":[{"floor":1.0,"key":"FocusPotion"},{"floor":12.0,"key":"Swift Potion"},{"floor":14.0,"key":"Weak Potion"},{"floor":16.0,"key":"SteroidPotion"},{"floor":18.0,"key":"SpeedPotion"},{"floor":23.0,"key":"FearPotion"},{"floor":27.0,"key":"PowerPotion"},{"floor":30.0,"key":"Strength Potion"},{"floor":35.0,"key":"PowerPotion"},{"floor":41.0,"key":"Weak Potion"}],"is_trial":false,"path_per_floor":["M","?","M","?","$","E","R","E","T","$","R","E","R","M","R","B",null,"M","$","T","?","M","E","M","M","T","E","R","M","E","M","R","B",null,"M","?","M","M","M","R","E","R","T","?","T","?","E","M","R","B"],"character_chosen":"DEFECT","items_purchased":["Defragment","Regen Potion","Steam","Coolheaded+1","Chaos+1"],"campfire_rested":7,"item_purchase_floors":[5,5,5,10,19],"current_hp_per_floor":[46,35,33,26,26,6,27,9,9,9,30,14,35,35,35,33,62,61,61,61,61,55,29,29,29,29,36,59,52,6,6,29,21,64,53,69,63,50,22,45,14,37,37,64,64,64,59,59,59,0],"gold":9,"neow_bonus":"THREE_RARE_CARDS","is_prod":false,"is_daily":false,"chose_seed":false,"campfire_upgraded":1,"win_rate":0,"timestamp":1561405691,"path_taken":["M","?","M","?","$","E","R","E","T","?","R","E","R","M","R","BOSS","M","?","?","?","M","E","M","?","T","E","R","M","E","M","R","BOSS","M","?","M","M","M","R","E","R","T","?","?","?","E","M","R","BOSS"],"build_version":"2019-01-23","purchased_purges":0,"victory":false,"max_hp_per_floor":[71,71,71,71,71,71,71,71,71,71,71,71,71,71,71,71,71,71,71,71,71,71,71,71,71,71,78,78,78,78,78,78,78,78,78,78,78,78,78,78,78,78,78,64,64,64,64,64,64,64],"card_choices":[{"not_picked":["Rainbow","Thunder Strike"],"picked":"Biased Cognition","floor":0.0},{"not_picked":["Redo","Skim"],"picked":"Scrape","floor":1.0},{"not_picked":["Auto Shields","Sweeping Beam"],"picked":"FTL","floor":3.0},{"not_picked":["Go for the Eyes","Genetic Algorithm"],"picked":"Ball Lightning","floor":6.0},{"not_picked":["Aggregate","Rip and Tear"],"picked":"Biased Cognition","floor":8.0},{"not_picked":["Sunder","Aggregate+1"],"picked":"Cold Snap","floor":12.0},{"not_picked":["Sweeping Beam","Stack+1"],"picked":"Hologram+1","floor":14.0},{"not_picked":["Hyperbeam","Amplify+1"],"picked":"Machine Learning","floor":16.0},{"not_picked":["Steam+1","Conserve Battery+1"],"picked":"Ball Lightning+1","floor":18.0},{"not_picked":["Go for the Eyes","Tempest+1"],"picked":"Seek+1","floor":22.0},{"not_picked":["Tempest+1","Barrage"],"picked":"Go for the Eyes","floor":23.0},{"not_picked":["Streamline","Rip and Tear"],"picked":"Coolheaded+1","floor":24.0},{"not_picked":["Aggregate+1","Streamline"],"picked":"Leap+1","floor":25.0},{"not_picked":["Compile Driver","Ball Lightning"],"picked":"Cold Snap","floor":27.0},{"not_picked":["Go for the Eyes","Tempest+1","Gash"],"picked":"SKIP","floor":29.0},{"not_picked":["Steam+1","Beam Cell"],"picked":"Echo Form","floor":30.0},{"not_picked":["Go for the Eyes","Sweeping Beam"],"picked":"Capacitor","floor":31.0},{"not_picked":["Creative AI","Fission+1"],"picked":"Echo Form","floor":33.0},{"not_picked":["Stack+1","Sunder"],"picked":"Hologram+1","floor":35.0},{"not_picked":["Gash","Stack+1","Leap+1"],"picked":"SKIP","floor":37.0},{"not_picked":["Reprogram+1","Redo+1"],"picked":"Loop","floor":38.0},{"not_picked":["Turbo+1","Compile Driver"],"picked":"Undo+1","floor":39.0},{"not_picked":["FTL+1","Compile Driver","Lockon"],"picked":"SKIP","floor":41.0},{"not_picked":["Hologram+1","Echo Form"],"picked":"Coolheaded+1","floor":47},{"not_picked":["Rebound","Steam+1","Beam Cell+1"],"picked":"SKIP","floor":48}],"player_experience":1223894,"relics_obtained":[{"floor":6.0,"key":"Orichalcum"},{"floor":8.0,"key":"Toxic Egg 2"},{"floor":9.0,"key":"Omamori"},{"floor":12.0,"key":"Whetstone"},{"floor":20.0,"key":"Potion Belt"},{"floor":23.0,"key":"Girya"},{"floor":27.0,"key":"Strawberry"},{"floor":30.0,"key":"Happy Flower"},{"floor":41.0,"key":"Mummified Hand"},{"floor":43.0,"key":"MawBank"},{"floor":45.0,"key":"Ancient Tea Set"},{"floor":47,"key":"Cables"}],"event_choices":[{"damage_healed":0.0,"max_hp_gain":0.0,"max_hp_loss":0.0,"gold_gain":75.0,"event_name":"World of Goop","player_choice":"Gather Gold","floor":2.0,"gold_loss":0.0,"damage_taken":11.0},{"cards_removed":["Defend_B"],"damage_healed":0.0,"max_hp_gain":0.0,"max_hp_loss":0.0,"gold_gain":0.0,"event_name":"Golden Wing","player_choice":"Card Removal","floor":4.0,"gold_loss":0.0,"damage_taken":7.0},{"damage_healed":0.0,"max_hp_gain":0.0,"max_hp_loss":0.0,"gold_gain":0.0,"event_name":"Accursed Blacksmith","player_choice":"Forge","floor":21.0,"gold_loss":0.0,"damage_taken":0.0,"cards_upgraded":["Zap"]},{"damage_healed":16.0,"max_hp_gain":0.0,"max_hp_loss":0.0,"gold_gain":0.0,"event_name":"Winding Halls","player_choice":"Writhe","floor":36.0,"gold_loss":0.0,"damage_taken":0.0,"cards_obtained":["Writhe"]},{"damage_healed":64.0,"max_hp_gain":0.0,"max_hp_loss":14.0,"gold_gain":0.0,"event_name":"The Moai Head","player_choice":"Heal","floor":44.0,"gold_loss":0.0,"damage_taken":0.0},{"cards_removed":["Strike_B"],"damage_healed":0.0,"max_hp_gain":0.0,"max_hp_loss":0.0,"gold_gain":0.0,"event_name":"Falling","player_choice":"Removed Attack","floor":46.0,"gold_loss":0.0,"damage_taken":0.0}],"is_beta":false,"boss_relics":[{"not_picked":["Cursed Key","Velvet Choker"],"picked":"Ectoplasm"},{"not_picked":["Tiny House","Orrery"],"picked":"Philosopher\u0027s Stone"}],"items_purged_floors":[],"is_endless":false,"potions_floor_spawned":[1,12,14,16,18,23,27,30,35,41],"killed_by":"Awakened One","ascension_level":20}