{"gold_per_floor":[214,214,233,7,26,26,52,52,100,100,127,194,207,237,237,237],"floor_reached":16,"playtime":491,"items_purged":["Strike_R"],"score":236,"play_id":"1fcc314c-aa4a-46f8-98a6-eaf336936800","local_time":"20190702211007","is_ascension_mode":true,"campfire_choices":[{"data":"Armaments","floor":6,"key":"SMITH"},{"data":"Juggernaut","floor":8,"key":"SMITH"},{"data":"Feel No Pain","floor":10,"key":"SMITH"},{"data":"True Grit","floor":15,"key":"SMITH"}],"neow_cost":"NONE","seed_source_timestamp":1040074459851400,"circlet_count":0,"master_deck":["AscendersBane","Strike_R","Strike_R","Strike_R","Strike_R","Defend_R","Defend_R","Defend_R+1","Defend_R+1","Bash+1","Thunderclap","Feel No Pain+1","Armaments+1","Clothesline","Juggernaut+1","True Grit+1","Whirlwind","Iron Wave"],"relics":["Burning Blood","War Paint","Ancient Tea Set","Vajra","Blood Vial"],"potions_floor_usage":[5,7,14],"damage_taken":[{"damage":1,"enemies":"Small Slimes","floor":1,"turns":4},{"damage":9,"enemies":"Jaw Worm","floor":3,"turns":4},{"damage":0,"enemies":"2 Louse","floor":5,"turns":4},{"damage":26,"enemies":"Gremlin Nob","floor":7,"turns":4},{"damage":38,"enemies":"Lagavulin","floor":11,"turns":7},{"damage":6,"enemies":"2 Fungi Beasts","floor":13,"turns":4},{"damage":14,"enemies":"3 Sentries","floor":14,"turns":7},{"damage":25,"enemies":"Hexaghost","floor":16,"turns":7}],"seed_played":"-8786071234673731745","potions_obtained":[{"floor":3,"key":"Block Potion"},{"floor":7,"key":"Swift Potion"}],"is_trial":false,"path_per_floor":["M","?","M","$","M","R","E","R","T","R","E","?","M","E","R","B"],"character_chosen":"IRONCLAD","items_purchased":["Feel No Pain","Fire Potion","Armaments"],"campfire_rested":0,"item_purchase_floors":[4,4,4],"current_hp_per_floor":[73,73,70,70,75,75,55,55,55,55,23,23,23,15,15,0],"gold":237,"neow_bonus":"HUNDRED_GOLD","is_prod":false,"is_daily":false,"chose_seed":false,"campfire_upgraded":4,"win_rate":0,"timestamp":1562116207,"path_taken":["M","?","M","$","M","R","E","R","T","R","E","?","M","E","R","BOSS"],"build_version":"2019-07-01","purchased_purges":1,"victory":false,"max_hp_per_floor":[75,75,75,75,75,75,75,75,75,75,75,75,75,75,75,75],"card_choices":[{"not_picked":["Havoc","Twin Strike"],"picked":"Thunderclap","floor":1},{"not_picked":["Cleave","Clash","Rupture"],"picked":"SKIP","floor":3},{"not_picked":["Rage","Blood for Blood"],"picked":"Clothesline","floor":5},{"not_picked":["Armaments","Headbutt"],"picked":"Juggernaut","floor":7},{"not_picked":["Iron Wave","Juggernaut"],"picked":"True Grit","floor":11},{"not_picked":["Twin Strike","Headbutt"],"picked":"Whirlwind","floor":13},{"not_picked":["Combust","Body Slam"],"picked":"Iron Wave","floor":14}],"player_experience":1264591,"relics_obtained":[{"floor":7,"key":"War Paint"},{"floor":9,"key":"Ancient Tea Set"},{"floor":11,"key":"Vajra"},{"floor":14,"key":"Blood Vial"}],"event_choices":[{"damage_healed":0,"gold_gain":0,"player_choice":"Grow","damage_taken":0,"max_hp_gain":0,"max_hp_loss":0,"event_name":"Living Wall","floor":2,"gold_loss":0,"cards_upgraded":["Bash"]},{"damage_healed":0,"gold_gain":67,"player_choice":"Gained Gold","damage_taken":0,"max_hp_gain":0,"max_hp_loss":0,"event_name":"Golden Wing","floor":12,"gold_loss":0}],"is_beta":false,"boss_relics":[],"items_purged_floors":[4],"is_endless":false,"potions_floor_spawned":[3,7],"killed_by":"Hexaghost","ascension_level":20}