{"gold_per_floor":[115,126,126,138,151,151,171,171,171,171,197,136,170,190,190,190],"floor_reached":16,"playtime":447,"items_purged":[],"score":254,"play_id":"d557759d-f490-4e90-9ac3-0dde665eeea8","local_time":"20190803093133","is_ascension_mode":true,"campfire_choices":[{"data":"Juggernaut","floor":6.0,"key":"SMITH"},{"floor":8.0,"key":"REST"},{"floor":10.0,"key":"REST"},{"data":"Body Slam","floor":15,"key":"SMITH"}],"neow_cost":"NONE","seed_source_timestamp":573783787862000,"circlet_count":0,"master_deck":["AscendersBane","Strike_R","Strike_R","Strike_R","Strike_R","Strike_R","Defend_R","Defend_R","Defend_R","Defend_R","Bash+1","Dropkick","Pummel+1","Headbutt","Juggernaut+1","Pommel Strike","Feed","Body Slam+1"],"special_seed":0,"relics":["Burning Blood","Calipers","Odd Mushroom","Ornamental Fan"],"potions_floor_usage":[13,13,16],"damage_taken":[{"damage":7.0,"enemies":"Jaw Worm","floor":1.0,"turns":3.0},{"damage":3.0,"enemies":"Small Slimes","floor":2.0,"turns":3.0},{"damage":1.0,"enemies":"Cultist","floor":4.0,"turns":3.0},{"damage":35.0,"enemies":"Lots of Slimes","floor":5.0,"turns":4.0},{"damage":40.0,"enemies":"Exordium Thugs","floor":7.0,"turns":6.0},{"damage":29.0,"enemies":"The Mushroom Lair","floor":11.0,"turns":5.0},{"damage":0,"enemies":"Lagavulin","floor":13,"turns":3},{"damage":19,"enemies":"3 Louse","floor":14,"turns":5},{"damage":52,"enemies":"The Guardian","floor":16,"turns":6}],"seed_played":"7309880778539987195","potions_obtained":[{"floor":1.0,"key":"Weak Potion"},{"floor":2.0,"key":"SteroidPotion"},{"floor":11.0,"key":"Fire Potion"},{"floor":14,"key":"BloodPotion"}],"is_trial":false,"path_per_floor":["M","M","?","M","M","R","M","R","T","R","?","?","E","M","R","B"],"character_chosen":"IRONCLAD","items_purchased":[],"campfire_rested":2,"item_purchase_floors":[],"current_hp_per_floor":[67,70,70,75,46,46,12,34,34,56,33,33,39,29,29,0],"gold":190,"neow_bonus":"UPGRADE_CARD","is_prod":false,"is_daily":false,"chose_seed":false,"campfire_upgraded":2,"win_rate":0,"timestamp":1564839093,"path_taken":["M","M","?","M","M","R","M","R","T","R","?","?","E","M","R","BOSS"],"build_version":"2019-07-17","purchased_purges":0,"victory":false,"max_hp_per_floor":[75,75,75,75,75,75,75,75,75,75,75,75,75,78,78,78],"card_choices":[{"not_picked":["Warcry","Feel No Pain"],"picked":"Dropkick","floor":1.0},{"not_picked":["Carnage","Clash"],"picked":"Pummel","floor":2.0},{"not_picked":["Twin Strike","Body Slam"],"picked":"Headbutt","floor":4.0},{"not_picked":["Iron Wave","Warcry"],"picked":"Juggernaut","floor":5.0},{"not_picked":["Twin Strike","Burning Pact"],"picked":"Pommel Strike","floor":7.0},{"not_picked":["Perfected Strike","Twin Strike"],"picked":"Feed","floor":13},{"not_picked":["Havoc","Carnage"],"picked":"Body Slam","floor":14}],"player_experience":1414776,"relics_obtained":[{"floor":9.0,"key":"Calipers"},{"floor":11.0,"key":"Odd Mushroom"},{"floor":13,"key":"Ornamental Fan"}],"event_choices":[{"damage_healed":0.0,"max_hp_gain":0.0,"max_hp_loss":0.0,"gold_gain":0.0,"event_name":"Living Wall","player_choice":"Grow","floor":3.0,"gold_loss":0.0,"damage_taken":0.0,"cards_upgraded":["Pummel"]},{"damage_healed":0.0,"max_hp_gain":0.0,"max_hp_loss":0.0,"gold_gain":0.0,"event_name":"Mushrooms","player_choice":"Fought Mushrooms","floor":11.0,"gold_loss":0.0,"damage_taken":0.0},{"damage_healed":0.0,"max_hp_gain":0.0,"max_hp_loss":0.0,"gold_gain":0.0,"event_name":"World of Goop","player_choice":"Left Gold","floor":12.0,"gold_loss":61.0,"damage_taken":0.0}],"is_beta":false,"boss_relics":[],"items_purged_floors":[],"is_endless":false,"potions_floor_spawned":[1,2,11,14],"killed_by":"The Guardian","ascension_level":20}