{"gold_per_floor":[117,117,130,150,20,20,39,71,98,133,16,45,45,57,57,131,131,143,143,43,57,57,57,70,70,94,104,104],"floor_reached":28,"playtime":1226,"items_purged":["Strike_B","Strike_B"],"score":526,"play_id":"5d13e471-b668-4047-9160-8f86890f3279","local_time":"20190629221034","is_ascension_mode":true,"campfire_choices":[{"data":"Dualcast","floor":6,"key":"SMITH"},{"data":"Beam Cell","floor":15,"key":"SMITH"},{"data":"Defragment","floor":23,"key":"SMITH"},{"data":"Capacitor","floor":25,"key":"SMITH"}],"neow_cost":"NONE","seed_source_timestamp":783757874968400,"circlet_count":0,"master_deck":["AscendersBane","Defend_B","Defend_B","Defend_B","Defend_B","Zap+1","Dualcast+1","Darkness","Loop","Defragment+1","Sweeping Beam","Coolheaded","Ball Lightning","Beam Cell+1","Cold Snap","Seek","Electrodynamics","Hologram","All For One","Fusion+1","Capacitor+1","Cold Snap"],"relics":["Cracked Core","Oddly Smooth Stone","MawBank","Calipers","Coffee Dripper","Ancient Tea Set"],"potions_floor_usage":[8,8,12,14,16,27],"damage_taken":[{"damage":0,"enemies":"2 Louse","floor":1,"turns":2},{"damage":2,"enemies":"Jaw Worm","floor":3,"turns":3},{"damage":6,"enemies":"Cultist","floor":4,"turns":4},{"damage":8,"enemies":"Blue Slaver","floor":7,"turns":3},{"damage":30,"enemies":"3 Sentries","floor":8,"turns":5},{"damage":0,"enemies":"Lagavulin","floor":10,"turns":5},{"damage":14,"enemies":"3 Sentries","floor":12,"turns":4},{"damage":2,"enemies":"Red Slaver","floor":14,"turns":3},{"damage":9,"enemies":"Slime Boss","floor":16,"turns":6},{"damage":11,"enemies":"Spheric Guardian","floor":18,"turns":3},{"damage":5,"enemies":"Shell Parasite","floor":21,"turns":4},{"damage":43,"enemies":"Shelled Parasite and Fungi","floor":24,"turns":4},{"damage":1,"enemies":"Cultist and Chosen","floor":27,"turns":5},{"damage":10,"enemies":"Centurion and Healer","floor":28,"turns":1}],"seed_played":"-2892226171576051128","potions_obtained":[{"floor":1,"key":"Dexterity Potion"},{"floor":4,"key":"Fire Potion"},{"floor":8,"key":"PowerPotion"},{"floor":12,"key":"Regen Potion"},{"floor":14,"key":"EssenceOfSteel"},{"floor":16,"key":"Explosive Potion"},{"floor":21,"key":"Ancient Potion"}],"is_trial":false,"path_per_floor":["M","?","M","M","$","R","M","E","T","E","$","E","?","M","R","B",null,"M","?","$","M","?","R","M","R","T","M","M"],"character_chosen":"DEFECT","items_purchased":["Defragment","Sweeping Beam","Swift Potion"],"campfire_rested":0,"item_purchase_floors":[5,5,11],"current_hp_per_floor":[71,71,69,63,63,63,55,25,25,25,25,11,11,18,18,9,61,50,50,50,45,45,45,2,2,2,1,0],"gold":104,"neow_bonus":"TEN_PERCENT_HP_BONUS","is_prod":false,"is_daily":false,"chose_seed":false,"campfire_upgraded":4,"win_rate":0,"timestamp":1561860634,"path_taken":["M","?","M","M","$","R","M","E","T","E","$","E","?","M","R","BOSS","M","?","$","M","?","R","M","R","T","?","M"],"build_version":"2019-01-23","purchased_purges":2,"victory":false,"max_hp_per_floor":[78,78,78,78,78,78,78,78,78,78,78,78,78,78,78,78,78,78,78,78,78,78,78,78,78,78,78,78],"card_choices":[{"not_picked":["Turbo","Stack"],"picked":"Darkness","floor":1},{"not_picked":["Hello World","Static Discharge","Fusion"],"picked":"SKIP","floor":3},{"not_picked":["Capacitor","Static Discharge"],"picked":"Loop","floor":4},{"not_picked":["Lockon","Turbo"],"picked":"Coolheaded","floor":7},{"not_picked":["Gash","Rip and Tear"],"picked":"Ball Lightning","floor":8},{"not_picked":["Fusion","Rebound"],"picked":"Beam Cell","floor":10},{"not_picked":["Barrage","Steam Power"],"picked":"Cold Snap","floor":12},{"not_picked":["Aggregate","Steam"],"picked":"Seek","floor":14},{"not_picked":["Seek","Meteor Strike"],"picked":"Electrodynamics","floor":16},{"not_picked":["Beam Cell","Steam"],"picked":"Hologram","floor":18},{"not_picked":["Streamline","Consume"],"picked":"Fusion+1","floor":21},{"not_picked":["Loop","Sweeping Beam"],"picked":"Capacitor","floor":24},{"not_picked":["Gash","Coolheaded"],"picked":"Cold Snap","floor":27}],"player_experience":1244897,"relics_obtained":[{"floor":8,"key":"Oddly Smooth Stone"},{"floor":10,"key":"MawBank"},{"floor":12,"key":"Calipers"},{"floor":26,"key":"Ancient Tea Set"}],"event_choices":[{"damage_healed":0,"gold_gain":0,"player_choice":"Grow","damage_taken":0,"max_hp_gain":0,"max_hp_loss":0,"event_name":"Living Wall","floor":2,"gold_loss":0,"cards_upgraded":["Zap"]},{"damage_healed":0,"gold_gain":0,"player_choice":"Fled","damage_taken":0,"max_hp_gain":0,"max_hp_loss":0,"event_name":"Scrap Ooze","floor":13,"gold_loss":0},{"damage_healed":0,"gold_gain":0,"cards_transformed":["Strike_B","Strike_B"],"player_choice":"Became Test Subject","damage_taken":0,"max_hp_gain":0,"max_hp_loss":0,"event_name":"Drug Dealer","floor":19,"gold_loss":0,"cards_obtained":["All For One","Rip and Tear"]},{"cards_removed":["Rip and Tear"],"damage_healed":0,"gold_gain":0,"player_choice":"Purged","damage_taken":0,"max_hp_gain":0,"max_hp_loss":0,"event_name":"Purifier","floor":22,"gold_loss":0}],"is_beta":false,"boss_relics":[{"not_picked":["Runic Pyramid","Orrery"],"picked":"Coffee Dripper"}],"items_purged_floors":[11,20],"is_endless":false,"potions_floor_spawned":[1,4,8,12,14,16,21,24],"killed_by":"Centurion and Healer","ascension_level":20}