{"gold_per_floor":[117,267,54,69,69,94,94,121,121,121,143,7,22,50,50,124,124,44,4,4,0,0,0,0,0,0,0,0,0],"floor_reached":29,"playtime":1053,"items_purged":["Doubt","Strike_B"],"score":514,"play_id":"0f4f0903-5af1-45a8-9089-c13de8304719","local_time":"20190710164926","is_ascension_mode":true,"campfire_choices":[{"data":"FTL","floor":7.0,"key":"SMITH"},{"floor":10.0,"key":"REST"},{"data":"Dualcast","floor":15.0,"key":"SMITH"},{"floor":23,"key":"REST"}],"neow_cost":"NONE","seed_source_timestamp":74384061145000,"circlet_count":0,"master_deck":["AscendersBane","Strike_B","Strike_B","Defend_B","Defend_B","Defend_B","Defend_B","Zap+1","Dualcast+1","Sweeping Beam","Undo","Go for the Eyes+1","Melter","FTL+1","Electrodynamics","Hologram","Doom and Gloom","Coolheaded","Cold Snap","Echo Form","Capacitor","Hologram","Capacitor","Cold Snap+1"],"special_seed":0,"relics":["Cracked Core","Darkstone Periapt","Blue Candle","Happy Flower","Odd Mushroom","Regal Pillow","Ectoplasm","FaceOfCleric","Smiling Mask","Letter Opener"],"potions_floor_usage":[16,24],"damage_taken":[{"damage":11.0,"enemies":"Small Slimes","floor":1.0,"turns":3.0},{"damage":0.0,"enemies":"Jaw Worm","floor":4.0,"turns":3.0},{"damage":25.0,"enemies":"3 Sentries","floor":6.0,"turns":8.0},{"damage":15.0,"enemies":"Lagavulin","floor":8.0,"turns":6.0},{"damage":7.0,"enemies":"The Mushroom Lair","floor":11.0,"turns":3.0},{"damage":0.0,"enemies":"2 Louse","floor":13.0,"turns":2.0},{"damage":5.0,"enemies":"3 Sentries","floor":14.0,"turns":4.0},{"damage":9,"enemies":"Slime Boss","floor":16,"turns":7},{"damage":21,"enemies":"2 Thieves","floor":18,"turns":3},{"damage":19,"enemies":"Shell Parasite","floor":20,"turns":5},{"damage":22,"enemies":"Book of Stabbing","floor":24,"turns":5},{"damage":30,"enemies":"Snake Plant","floor":25,"turns":4},{"damage":16,"enemies":"Snecko","floor":29,"turns":2}],"seed_played":"-6361276961569341500","potions_obtained":[{"floor":11.0,"key":"FocusPotion"},{"floor":13.0,"key":"Dexterity Potion"},{"floor":18,"key":"LiquidBronze"},{"floor":24,"key":"FocusPotion"}],"is_trial":false,"path_per_floor":["M","?","$","M","?","E","R","E","T","R","?","$","M","E","R","B",null,"M","$","M","?","?","R","E","M","T","?","?","M"],"character_chosen":"DEFECT","items_purchased":["Undo","Go for the Eyes","Doom and Gloom","Capacitor"],"campfire_rested":2,"item_purchase_floors":[3,3,12,19],"current_hp_per_floor":[53,53,53,53,53,28,28,13,13,34,27,27,27,22,22,13,57,36,36,17,17,17,53,32,3,3,3,3,0],"gold":0,"neow_bonus":"UPGRADE_CARD","is_prod":false,"is_daily":false,"chose_seed":false,"campfire_upgraded":2,"win_rate":0,"timestamp":1562791766,"path_taken":["M","?","$","M","?","E","R","E","T","R","?","$","M","E","R","BOSS","M","$","M","?","?","R","E","?","T","?","?","M"],"build_version":"2019-07-05","purchased_purges":2,"victory":false,"max_hp_per_floor":[71,71,71,71,71,71,71,71,71,71,71,71,71,71,71,71,71,71,71,71,71,71,71,72,73,73,73,73,73],"card_choices":[{"not_picked":["Leap","Double Energy"],"picked":"Sweeping Beam","floor":1.0},{"not_picked":["Hello World","Redo"],"picked":"Melter","floor":4.0},{"not_picked":["Beam Cell","Undo"],"picked":"FTL","floor":6.0},{"not_picked":["Go for the Eyes","Machine Learning"],"picked":"Electrodynamics","floor":8.0},{"not_picked":["Redo","Melter"],"picked":"Hologram","floor":11.0},{"not_picked":["FTL","Compile Driver"],"picked":"Coolheaded","floor":13.0},{"not_picked":["Scrape","Sweeping Beam"],"picked":"Cold Snap","floor":14.0},{"not_picked":["Creative AI","Thunder Strike"],"picked":"Echo Form","floor":16},{"not_picked":["Go for the Eyes","Turbo","Beam Cell"],"picked":"SKIP","floor":18},{"not_picked":["All For One","Stack"],"picked":"Hologram","floor":20},{"not_picked":["Conserve Battery","Coolheaded"],"picked":"Capacitor","floor":24},{"not_picked":["Conserve Battery","BootSequence+1"],"picked":"Cold Snap+1","floor":25}],"player_experience":1329376,"relics_obtained":[{"floor":6.0,"key":"Darkstone Periapt"},{"floor":8.0,"key":"Blue Candle"},{"floor":9.0,"key":"Happy Flower"},{"floor":11.0,"key":"Odd Mushroom"},{"floor":14.0,"key":"Regal Pillow"},{"floor":24,"key":"Smiling Mask"},{"floor":26,"key":"Letter Opener"}],"event_choices":[{"damage_healed":0.0,"max_hp_gain":0.0,"max_hp_loss":0.0,"gold_gain":150.0,"event_name":"Liars Game","player_choice":"AGREE","floor":2.0,"gold_loss":0.0,"damage_taken":0.0,"cards_obtained":["Doubt"]},{"damage_healed":0.0,"max_hp_gain":0.0,"max_hp_loss":0.0,"gold_gain":0.0,"event_name":"Living Wall","player_choice":"Grow","floor":5.0,"gold_loss":0.0,"damage_taken":0.0,"cards_upgraded":["Go for the Eyes"]},{"damage_healed":0.0,"max_hp_gain":0.0,"max_hp_loss":0.0,"gold_gain":0.0,"event_name":"Mushrooms","player_choice":"Fought Mushrooms","floor":11.0,"gold_loss":0.0,"damage_taken":0.0},{"damage_healed":0,"gold_gain":0,"player_choice":"Paid Fearfully","damage_taken":0,"max_hp_gain":0,"max_hp_loss":0,"event_name":"Masked Bandits","floor":21,"gold_loss":4},{"damage_healed":0,"gold_gain":0,"player_choice":"Trade","damage_taken":0,"relics_obtained":["FaceOfCleric"],"max_hp_gain":0,"max_hp_loss":0,"event_name":"FaceTrader","floor":22,"gold_loss":0},{"damage_healed":0,"gold_gain":0,"player_choice":"Ignored","damage_taken":0,"max_hp_gain":0,"max_hp_loss":0,"event_name":"Cursed Tome","floor":27,"gold_loss":0},{"cards_removed":["Strike_B"],"damage_healed":0,"gold_gain":0,"player_choice":"Purged","damage_taken":0,"max_hp_gain":0,"max_hp_loss":0,"event_name":"Purifier","floor":28,"gold_loss":0}],"is_beta":false,"boss_relics":[{"not_picked":["Lizard Tail","Empty Cage"],"picked":"Ectoplasm"}],"items_purged_floors":[3,12],"is_endless":false,"potions_floor_spawned":[11,13,14,18,24],"killed_by":"Snecko","ascension_level":20}