{"gold_per_floor":[109,119,133,149,162,162,192,203,256,44,79,157,186,82,82,159,159,177,195,195,209,224,224,15,15,94,94,114,132,158,115,115,191,191,206,6,6,6,26,26,46,61,85,85,9,9,27,37,37,37,37],"floor_reached":51,"playtime":2479,"items_purged":["Defend_R"],"score":1332,"play_id":"e7e1ef9e-ce56-49ba-be53-cc2d303f20f0","local_time":"20190613144759","is_ascension_mode":true,"campfire_choices":[{"data":"Perfected Strike","floor":6.0,"key":"SMITH"},{"data":"True Grit","floor":15.0,"key":"SMITH"},{"data":"Armaments","floor":23.0,"key":"SMITH"},{"data":"Shockwave","floor":25.0,"key":"SMITH"},{"data":"Uppercut","floor":27.0,"key":"SMITH"},{"data":"Feel No Pain","floor":32.0,"key":"SMITH"},{"floor":40.0,"key":"RECALL"},{"data":"Perfected Strike","floor":44.0,"key":"SMITH"},{"floor":49.0,"key":"REST"}],"neow_cost":"NONE","seed_source_timestamp":0,"circlet_count":0,"master_deck":["AscendersBane","Strike_R","Strike_R","Strike_R","Strike_R","Strike_R","Defend_R","Defend_R","Bash+1","Headbutt","Pommel Strike","Perfected Strike+1","Havoc","Shrug It Off","Armaments+1","Ghostly Armor","True Grit+1","True Grit","Impervious","Perfected Strike+1","Shockwave+1","Uppercut+1","Thunderclap","Battle Trance","Burning Pact","Feel No Pain+1","Offering","Sword Boomerang","Perfected Strike","Disarm","Corruption"],"special_seed":0,"relics":["Burning Blood","Paper Frog","Ancient Tea Set","Blood Vial","Mummified Hand","Philosopher\u0027s Stone","Vajra","Shuriken","Bag of Preparation","Busted Crown","Pen Nib"],"potions_floor_usage":[],"damage_taken":[{"damage":6.0,"enemies":"Cultist","floor":1.0,"turns":3.0},{"damage":7.0,"enemies":"Jaw Worm","floor":2.0,"turns":4.0},{"damage":10.0,"enemies":"2 Louse","floor":3.0,"turns":2.0},{"damage":15.0,"enemies":"Gremlin Gang","floor":4.0,"turns":4.0},{"damage":8.0,"enemies":"3 Louse","floor":5.0,"turns":4.0},{"damage":25.0,"enemies":"Lagavulin","floor":7.0,"turns":6.0},{"damage":3.0,"enemies":"Exordium Wildlife","floor":8.0,"turns":3.0},{"damage":6.0,"enemies":"Gremlin Nob","floor":11.0,"turns":3.0},{"damage":34.0,"enemies":"Lagavulin","floor":13.0,"turns":6.0},{"damage":23.0,"enemies":"Hexaghost","floor":16.0,"turns":9.0},{"damage":7.0,"enemies":"Spheric Guardian","floor":18.0,"turns":4.0},{"damage":27.0,"enemies":"3 Byrds","floor":19.0,"turns":6.0},{"damage":5.0,"enemies":"Cultist and Chosen","floor":21.0,"turns":4.0},{"damage":1.0,"enemies":"Chosen and Byrds","floor":22.0,"turns":6.0},{"damage":0.0,"enemies":"Snake Plant","floor":28.0,"turns":3.0},{"damage":0.0,"enemies":"Centurion and Healer","floor":29.0,"turns":3.0},{"damage":16.0,"enemies":"Book of Stabbing","floor":30.0,"turns":3.0},{"damage":41.0,"enemies":"Automaton","floor":33.0,"turns":8.0},{"damage":6.0,"enemies":"3 Darklings","floor":35.0,"turns":4.0},{"damage":6.0,"enemies":"Orb Walker","floor":39.0,"turns":2.0},{"damage":6.0,"enemies":"Transient","floor":41.0,"turns":6.0},{"damage":19.0,"enemies":"Jaw Worm Horde","floor":42.0,"turns":3.0},{"damage":9.0,"enemies":"4 Shapes","floor":47.0,"turns":2.0},{"damage":13.0,"enemies":"Maw","floor":48.0,"turns":5.0},{"damage":49.0,"enemies":"Donu and Deca","floor":50.0,"turns":7.0},{"damage":34,"enemies":"Time Eater","floor":51,"turns":4}],"seed_played":"-907631179599170393","potions_obtained":[{"floor":3.0,"key":"FearPotion"},{"floor":5.0,"key":"PowerPotion"},{"floor":7.0,"key":"Fire Potion"},{"floor":11.0,"key":"SpeedPotion"},{"floor":18.0,"key":"Dexterity Potion"},{"floor":19.0,"key":"Weak Potion"},{"floor":28.0,"key":"FearPotion"},{"floor":30.0,"key":"GamblersBrew"},{"floor":33.0,"key":"Fire Potion"},{"floor":42.0,"key":"LiquidBronze"},{"floor":48.0,"key":"SkillPotion"}],"is_trial":false,"path_per_floor":["M","M","M","M","M","R","E","M","T","$","E","?","E","$","R","B",null,"M","M","?","M","M","R","$","R","T","R","M","M","E","$","R","B",null,"M","$","?","?","M","R","M","M","T","R","$","?","M","M","R","B","B"],"character_chosen":"IRONCLAD","items_purchased":["Armaments","Regen Potion","True Grit","Regen Potion","Vajra","Battle Trance","Feel No Pain","Perfected Strike","Pen Nib","Corruption"],"campfire_rested":1,"item_purchase_floors":[10,10,14,14,24,24,31,36,36,45],"current_hp_per_floor":[68,67,63,54,52,52,33,36,36,36,45,45,19,19,19,19,61,62,43,43,46,53,53,53,53,53,53,61,69,61,61,61,28,63,65,65,65,71,71,71,71,58,58,58,58,58,57,52,71,28,0],"gold":37,"neow_bonus":"UPGRADE_CARD","is_prod":false,"is_daily":false,"chose_seed":false,"campfire_upgraded":7,"win_rate":0,"timestamp":1560451679,"path_taken":["M","M","M","M","M","R","E","M","T","$","E","?","E","?","R","BOSS","M","M","?","M","M","R","$","R","T","R","M","?","E","?","R","BOSS","M","$","?","?","?","R","M","M","T","R","$","?","M","M","R","BOSS","BOSS"],"build_version":"2019-01-23","purchased_purges":1,"victory":false,"max_hp_per_floor":[75,75,75,75,75,75,75,75,75,75,75,75,75,75,75,75,75,75,75,75,75,75,75,75,75,75,75,75,75,75,75,75,75,75,75,75,71,71,71,71,71,71,71,71,71,71,71,71,71,71,71],"card_choices":[{"not_picked":["Heavy Blade","Sword Boomerang"],"picked":"Headbutt","floor":1.0},{"not_picked":["Headbutt","Anger"],"picked":"Pommel Strike","floor":2.0},{"not_picked":["Headbutt","Flex"],"picked":"Anger","floor":3.0},{"not_picked":["Ghostly Armor","Bloodletting"],"picked":"Perfected Strike","floor":4.0},{"not_picked":["Warcry","Clothesline"],"picked":"Havoc","floor":5.0},{"not_picked":["Berserk","Intimidate"],"picked":"Uppercut","floor":7.0},{"not_picked":["Sword Boomerang","Corruption"],"picked":"Shrug It Off","floor":8.0},{"not_picked":["Carnage","Reckless Charge"],"picked":"Ghostly Armor","floor":11.0},{"not_picked":["Cleave","Sentinel"],"picked":"True Grit","floor":13.0},{"not_picked":["Feed","Fiend Fire"],"picked":"Impervious","floor":16.0},{"not_picked":["Shrug It Off","True Grit"],"picked":"Perfected Strike","floor":18.0},{"not_picked":["Clothesline","Warcry"],"picked":"Shockwave","floor":19.0},{"not_picked":["Cleave","Bloodletting"],"picked":"Uppercut","floor":21.0},{"not_picked":["Flex","True Grit"],"picked":"Thunderclap","floor":22.0},{"not_picked":["Bloodletting","Infernal Blade","Havoc"],"picked":"SKIP","floor":28.0},{"not_picked":["Iron Wave","Dark Embrace","Thunderclap"],"picked":"SKIP","floor":29.0},{"not_picked":["Rampage","Uppercut"],"picked":"Burning Pact","floor":30.0},{"not_picked":["Fiend Fire","Demon Form"],"picked":"Offering","floor":33.0},{"not_picked":[],"picked":"Sword Boomerang","floor":35.0},{"not_picked":["Body Slam"],"picked":"SKIP","floor":39.0},{"not_picked":[],"picked":"Disarm","floor":41.0},{"not_picked":["Combust"],"picked":"SKIP","floor":42.0},{"not_picked":["Intimidate+1"],"picked":"SKIP","floor":47.0},{"not_picked":["Iron Wave"],"picked":"SKIP","floor":48.0}],"player_experience":1171714,"relics_obtained":[{"floor":7.0,"key":"Paper Frog"},{"floor":9.0,"key":"Ancient Tea Set"},{"floor":11.0,"key":"Blood Vial"},{"floor":13.0,"key":"Mummified Hand"},{"floor":26.0,"key":"Shuriken"},{"floor":30.0,"key":"Bag of Preparation"}],"event_choices":[{"damage_healed":0.0,"max_hp_gain":0.0,"max_hp_loss":0.0,"gold_gain":78.0,"event_name":"Golden Wing","player_choice":"Gained Gold","floor":12.0,"gold_loss":0.0,"damage_taken":0.0},{"cards_removed":["Anger"],"damage_healed":0.0,"max_hp_gain":0.0,"max_hp_loss":0.0,"gold_gain":0.0,"event_name":"Purifier","player_choice":"Purged","floor":20.0,"gold_loss":0.0,"damage_taken":0.0},{"damage_healed":0.0,"max_hp_gain":0.0,"max_hp_loss":4.0,"gold_gain":0.0,"event_name":"Winding Halls","player_choice":"Max HP","floor":37.0,"gold_loss":0.0,"damage_taken":0.0},{"cards_removed":["Uppercut"],"damage_healed":6.0,"max_hp_gain":0.0,"max_hp_loss":0.0,"gold_gain":0.0,"event_name":"Bonfire Elementals","player_choice":"Offered Uncommon","floor":38.0,"gold_loss":0.0,"damage_taken":0.0},{"cards_removed":["Defend_R"],"damage_healed":0.0,"max_hp_gain":0.0,"max_hp_loss":0.0,"gold_gain":0.0,"event_name":"Falling","player_choice":"Removed Skill","floor":46.0,"gold_loss":0.0,"damage_taken":0.0}],"is_beta":false,"boss_relics":[{"not_picked":["Runic Dome","Empty Cage"],"picked":"Philosopher\u0027s Stone"},{"not_picked":["Runic Pyramid","Mark of Pain"],"picked":"Busted Crown"}],"items_purged_floors":[10],"is_endless":false,"potions_floor_spawned":[3,5,7,11,18,19,28,30,33,42,48],"killed_by":"Time Eater","ascension_level":20}