{"gold_per_floor":[119,69,80,97,97,97,117,117,117,152,162,162,180,200,200,305,305,319,335,335,50,150,176,176,208,208,223,238,238,253,285,285,388,388,408,408,1407,1455,1470,1470,1495,1495,1495,807,817,828,1158,1172,1172,1172],"floor_reached":51,"playtime":3066,"items_purged":["Strike_G+1","Strike_G+1"],"score":1119,"play_id":"46b9e9cc-018e-433f-99b6-961238c97ec3","local_time":"20190720180228","is_ascension_mode":false,"campfire_choices":[{"data":"Masterful Stab","floor":6,"key":"SMITH"},{"data":"Noxious Fumes","floor":8,"key":"SMITH"},{"data":"Dash","floor":15,"key":"SMITH"},{"data":"Bane","floor":24,"key":"SMITH"},{"data":"Envenom","floor":32,"key":"SMITH"},{"data":"PiercingWail","floor":40,"key":"SMITH"},{"floor":42,"key":"REST"},{"data":"Well Laid Plans","floor":49,"key":"SMITH"}],"neow_cost":"NONE","seed_source_timestamp":44391870524800,"circlet_count":0,"master_deck":["Strike_G+1","Defend_G+1","Defend_G+1","Defend_G+1","Defend_G+1","Defend_G+1","Survivor","Neutralize+1","Dagger Throw","PiercingWail+1","Masterful Stab+1","Noxious Fumes+1","Bane+1","Dash+1","Deadly Poison+1","Leg Sweep+1","Corpse Explosion+1","Catalyst+1","Deadly Poison+1","PiercingWail+1","Cloak And Dagger+1","PiercingWail+1","Well Laid Plans+1","Blur+1","Prepared+1","Envenom+1","Corpse Explosion+1","Backflip+1","Backflip+1","Escape Plan+1","PiercingWail+1","Burst+1","Well Laid Plans+1","Malaise+1","Cloak And Dagger+1","Crippling Poison+1","Well Laid Plans"],"relics":["Ring of the Snake","Ornamental Fan","Toxic Egg 2","Dead Branch","Runic Dome","Oddly Smooth Stone","Letter Opener","Omamori","Sundial","Mercury Hourglass","Cursed Key","Mango","Meat on the Bone","Vajra","Bottled Tornado","Old Coin"],"potions_floor_usage":[16,23,33,50,50,50],"damage_taken":[{"damage":0,"enemies":"Small Slimes","floor":1,"turns":4},{"damage":5,"enemies":"Jaw Worm","floor":3,"turns":5},{"damage":0,"enemies":"2 Louse","floor":4,"turns":2},{"damage":0,"enemies":"Lots of Slimes","floor":7,"turns":5},{"damage":13,"enemies":"Gremlin Nob","floor":10,"turns":4},{"damage":0,"enemies":"2 Fungi Beasts","floor":11,"turns":4},{"damage":0,"enemies":"Blue Slaver","floor":13,"turns":4},{"damage":0,"enemies":"Exordium Wildlife","floor":14,"turns":3},{"damage":0,"enemies":"Hexaghost","floor":16,"turns":8},{"damage":3,"enemies":"2 Thieves","floor":18,"turns":3},{"damage":0,"enemies":"Chosen","floor":19,"turns":3},{"damage":0,"enemies":"Gremlin Leader","floor":23,"turns":5},{"damage":0,"enemies":"Book of Stabbing","floor":25,"turns":5},{"damage":0,"enemies":"Shelled Parasite and Fungi","floor":27,"turns":5},{"damage":0,"enemies":"Chosen and Byrds","floor":28,"turns":3},{"damage":0,"enemies":"3 Cultists","floor":30,"turns":3},{"damage":0,"enemies":"Slavers","floor":31,"turns":3},{"damage":21,"enemies":"Collector","floor":33,"turns":8},{"damage":0,"enemies":"3 Shapes","floor":35,"turns":2},{"damage":0,"enemies":"2 Orb Walkers","floor":38,"turns":3},{"damage":5,"enemies":"3 Darklings","floor":39,"turns":3},{"damage":0,"enemies":"Giant Head","floor":41,"turns":6},{"damage":0,"enemies":"4 Shapes","floor":45,"turns":3},{"damage":0,"enemies":"Transient","floor":46,"turns":5},{"damage":0,"enemies":"Reptomancer","floor":47,"turns":5},{"damage":0,"enemies":"3 Darklings","floor":48,"turns":2},{"damage":0,"enemies":"Time Eater","floor":50,"turns":10}],"seed_played":"1039101469861585611","potions_obtained":[{"floor":4,"key":"GhostInAJar"},{"floor":11,"key":"SpeedPotion"},{"floor":14,"key":"SkillPotion"},{"floor":19,"key":"Explosive Potion"},{"floor":27,"key":"Regen Potion"},{"floor":30,"key":"Poison Potion"},{"floor":33,"key":"Dexterity Potion"}],"is_trial":false,"path_per_floor":["M","?","M","M","?","R","M","R","T","E","M","?","M","M","R","B",null,"M","M","?","$","?","E","R","E","T","M","M","?","M","E","R","B",null,"M","?","?","?","M","R","E","R","T","$","M","M","E","M","R","B",null],"character_chosen":"THE_SILENT","items_purchased":["PiercingWail+1","Oddly Smooth Stone","Burst+1","Well Laid Plans","Vajra","Dexterity Potion","Bottled Tornado"],"campfire_rested":1,"item_purchase_floors":[21,21,44,44,44,44,44],"current_hp_per_floor":[70,70,65,65,58,58,58,58,58,45,45,33,33,33,33,33,70,67,67,67,67,67,67,67,67,67,67,67,54,54,54,54,48,75,75,71,71,85,80,80,80,85,85,85,85,85,85,85,85,85],"gold":1172,"neow_bonus":"UPGRADE_CARD","is_prod":false,"is_daily":false,"chose_seed":false,"campfire_upgraded":7,"win_rate":1,"timestamp":1563613348,"path_taken":["M","?","M","M","?","R","M","R","T","E","M","?","M","M","R","BOSS","M","M","?","$","?","E","R","E","T","M","?","?","M","E","R","BOSS","M","?","?","?","M","R","E","R","T","$","?","?","E","M","R","BOSS"],"build_version":"2019-07-17","purchased_purges":2,"victory":true,"max_hp_per_floor":[70,70,70,70,70,70,70,70,70,70,70,70,70,70,70,70,70,70,70,70,70,70,70,70,70,70,70,70,75,75,75,75,75,75,75,71,71,85,85,85,85,85,85,85,85,85,85,85,85,85],"card_choices":[{"not_picked":["Deflect","Riddle With Holes"],"picked":"Dagger Throw","floor":1},{"not_picked":["Sucker Punch","Quick Slash"],"picked":"PiercingWail","floor":3},{"not_picked":["Cloak And Dagger","PiercingWail"],"picked":"Masterful Stab","floor":4},{"not_picked":["Doppelganger","Quick Slash"],"picked":"Noxious Fumes","floor":7},{"not_picked":["Dagger Throw","Expertise"],"picked":"Bane","floor":10},{"not_picked":["Accuracy","Concentrate+1"],"picked":"Dash","floor":11},{"not_picked":["Acrobatics+1","Masterful Stab"],"picked":"Deadly Poison+1","floor":13},{"not_picked":["Underhanded Strike","Dagger Spray"],"picked":"Leg Sweep+1","floor":14},{"not_picked":["Envenom","Phantasmal Killer+1"],"picked":"Corpse Explosion+1","floor":16},{"not_picked":["Sucker Punch","Deadly Poison+1"],"picked":"Catalyst+1","floor":18},{"not_picked":["Blade Dance+1","Predator"],"picked":"Deadly Poison+1","floor":19},{"not_picked":["Bane","Concentrate+1"],"picked":"Cloak And Dagger+1","floor":23},{"not_picked":["Sucker Punch+1","Eviscerate+1"],"picked":"PiercingWail+1","floor":25},{"not_picked":["Blade Dance+1","Outmaneuver+1"],"picked":"Well Laid Plans+1","floor":27},{"not_picked":["Outmaneuver+1","Deflect+1"],"picked":"Blur+1","floor":28},{"not_picked":["Underhanded Strike","Masterful Stab"],"picked":"Prepared+1","floor":30},{"not_picked":["Poisoned Stab+1","Reflex+1"],"picked":"Envenom","floor":31},{"not_picked":["Tools of the Trade","Grand Finale"],"picked":"Corpse Explosion+1","floor":33},{"not_picked":["Flying Knee+1","Noxious Fumes+1"],"picked":"Backflip+1","floor":35},{"not_picked":["Dagger Spray","Heel Hook+1"],"picked":"Backflip+1","floor":38},{"not_picked":["Outmaneuver+1","Underhanded Strike"],"picked":"Escape Plan+1","floor":39},{"not_picked":["Outmaneuver+1","Flying Knee"],"picked":"PiercingWail+1","floor":41},{"not_picked":["Sucker Punch+1","Calculated Gamble+1"],"picked":"Malaise+1","floor":45},{"not_picked":["Dagger Throw","Setup+1"],"picked":"Cloak And Dagger+1","floor":46},{"not_picked":["Tools of the Trade","Prepared+1"],"picked":"Crippling Poison+1","floor":47},{"not_picked":["Bane+1","PiercingWail+1"],"picked":"Well Laid Plans","floor":48}],"player_experience":86450,"relics_obtained":[{"floor":9,"key":"Ornamental Fan"},{"floor":10,"key":"Toxic Egg 2"},{"floor":23,"key":"Letter Opener"},{"floor":25,"key":"Omamori"},{"floor":26,"key":"Sundial"},{"floor":31,"key":"Mercury Hourglass"},{"floor":38,"key":"Mango"},{"floor":41,"key":"Meat on the Bone"},{"floor":47,"key":"Old Coin"}],"event_choices":[{"cards_removed":["Strike_G"],"damage_healed":0,"gold_gain":0,"player_choice":"Card Removal","damage_taken":0,"max_hp_gain":0,"max_hp_loss":0,"event_name":"The Cleric","floor":2,"gold_loss":50},{"cards_removed":["Strike_G"],"damage_healed":0,"gold_gain":0,"player_choice":"Card Removal","damage_taken":7,"max_hp_gain":0,"max_hp_loss":0,"event_name":"Golden Wing","floor":5,"gold_loss":0},{"damage_healed":0,"gold_gain":0,"player_choice":"Success","damage_taken":12,"relics_obtained":["Dead Branch"],"max_hp_gain":0,"max_hp_loss":0,"event_name":"Scrap Ooze","floor":12,"gold_loss":0},{"damage_healed":0,"gold_gain":0,"player_choice":"Simplicity","damage_taken":0,"max_hp_gain":0,"max_hp_loss":0,"event_name":"Back to Basics","floor":20,"gold_loss":0,"cards_upgraded":["Strike_G","Strike_G","Strike_G","Defend_G","Defend_G","Defend_G","Defend_G","Defend_G"]},{"damage_healed":0,"gold_gain":100,"player_choice":"Pray","damage_taken":0,"max_hp_gain":0,"max_hp_loss":0,"event_name":"Golden Shrine","floor":22,"gold_loss":0},{"damage_healed":0,"gold_gain":0,"player_choice":"Shed Blood","damage_taken":18,"max_hp_gain":5,"max_hp_loss":0,"event_name":"Forgotten Altar","floor":29,"gold_loss":0},{"damage_healed":0,"gold_gain":0,"player_choice":"Max HP","damage_taken":0,"max_hp_gain":0,"max_hp_loss":4,"event_name":"Winding Halls","floor":36,"gold_loss":0},{"damage_healed":0,"gold_gain":999,"player_choice":"Gold","damage_taken":0,"max_hp_gain":0,"max_hp_loss":0,"event_name":"MindBloom","floor":37,"gold_loss":0,"cards_obtained":["Normality","Normality"]},{"damage_healed":0,"gold_gain":0,"player_choice":"Fight","damage_taken":0,"max_hp_gain":0,"max_hp_loss":0,"event_name":"Mysterious Sphere","floor":38,"gold_loss":0}],"is_beta":false,"boss_relics":[{"not_picked":["Calling Bell","HoveringKite"],"picked":"Runic Dome"},{"not_picked":["Orrery","Black Star"],"picked":"Cursed Key"}],"items_purged_floors":[21,44],"is_endless":false,"potions_floor_spawned":[4,11,14,19,27,30,31,33,35,41,46],"ascension_level":0}