{"gold_per_floor":[118,133,133,144,154,154,188,188,188,223,223,223,50,70,70,145,145,164,179,179,189,209,209,244,254,254,254,254,267,284,311,311,311],"floor_reached":33,"playtime":1397,"items_purged":[],"score":623,"play_id":"423f0646-a574-41e4-9bc1-41dd6eb49303","local_time":"20190810074119","is_ascension_mode":true,"campfire_choices":[{"data":"Sweeping Beam","floor":6.0,"key":"SMITH"},{"data":"Dualcast","floor":8.0,"key":"SMITH"},{"data":"Coolheaded","floor":11.0,"key":"SMITH"},{"data":"Sweeping Beam","floor":15.0,"key":"SMITH"},{"floor":23.0,"key":"REST"},{"floor":32.0,"key":"REST"}],"neow_cost":"NONE","seed_source_timestamp":27498330489200,"circlet_count":0,"master_deck":["AscendersBane","Strike_B","Strike_B","Strike_B","Defend_B","Defend_B","Defend_B","Defend_B","Zap+1","Dualcast+1","Sweeping Beam+1","Rebound","Coolheaded+1","Sweeping Beam+1","Cold Snap","Conserve Battery","Ball Lightning","All For One","Ball Lightning","Cold Snap","Glacier","Compile Driver","Go for the Eyes","Writhe","Capacitor"],"special_seed":0,"relics":["Cracked Core","PreservedInsect","Mercury Hourglass","Question Card","Anchor","Nuclear Battery","Bag of Marbles","Singing Bowl","Nilry\u0027s Codex","Mango","Vajra"],"potions_floor_usage":[33,33],"damage_taken":[{"damage":2.0,"enemies":"2 Louse","floor":1.0,"turns":3.0},{"damage":1.0,"enemies":"Cultist","floor":2.0,"turns":3.0},{"damage":12.0,"enemies":"Small Slimes","floor":4.0,"turns":2.0},{"damage":6.0,"enemies":"Red Slaver","floor":5.0,"turns":3.0},{"damage":8.0,"enemies":"Gremlin Nob","floor":7.0,"turns":3.0},{"damage":7.0,"enemies":"3 Sentries","floor":10.0,"turns":3.0},{"damage":0.0,"enemies":"Exordium Wildlife","floor":14.0,"turns":3.0},{"damage":25.0,"enemies":"Slime Boss","floor":16.0,"turns":9.0},{"damage":4.0,"enemies":"3 Byrds","floor":18.0,"turns":4.0},{"damage":1.0,"enemies":"Shell Parasite","floor":19.0,"turns":3.0},{"damage":6.0,"enemies":"Snecko","floor":21.0,"turns":5.0},{"damage":19.0,"enemies":"Snake Plant","floor":22.0,"turns":4.0},{"damage":19.0,"enemies":"Slavers","floor":24.0,"turns":4.0},{"damage":0.0,"enemies":"Centurion and Healer","floor":25.0,"turns":5.0},{"damage":2.0,"enemies":"Snecko","floor":29.0,"turns":3.0},{"damage":7.0,"enemies":"Snake Plant","floor":30.0,"turns":4.0},{"damage":7.0,"enemies":"Gremlin Leader","floor":31.0,"turns":5.0},{"damage":61,"enemies":"Automaton","floor":33,"turns":10}],"seed_played":"-5863594783942690633","potions_obtained":[{"floor":2.0,"key":"SkillPotion"},{"floor":4.0,"key":"FocusPotion"},{"floor":14.0,"key":"Block Potion"},{"floor":19.0,"key":"GamblersBrew"},{"floor":20.0,"key":"Regen Potion"},{"floor":25.0,"key":"Fire Potion"},{"floor":30.0,"key":"SneckoOil"}],"is_trial":false,"path_per_floor":["M","M","?","M","M","R","E","R","T","E","R","?","$","M","R","B",null,"M","M","?","M","M","R","E","M","T","?","?","M","M","E","R","B"],"character_chosen":"DEFECT","items_purchased":["Anchor"],"campfire_rested":2,"item_purchase_floors":[13],"current_hp_per_floor":[69,68,68,56,50,50,42,42,42,35,35,35,35,35,35,10,61,57,56,56,64,45,68,49,49,49,28,42,42,37,30,58,0],"gold":311,"neow_bonus":"TEN_PERCENT_HP_BONUS","is_prod":false,"is_daily":false,"chose_seed":false,"campfire_upgraded":4,"win_rate":0,"timestamp":1565437279,"path_taken":["M","M","?","M","M","R","E","R","T","E","R","?","$","M","R","BOSS","M","?","?","M","?","R","E","M","T","?","?","M","M","E","R","BOSS"],"build_version":"2019-07-17","purchased_purges":0,"victory":false,"max_hp_per_floor":[78,78,78,78,78,78,78,78,78,78,78,78,78,78,78,78,78,78,78,78,78,78,78,78,78,78,78,92,94,96,96,96,96],"card_choices":[{"not_picked":["Hologram","Rebound"],"picked":"Sweeping Beam","floor":1.0},{"not_picked":["Static Discharge","Turbo"],"picked":"Rebound","floor":2.0},{"not_picked":["Leap","Streamline"],"picked":"Coolheaded","floor":4.0},{"not_picked":["Recycle","Leap"],"picked":"Sweeping Beam","floor":5.0},{"not_picked":["Beam Cell","Hologram"],"picked":"Cold Snap","floor":7.0},{"not_picked":["Rebound","Leap"],"picked":"Conserve Battery","floor":10.0},{"not_picked":["Scrape","Rebound","Darkness"],"picked":"Ball Lightning","floor":14.0},{"not_picked":["Thunder Strike","Meteor Strike","Amplify"],"picked":"All For One","floor":16.0},{"not_picked":["Stack","Hologram","Barrage"],"picked":"Ball Lightning","floor":18.0},{"not_picked":["Streamline","Sweeping Beam","Leap"],"picked":"Cold Snap","floor":19.0},{"not_picked":["Barrage","Stack","Go for the Eyes"],"picked":"Glacier","floor":21.0},{"not_picked":["Barrage","Go for the Eyes","Gash","Reprogram"],"picked":"SKIP","floor":22.0},{"not_picked":["Heatsinks+1","Rebound","Steam"],"picked":"Compile Driver","floor":24.0},{"not_picked":["Multi-Cast","Double Energy","Fusion"],"picked":"Go for the Eyes","floor":25.0},{"not_picked":["Ball Lightning","Skim","Darkness","Chill"],"picked":"Singing Bowl","floor":29.0},{"not_picked":["Streamline","Hello World","Barrage","Double Energy"],"picked":"Singing Bowl","floor":30.0},{"not_picked":["Auto Shields","Storm","BootSequence"],"picked":"Capacitor","floor":31.0}],"player_experience":1453703,"relics_obtained":[{"floor":7.0,"key":"PreservedInsect"},{"floor":9.0,"key":"Mercury Hourglass"},{"floor":10.0,"key":"Question Card"},{"floor":24.0,"key":"Bag of Marbles"},{"floor":26.0,"key":"Singing Bowl"},{"floor":27.0,"key":"Nilry\u0027s Codex"},{"floor":31.0,"key":"Vajra"}],"event_choices":[{"damage_healed":0.0,"max_hp_gain":0.0,"max_hp_loss":0.0,"gold_gain":0.0,"event_name":"Living Wall","player_choice":"Grow","floor":3.0,"gold_loss":0.0,"damage_taken":0.0,"cards_upgraded":["Zap"]},{"cards_removed":["Strike_B"],"damage_healed":0.0,"max_hp_gain":0.0,"max_hp_loss":0.0,"gold_gain":0.0,"event_name":"Bonfire Elementals","player_choice":"Offered Basic","floor":12.0,"gold_loss":0.0,"damage_taken":0.0},{"damage_healed":0.0,"max_hp_gain":0.0,"max_hp_loss":0.0,"gold_gain":0.0,"event_name":"Lab","player_choice":"Got Potions","floor":20.0,"gold_loss":0.0,"damage_taken":0.0},{"damage_healed":0.0,"max_hp_gain":0.0,"max_hp_loss":0.0,"gold_gain":0.0,"event_name":"Cursed Tome","player_choice":"Obtained Book","floor":27.0,"gold_loss":0.0,"damage_taken":21.0},{"damage_healed":0.0,"max_hp_gain":0.0,"max_hp_loss":0.0,"gold_gain":0.0,"event_name":"The Mausoleum","player_choice":"Opened","floor":28.0,"gold_loss":0.0,"damage_taken":0.0,"relics_obtained":["Mango"],"cards_obtained":["Writhe"]}],"is_beta":false,"boss_relics":[{"not_picked":["Eternal Feather","Runic Pyramid"],"picked":"Nuclear Battery"}],"items_purged_floors":[],"is_endless":false,"potions_floor_spawned":[2,4,14,16,19,25,30],"killed_by":"Automaton","ascension_level":20}