{"gold_per_floor":[365,37,37,55,72,98,98,12,12,26,26,53,53,70,70,148,148,158,177,193,212,223,223,238,238,262,262,177,177,205,215,215,286,286,301,301,66,66,76,76,107,122,196,210,221,233,233,252,252,252,252,252,252,31,66,66],"floor_reached":57,"playtime":3328,"items_purged":["Writhe","Strike_G"],"score":2686,"play_id":"04769afd-7cfd-4a3f-8bdd-e9802ad77ce0","local_time":"20190612212158","is_ascension_mode":true,"campfire_choices":[{"data":"Well Laid Plans","floor":7.0,"key":"SMITH"},{"data":"Neutralize","floor":11.0,"key":"SMITH"},{"data":"Noxious Fumes","floor":15.0,"key":"SMITH"},{"floor":23.0,"key":"REST"},{"floor":25.0,"key":"REST"},{"data":"Catalyst","floor":27.0,"key":"SMITH"},{"floor":29.0,"key":"REST"},{"data":"Burst","floor":32.0,"key":"SMITH"},{"floor":40.0,"key":"RECALL"},{"data":"Wraith Form v2","floor":47.0,"key":"SMITH"},{"data":"PiercingWail","floor":49.0,"key":"SMITH"},{"data":"Survivor","floor":53.0,"key":"SMITH"}],"neow_cost":"CURSE","seed_source_timestamp":1391473348071800,"circlet_count":0,"master_deck":["AscendersBane","Defend_G","Defend_G","Defend_G","Defend_G","Strike_G","Survivor+1","Neutralize+1","Bane+1","Well Laid Plans+1","Poisoned Stab","Backstab","Finisher","Flying Knee+1","Deadly Poison","Noxious Fumes+1","Crippling Poison","PiercingWail+1","Phantasmal Killer","All Out Attack+1","Dodge and Roll+1","Flying Knee+1","Concentrate+1","Catalyst+1","Glass Knife","Cloak And Dagger+1","Blade Dance+1","Burst+1","Prepared+1","Catalyst+1","Wraith Form v2+1","Leg Sweep+1","Prepared+1","PiercingWail+1","Acrobatics+1","Corpse Explosion+1","Crippling Poison+1","Adrenaline+1"],"special_seed":0,"relics":["Ring of the Snake","Lantern","Gambling Chip","Prayer Wheel","Matryoshka","Astrolabe","Toxic Egg 2","Whetstone","Oddly Smooth Stone","Meat on the Bone","Coffee Dripper","StoneCalendar","Mercury Hourglass","Bronze Scales"],"potions_floor_usage":[56],"damage_taken":[{"damage":14.0,"enemies":"Jaw Worm","floor":1.0,"turns":9.0},{"damage":6.0,"enemies":"Cultist","floor":4.0,"turns":5.0},{"damage":2.0,"enemies":"2 Louse","floor":5.0,"turns":3.0},{"damage":6.0,"enemies":"Gremlin Nob","floor":6.0,"turns":3.0},{"damage":0.0,"enemies":"Exordium Thugs","floor":10.0,"turns":4.0},{"damage":10.0,"enemies":"3 Sentries","floor":12.0,"turns":7.0},{"damage":2.0,"enemies":"3 Louse","floor":14.0,"turns":3.0},{"damage":10.0,"enemies":"The Guardian","floor":16.0,"turns":8.0},{"damage":10.0,"enemies":"2 Thieves","floor":18.0,"turns":4.0},{"damage":11.0,"enemies":"3 Byrds","floor":19.0,"turns":5.0},{"damage":12.0,"enemies":"Snake Plant","floor":20.0,"turns":4.0},{"damage":10.0,"enemies":"3 Cultists","floor":21.0,"turns":4.0},{"damage":5.0,"enemies":"Centurion and Healer","floor":22.0,"turns":5.0},{"damage":12.0,"enemies":"Cultist and Chosen","floor":24.0,"turns":4.0},{"damage":12.0,"enemies":"Gremlin Leader","floor":30.0,"turns":5.0},{"damage":2.0,"enemies":"Chosen and Byrds","floor":31.0,"turns":5.0},{"damage":26.0,"enemies":"Automaton","floor":33.0,"turns":8.0},{"damage":0.0,"enemies":"3 Shapes","floor":35.0,"turns":6.0},{"damage":5.0,"enemies":"Orb Walker","floor":39.0,"turns":5.0},{"damage":50.0,"enemies":"Giant Head","floor":41.0,"turns":7.0},{"damage":5.0,"enemies":"Jaw Worm Horde","floor":42.0,"turns":5.0},{"damage":4.0,"enemies":"Sphere and 2 Shapes","floor":44.0,"turns":2.0},{"damage":0.0,"enemies":"4 Shapes","floor":45.0,"turns":6.0},{"damage":0.0,"enemies":"Spire Growth","floor":46.0,"turns":2.0},{"damage":6.0,"enemies":"3 Darklings","floor":48.0,"turns":4.0},{"damage":5.0,"enemies":"Donu and Deca","floor":50.0,"turns":5.0},{"damage":33.0,"enemies":"Time Eater","floor":51.0,"turns":7.0},{"damage":0.0,"enemies":"Shield and Spear","floor":55.0,"turns":8.0},{"damage":49,"enemies":"The Heart","floor":56,"turns":8}],"seed_played":"715130033619318470","potions_obtained":[{"floor":1.0,"key":"GamblersBrew"},{"floor":4.0,"key":"FearPotion"},{"floor":6.0,"key":"Block Potion"},{"floor":12.0,"key":"Energy Potion"},{"floor":13.0,"key":"EntropicBrew"},{"floor":18.0,"key":"Explosive Potion"},{"floor":30.0,"key":"GamblersBrew"},{"floor":33.0,"key":"SkillPotion"},{"floor":42.0,"key":"LiquidBronze"},{"floor":44.0,"key":"Weak Potion"},{"floor":45.0,"key":"Swift Potion"},{"floor":55.0,"key":"Block Potion"}],"is_trial":false,"path_per_floor":["M","$","?","M","M","E","R","$","T","M","R","E","?","M","R","B",null,"M","M","M","M","M","R","M","R","T","R","?","R","E","M","R","B",null,"M","?","$","?","M","R","E","M","T","M","M","M","R","M","R","B","B",null,"R","$","E","B",null],"character_chosen":"THE_SILENT","items_purchased":["Lantern","Well Laid Plans","Finisher","Regen Potion","Prepared+1","Adrenaline+1","Swift Potion"],"campfire_rested":3,"item_purchase_floors":[2,2,8,37,37,54,54],"current_hp_per_floor":[45,45,45,39,37,31,31,31,31,31,31,21,21,19,19,9,52,42,31,19,9,4,23,11,30,30,30,30,49,37,35,35,21,55,55,55,55,55,50,50,27,34,34,42,42,42,42,36,36,43,22,55,55,55,55,18],"gold":66,"neow_bonus":"TWO_FIFTY_GOLD","is_prod":false,"is_daily":false,"chose_seed":false,"campfire_upgraded":8,"win_rate":0,"timestamp":1560388918,"path_taken":["M","$","?","M","M","E","R","$","T","M","R","E","?","M","R","BOSS","M","M","?","M","M","R","M","R","T","R","?","R","E","M","R","BOSS","M","?","$","?","M","R","E","M","T","M","?","M","R","M","R","BOSS","BOSS","R","$","E","BOSS"],"build_version":"2019-01-23","purchased_purges":2,"victory":true,"max_hp_per_floor":[66,66,66,66,66,66,66,66,66,66,66,66,66,66,66,66,66,66,66,66,66,66,66,66,66,66,66,66,66,66,66,66,66,66,66,66,66,66,66,66,66,66,66,66,66,66,66,66,66,66,66,66,66,66,66,66],"card_choices":[{"not_picked":["PiercingWail","Prepared"],"picked":"Bane","floor":1.0},{"not_picked":["Masterful Stab","Flechettes"],"picked":"Poisoned Stab","floor":4.0},{"not_picked":["Cloak And Dagger","Finisher"],"picked":"Backstab","floor":5.0},{"not_picked":["Eviscerate","Underhanded Strike","Sucker Punch"],"picked":"SKIP","floor":6.0},{"not_picked":["Dagger Throw","Prepared"],"picked":"Flying Knee","floor":10.0},{"not_picked":["Accuracy","PiercingWail"],"picked":"Deadly Poison","floor":10.0},{"not_picked":["Dash","Poisoned Stab"],"picked":"Noxious Fumes","floor":12.0},{"not_picked":["Grand Finale","Prepared"],"picked":"Crippling Poison","floor":14.0},{"not_picked":["Quick Slash","Flying Knee"],"picked":"PiercingWail","floor":14.0},{"not_picked":["Venomology","Unload"],"picked":"Phantasmal Killer","floor":16.0},{"not_picked":["Backflip","Quick Slash"],"picked":"Concentrate+1","floor":18.0},{"not_picked":["Dash","Flying Knee","Endless Agony"],"picked":"SKIP","floor":18.0},{"not_picked":["Storm of Steel","Slice","Quick Slash"],"picked":"SKIP","floor":19.0},{"not_picked":["Deadly Poison","Dodge and Roll","Finisher"],"picked":"SKIP","floor":19.0},{"not_picked":["PiercingWail","Accuracy+1"],"picked":"Catalyst","floor":20.0},{"not_picked":["Eviscerate","Bane+1","Deflect"],"picked":"SKIP","floor":20.0},{"not_picked":["Dagger Spray","Cloak And Dagger"],"picked":"Glass Knife","floor":21.0},{"not_picked":["Cloak And Dagger","Eviscerate","Tactician"],"picked":"SKIP","floor":21.0},{"not_picked":["Quick Slash","Caltrops"],"picked":"Cloak And Dagger+1","floor":22.0},{"not_picked":["Sucker Punch","Outmaneuver+1"],"picked":"Blade Dance+1","floor":22.0},{"not_picked":["Outmaneuver","Cloak And Dagger"],"picked":"Burst","floor":24.0},{"not_picked":["Prepared","Outmaneuver+1","Poisoned Stab+1"],"picked":"SKIP","floor":24.0},{"not_picked":["Bane","Cloak And Dagger+1"],"picked":"Prepared+1","floor":30.0},{"not_picked":["Riddle With Holes","Dodge and Roll+1"],"picked":"Catalyst+1","floor":31.0},{"not_picked":["Dagger Throw","Distraction+1","Flechettes"],"picked":"SKIP","floor":31.0},{"not_picked":["Tools of the Trade","Venomology+1"],"picked":"Wraith Form v2","floor":33.0},{"not_picked":["Setup+1","Deadly Poison+1"],"picked":"Leg Sweep+1","floor":35.0},{"not_picked":["All Out Attack","Poisoned Stab","Slice+1"],"picked":"SKIP","floor":35.0},{"not_picked":["Crippling Poison+1","Outmaneuver+1"],"picked":"PiercingWail+1","floor":39.0},{"not_picked":["Dagger Spray","All Out Attack","Slice+1"],"picked":"SKIP","floor":39.0},{"not_picked":["Poisoned Stab","Deadly Poison+1","Dagger Spray+1"],"picked":"SKIP","floor":41.0},{"not_picked":["Unload","Dodge and Roll+1"],"picked":"Acrobatics+1","floor":42.0},{"not_picked":["Expertise+1","Dodge and Roll+1","Blur+1"],"picked":"SKIP","floor":42.0},{"not_picked":["Acrobatics+1","Bouncing Flask+1","Reflex+1"],"picked":"SKIP","floor":44.0},{"not_picked":["Prepared+1","Cloak And Dagger+1","Outmaneuver+1"],"picked":"SKIP","floor":44.0},{"not_picked":["Poisoned Stab","Concentrate+1"],"picked":"Corpse Explosion+1","floor":45.0},{"not_picked":["Outmaneuver+1","Sucker Punch","Dagger Spray"],"picked":"SKIP","floor":45.0},{"not_picked":["Skewer+1","Acrobatics+1"],"picked":"Crippling Poison+1","floor":46.0},{"not_picked":["Infinite Blades+1","Backstab","Prepared+1"],"picked":"SKIP","floor":46.0},{"not_picked":["Tactician+1","Slice+1","Acrobatics+1"],"picked":"SKIP","floor":48.0},{"not_picked":["Choke","Crippling Poison+1","Deadly Poison+1"],"picked":"SKIP","floor":48.0},{"not_picked":["Deadly Poison+1","Caltrops","Phantasmal Killer+1"],"picked":"SKIP","floor":55.0}],"player_experience":1168386,"relics_obtained":[{"floor":6.0,"key":"Gambling Chip"},{"floor":9.0,"key":"Prayer Wheel"},{"floor":12.0,"key":"Matryoshka"},{"floor":26.0,"key":"Toxic Egg 2"},{"floor":26.0,"key":"Whetstone"},{"floor":30.0,"key":"Meat on the Bone"},{"floor":41.0,"key":"StoneCalendar"},{"floor":43.0,"key":"Mercury Hourglass"},{"floor":55.0,"key":"Bronze Scales"}],"event_choices":[{"damage_healed":0.0,"max_hp_gain":0.0,"max_hp_loss":0.0,"gold_gain":0.0,"event_name":"Golden Idol","player_choice":"Ignored","floor":3.0,"gold_loss":0.0,"damage_taken":0.0},{"damage_healed":0.0,"max_hp_gain":0.0,"max_hp_loss":0.0,"gold_gain":0.0,"event_name":"Lab","player_choice":"Got Potions","floor":13.0,"gold_loss":0.0,"damage_taken":0.0},{"damage_healed":0.0,"max_hp_gain":0.0,"max_hp_loss":0.0,"gold_gain":0.0,"event_name":"Addict","player_choice":"Obtained Relic","floor":28.0,"gold_loss":85.0,"damage_taken":0.0,"relics_obtained":["Oddly Smooth Stone"]},{"cards_removed":["Strike_G"],"damage_healed":0.0,"max_hp_gain":0.0,"max_hp_loss":0.0,"gold_gain":0.0,"event_name":"Purifier","player_choice":"Purged","floor":36.0,"gold_loss":0.0,"damage_taken":0.0},{"damage_healed":0.0,"max_hp_gain":0.0,"max_hp_loss":0.0,"gold_gain":0.0,"event_name":"FaceTrader","player_choice":"Leave","floor":38.0,"gold_loss":0.0,"damage_taken":0.0}],"is_beta":false,"boss_relics":[{"not_picked":["Eternal Feather","Orrery"],"picked":"Astrolabe"},{"not_picked":["Black Star","White Beast Statue"],"picked":"Coffee Dripper"}],"items_purged_floors":[2,37],"is_endless":false,"potions_floor_spawned":[1,4,5,6,12,18,22,30,33,42,44,45,55],"ascension_level":20}