{"gold_per_floor":[112,132,27,27,27,70,70,85,85,35,10,10,35,51,51,176,176,191,39,39,39,64,64,78,78,156,196,2,2,2,27,27,153,153,174,18,18,293,311,311,345,345,345,345,16,34,159,237,237,237],"floor_reached":51,"playtime":2250,"items_purged":["Strike_G","Strike_G","Strike_G"],"score":814,"play_id":"1c3b6542-88f6-4e4e-96db-e45579982de0","local_time":"20190817144558","is_ascension_mode":false,"campfire_choices":[{"data":"Wraith Form v2","floor":7,"key":"SMITH"},{"data":"Noxious Fumes","floor":12,"key":"SMITH"},{"data":"Neutralize","floor":15,"key":"SMITH"},{"data":"Catalyst","floor":23,"key":"SMITH"},{"data":"Corpse Explosion","floor":25,"key":"SMITH"},{"data":"Noxious Fumes","floor":30,"key":"SMITH"},{"data":"Backflip","floor":32,"key":"SMITH"},{"data":"Malaise","floor":40,"key":"SMITH"},{"floor":42,"key":"RECALL"},{"data":"Dodge and Roll","floor":44,"key":"SMITH"},{"floor":49,"key":"REST"}],"neow_cost":"NONE","seed_source_timestamp":2278382976076000,"circlet_count":0,"master_deck":["Defend_G","Defend_G","Defend_G","Defend_G","Defend_G","Survivor","Neutralize+1","Bouncing Flask+1","Predator","Dagger Throw","Noxious Fumes+1","Dodge and Roll+1","Wraith Form v2+1","Poisoned Stab","Catalyst+1","Corpse Explosion+1","PiercingWail","Noxious Fumes+1","PiercingWail","Backflip+1","Well Laid Plans+1","Backflip+1","Dodge and Roll+1","Malaise+1","Regret","Backflip+1"],"relics":["Ring of the Snake","Golden Idol","Singing Bowl","Sundial","Philosopher\u0027s Stone","Nilry\u0027s Codex","Darkstone Periapt","Boot","Busted Crown","Bag of Marbles","Meat on the Bone","Chemical X","Shovel","Shuriken"],"potions_floor_usage":[16,18,41,46,50,50,50],"damage_taken":[{"damage":0,"enemies":"Jaw Worm","floor":1,"turns":5},{"damage":0,"enemies":"2 Louse","floor":2,"turns":3},{"damage":24,"enemies":"Gremlin Nob","floor":6,"turns":4},{"damage":0,"enemies":"Small Slimes","floor":8,"turns":3},{"damage":0,"enemies":"Exordium Wildlife","floor":13,"turns":4},{"damage":4,"enemies":"2 Fungi Beasts","floor":14,"turns":4},{"damage":0,"enemies":"Slime Boss","floor":16,"turns":5},{"damage":12,"enemies":"3 Byrds","floor":18,"turns":3},{"damage":2,"enemies":"Shell Parasite","floor":22,"turns":3},{"damage":0,"enemies":"Snake Plant","floor":24,"turns":3},{"damage":6,"enemies":"Slavers","floor":27,"turns":4},{"damage":1,"enemies":"Shelled Parasite and Fungi","floor":31,"turns":6},{"damage":2,"enemies":"Champ","floor":33,"turns":8},{"damage":0,"enemies":"3 Darklings","floor":35,"turns":3},{"damage":4,"enemies":"Orb Walker","floor":39,"turns":4},{"damage":5,"enemies":"Reptomancer","floor":41,"turns":6},{"damage":33,"enemies":"Jaw Worm Horde","floor":46,"turns":4},{"damage":5,"enemies":"Mind Bloom Boss Battle","floor":47,"turns":7},{"damage":30,"enemies":"Awakened One","floor":50,"turns":21}],"seed_played":"5000000649494777327","potions_obtained":[{"floor":1,"key":"Weak Potion"},{"floor":2,"key":"Ancient Potion"},{"floor":14,"key":"Poison Potion"},{"floor":18,"key":"Energy Potion"},{"floor":22,"key":"AttackPotion"},{"floor":31,"key":"Dexterity Potion"},{"floor":41,"key":"EssenceOfSteel"},{"floor":47,"key":"Explosive Potion"}],"is_trial":false,"path_per_floor":["M","M","$","?","?","E","R","M","T","?","$","R","M","M","R","B",null,"M","$","?","?","M","R","M","R","T","E","$","?","R","M","R","B",null,"M","$","?","?","M","R","E","R","T","R","$","M","?","T","R","B",null],"character_chosen":"THE_SILENT","items_purchased":["Noxious Fumes","Dodge and Roll","Poisoned Stab","Noxious Fumes","Well Laid Plans","Backflip","Malaise","Chemical X"],"campfire_rested":1,"item_purchase_floors":[3,3,11,19,28,28,36,45],"current_hp_per_floor":[70,70,70,53,53,29,29,31,31,31,31,31,33,29,29,29,74,62,62,62,46,44,44,46,46,46,40,40,40,40,39,39,39,78,80,80,80,86,82,82,79,79,79,79,79,48,57,57,84,54],"gold":237,"neow_bonus":"THREE_CARDS","is_prod":false,"is_daily":false,"chose_seed":false,"campfire_upgraded":9,"win_rate":1,"timestamp":1566020758,"path_taken":["M","M","$","?","?","E","R","M","T","?","?","R","M","M","R","BOSS","M","$","?","?","M","R","M","R","T","E","$","?","R","M","R","BOSS","M","$","?","?","M","R","E","R","T","R","$","?","?","?","R","BOSS"],"build_version":"2019-07-17","purchased_purges":3,"victory":true,"max_hp_per_floor":[70,70,70,70,70,70,70,72,72,72,72,72,74,74,74,74,74,74,74,74,74,74,74,76,76,76,76,76,76,76,76,76,78,78,80,80,80,86,86,86,88,88,88,88,88,90,92,92,92,92],"card_choices":[{"not_picked":["Underhanded Strike","Leg Sweep"],"picked":"Bouncing Flask","floor":0},{"not_picked":["Dodge and Roll","Backflip"],"picked":"Predator","floor":1},{"not_picked":["Outmaneuver","Backflip"],"picked":"Dagger Throw","floor":2},{"not_picked":["PiercingWail","Choke"],"picked":"Wraith Form v2","floor":6},{"not_picked":["Flechettes","Poisoned Stab","Masterful Stab"],"picked":"Singing Bowl","floor":8},{"not_picked":["Sucker Punch","All Out Attack","Deflect"],"picked":"Singing Bowl","floor":13},{"not_picked":["Cloak And Dagger","Blade Dance"],"picked":"Catalyst","floor":14},{"not_picked":["Malaise","Storm of Steel"],"picked":"Corpse Explosion","floor":16},{"not_picked":["Heel Hook","Backflip"],"picked":"PiercingWail","floor":18},{"not_picked":["Endless Agony","Poisoned Stab"],"picked":"PiercingWail","floor":22},{"not_picked":["Accuracy","Dagger Throw+1","Setup"],"picked":"Singing Bowl","floor":24},{"not_picked":["Sucker Punch","Dodge and Roll"],"picked":"Backflip+1","floor":27},{"not_picked":["Dagger Throw+1","Deflect"],"picked":"Dodge and Roll+1","floor":31},{"not_picked":["Unload","Die Die Die","Tools of the Trade"],"picked":"Singing Bowl","floor":33},{"not_picked":["Dash"],"picked":"Singing Bowl","floor":35},{"not_picked":[],"picked":"Backflip+1","floor":39},{"not_picked":["Dagger Spray"],"picked":"Singing Bowl","floor":41},{"not_picked":["Underhanded Strike+1"],"picked":"Singing Bowl","floor":46},{"not_picked":["Calculated Gamble"],"picked":"Singing Bowl","floor":47}],"player_experience":164898,"relics_obtained":[{"floor":6,"key":"Singing Bowl"},{"floor":9,"key":"Sundial"},{"floor":21,"key":"Nilry\u0027s Codex"},{"floor":26,"key":"Darkstone Periapt"},{"floor":27,"key":"Boot"},{"floor":41,"key":"Bag of Marbles"},{"floor":43,"key":"Meat on the Bone"},{"floor":47,"key":"Shovel"},{"floor":48,"key":"Shuriken"}],"event_choices":[{"damage_healed":0,"gold_gain":0,"player_choice":"Take Damage","damage_taken":17,"relics_obtained":["Golden Idol"],"max_hp_gain":0,"max_hp_loss":0,"event_name":"Golden Idol","floor":4,"gold_loss":0},{"damage_healed":0,"gold_gain":0,"player_choice":"Grow","damage_taken":0,"max_hp_gain":0,"max_hp_loss":0,"event_name":"Living Wall","floor":5,"gold_loss":0,"cards_upgraded":["Bouncing Flask"]},{"cards_removed":["Strike_G"],"damage_healed":0,"gold_gain":0,"player_choice":"Card Removal","damage_taken":0,"max_hp_gain":0,"max_hp_loss":0,"event_name":"The Cleric","floor":10,"gold_loss":50},{"damage_healed":0,"gold_gain":0,"player_choice":"Ignored","damage_taken":0,"max_hp_gain":0,"max_hp_loss":0,"event_name":"Vampires","floor":20,"gold_loss":0},{"damage_healed":0,"gold_gain":0,"player_choice":"Obtained Book","damage_taken":16,"max_hp_gain":0,"max_hp_loss":0,"event_name":"Cursed Tome","floor":21,"gold_loss":0},{"damage_healed":0,"gold_gain":0,"player_choice":"Forge","damage_taken":0,"max_hp_gain":0,"max_hp_loss":0,"event_name":"Accursed Blacksmith","floor":29,"gold_loss":0,"cards_upgraded":["Well Laid Plans"]},{"cards_removed":["Strike_G"],"damage_healed":0,"gold_gain":0,"player_choice":"Removed Attack","damage_taken":0,"max_hp_gain":0,"max_hp_loss":0,"event_name":"Falling","floor":37,"gold_loss":0},{"damage_healed":0,"gold_gain":275,"player_choice":"Desecrate","damage_taken":0,"max_hp_gain":0,"max_hp_loss":0,"event_name":"Golden Shrine","floor":38,"gold_loss":0,"cards_obtained":["Regret"]},{"damage_healed":0,"gold_gain":0,"player_choice":"Fight","damage_taken":0,"max_hp_gain":0,"max_hp_loss":0,"event_name":"MindBloom","floor":47,"gold_loss":0}],"is_beta":false,"boss_relics":[{"not_picked":["Lizard Tail","Eternal Feather"],"picked":"Philosopher\u0027s Stone"},{"not_picked":["HoveringKite","Pandora\u0027s Box"],"picked":"Busted Crown"}],"items_purged_floors":[19,28,45],"is_endless":false,"potions_floor_spawned":[1,2,14,18,22,31,33,41,47],"ascension_level":0}