{"gold_per_floor":[112,126,145,145,14,42,62,62,62,87,87,47,47,57,57,57],"floor_reached":16,"playtime":610,"items_purged":["Strike_G"],"score":220,"play_id":"8ffcdc08-2c3a-426f-ac4f-1bf2217b481d","local_time":"20190805225145","is_ascension_mode":true,"campfire_choices":[{"data":"Dash","floor":8.0,"key":"SMITH"},{"floor":11.0,"key":"REST"},{"data":"Well Laid Plans","floor":15.0,"key":"SMITH"}],"neow_cost":"NONE","seed_source_timestamp":794398609505900,"circlet_count":0,"master_deck":["AscendersBane","Strike_G","Strike_G","Strike_G+1","Strike_G","Defend_G+1","Defend_G+1","Defend_G","Defend_G","Defend_G","Survivor","Neutralize+1","Flying Knee+1","Dash+1","Skewer+1","PiercingWail","PiercingWail+1","Well Laid Plans+1","Bouncing Flask+1","Distraction+1"],"special_seed":0,"relics":["Ring of the Snake","Whetstone","Toxic Egg 2","Prayer Wheel"],"potions_floor_usage":[16,16],"damage_taken":[{"damage":6.0,"enemies":"Jaw Worm","floor":1.0,"turns":10.0},{"damage":0.0,"enemies":"Cultist","floor":2.0,"turns":4.0},{"damage":0.0,"enemies":"Small Slimes","floor":3.0,"turns":3.0},{"damage":10.0,"enemies":"3 Sentries","floor":6.0,"turns":6.0},{"damage":0.0,"enemies":"2 Fungi Beasts","floor":7.0,"turns":4.0},{"damage":24.0,"enemies":"Gremlin Nob","floor":10.0,"turns":4.0},{"damage":0.0,"enemies":"Blue Slaver","floor":14.0,"turns":3.0},{"damage":23,"enemies":"Slime Boss","floor":16,"turns":6}],"seed_played":"-1825529947936037432","potions_obtained":[{"floor":2.0,"key":"Energy Potion"},{"floor":6.0,"key":"SkillPotion"},{"floor":10.0,"key":"Weak Potion"},{"floor":14.0,"key":"EssenceOfSteel"}],"is_trial":false,"path_per_floor":["M","M","M","?","$","E","M","R","T","E","R","$","?","M","R","B"],"character_chosen":"THE_SILENT","items_purchased":["AttackPotion","Well Laid Plans"],"campfire_rested":1,"item_purchase_floors":[5,12],"current_hp_per_floor":[53,53,53,53,53,43,43,43,43,19,38,38,18,18,18,0],"gold":57,"neow_bonus":"UPGRADE_CARD","is_prod":false,"is_daily":false,"chose_seed":false,"campfire_upgraded":2,"win_rate":0,"timestamp":1565059905,"path_taken":["M","M","M","?","$","E","M","R","T","E","R","?","?","M","R","BOSS"],"build_version":"2019-07-17","purchased_purges":1,"victory":false,"max_hp_per_floor":[66,66,66,66,66,66,66,66,66,66,66,66,66,66,66,66],"card_choices":[{"not_picked":["Backflip","Blade Dance"],"picked":"Flying Knee","floor":1.0},{"not_picked":["Deadly Poison","Infinite Blades"],"picked":"Dash","floor":2.0},{"not_picked":["Flechettes","Riddle With Holes"],"picked":"Skewer","floor":3.0},{"not_picked":["Sucker Punch","Doppelganger"],"picked":"PiercingWail","floor":6.0},{"not_picked":["Dagger Throw","Acrobatics","Blade Dance"],"picked":"SKIP","floor":7.0},{"not_picked":["Expertise+1","Underhanded Strike"],"picked":"PiercingWail+1","floor":10.0},{"not_picked":["Cloak And Dagger+1","Concentrate+1"],"picked":"Bouncing Flask+1","floor":14.0},{"not_picked":["Terror+1","Underhanded Strike"],"picked":"Distraction+1","floor":14.0}],"player_experience":1435230,"relics_obtained":[{"floor":6.0,"key":"Whetstone"},{"floor":9.0,"key":"Toxic Egg 2"},{"floor":10.0,"key":"Prayer Wheel"}],"event_choices":[{"damage_healed":0.0,"max_hp_gain":0.0,"max_hp_loss":0.0,"gold_gain":0.0,"event_name":"Upgrade Shrine","player_choice":"Upgraded","floor":4.0,"gold_loss":0.0,"damage_taken":0.0,"cards_upgraded":["Skewer"]},{"damage_healed":0.0,"max_hp_gain":0.0,"max_hp_loss":0.0,"gold_gain":0.0,"event_name":"Shining Light","player_choice":"Entered Light","floor":13.0,"gold_loss":0.0,"damage_taken":20.0,"cards_upgraded":["Defend_G","Defend_G"]}],"is_beta":false,"boss_relics":[],"items_purged_floors":[5],"is_endless":false,"potions_floor_spawned":[2,6,10,14],"killed_by":"Slime Boss","ascension_level":20}