{"gold_per_floor":[210,63,82,97,115,115,134,134,134,150,150,178,178,36,36,139,139,151,76,91,91,91,91,91,91,91,107,117,117,59,86,86,186,186,197,11,28,328,340,340,373,373,373,373,393,404,404,416,416,416],"floor_reached":51,"playtime":3034,"items_purged":["Strike_B","Strike_B"],"score":872,"play_id":"9c5d41e5-4da6-4c43-a7c2-30f02ed9d1a0","local_time":"20190829211223","is_ascension_mode":false,"campfire_choices":[{"data":"Beam Cell","floor":6,"key":"SMITH"},{"data":"Sweeping Beam","floor":8,"key":"SMITH"},{"data":"Ball Lightning","floor":11,"key":"SMITH"},{"data":"Fission","floor":15,"key":"SMITH"},{"data":"Zap","floor":23,"key":"SMITH"},{"data":"White Noise","floor":25,"key":"SMITH"},{"data":"Double Energy","floor":29,"key":"SMITH"},{"data":"Defragment","floor":32,"key":"SMITH"},{"data":"Loop","floor":40,"key":"SMITH"},{"data":"Seek","floor":42,"key":"SMITH"},{"data":"Seek","floor":44,"key":"SMITH"},{"data":"Echo Form","floor":49,"key":"SMITH"}],"neow_cost":"NONE","seed_source_timestamp":785261827640800,"circlet_count":0,"master_deck":["Strike_B","Strike_B","Defend_B","Defend_B","Defend_B","Defend_B","Zap+1","Dualcast","Beam Cell+1","Ball Lightning+1","Compile Driver","White Noise+1","Coolheaded","Ball Lightning","Sweeping Beam+1","Self Repair","Fission+1","Gash","Coolheaded","Defragment+1","Seek+1","FTL","Glacier","Steam","Seek+1","Double Energy+1","Gash+1","Echo Form+1","Glacier+1","Loop+1","Hologram","Go for the Eyes+1"],"relics":["Cracked Core","Kunai","Shuriken","Runic Pyramid","Nilry\u0027s Codex","Gremlin Horn","Singing Bowl","Boot","Inserter","Centennial Puzzle","Regal Pillow"],"potions_floor_usage":[20,31,39,50,50,50],"damage_taken":[{"damage":0,"enemies":"Cultist","floor":1,"turns":4},{"damage":0,"enemies":"Small Slimes","floor":3,"turns":3},{"damage":0,"enemies":"2 Louse","floor":4,"turns":2},{"damage":0,"enemies":"Exordium Wildlife","floor":5,"turns":3},{"damage":11,"enemies":"Lots of Slimes","floor":7,"turns":3},{"damage":7,"enemies":"2 Fungi Beasts","floor":10,"turns":2},{"damage":8,"enemies":"Gremlin Nob","floor":12,"turns":3},{"damage":0,"enemies":"Slime Boss","floor":16,"turns":4},{"damage":0,"enemies":"Shell Parasite","floor":18,"turns":4},{"damage":0,"enemies":"3 Byrds","floor":20,"turns":3},{"damage":4,"enemies":"Centurion and Healer","floor":27,"turns":4},{"damage":2,"enemies":"Cultist and Chosen","floor":28,"turns":4},{"damage":5,"enemies":"Slavers","floor":31,"turns":5},{"damage":0,"enemies":"Automaton","floor":33,"turns":11},{"damage":12,"enemies":"3 Shapes","floor":35,"turns":5},{"damage":0,"enemies":"Orb Walker","floor":37,"turns":4},{"damage":14,"enemies":"Spire Growth","floor":39,"turns":5},{"damage":8,"enemies":"Reptomancer","floor":41,"turns":11},{"damage":0,"enemies":"Sphere and 2 Shapes","floor":45,"turns":5},{"damage":0,"enemies":"Writhing Mass","floor":46,"turns":11},{"damage":14,"enemies":"Spire Growth","floor":48,"turns":5},{"damage":0,"enemies":"Time Eater","floor":50,"turns":15}],"seed_played":"-6929869114860923034","potions_obtained":[{"floor":1,"key":"FocusPotion"},{"floor":4,"key":"LiquidBronze"},{"floor":12,"key":"Block Potion"},{"floor":18,"key":"PowerPotion"},{"floor":28,"key":"Block Potion"},{"floor":35,"key":"Poison Potion"},{"floor":45,"key":"FocusPotion"},{"floor":48,"key":"FocusPotion"}],"is_trial":false,"path_per_floor":["M","$","M","M","M","R","M","R","T","M","R","E","?","$","R","B",null,"M","$","M","?","$","R","?","R","T","M","M","R","?","E","R","B",null,"M","$","M","?","M","R","E","R","T","R","M","M","?","M","R","B",null],"character_chosen":"DEFECT","items_purchased":["Ball Lightning","Compile Driver","Gash","Coolheaded","Defragment","Glacier","Loop","Hologram"],"campfire_rested":0,"item_purchase_floors":[2,2,14,14,14,19,36,36],"current_hp_per_floor":[75,75,75,75,75,75,64,64,64,57,57,56,56,56,56,63,75,75,75,75,59,59,59,59,59,59,62,67,67,67,69,69,75,75,75,75,77,77,70,70,78,78,78,78,80,83,83,85,85,85],"gold":416,"neow_bonus":"HUNDRED_GOLD","is_prod":false,"is_daily":false,"chose_seed":false,"campfire_upgraded":12,"win_rate":0,"timestamp":1567080743,"path_taken":["M","?","M","M","M","R","M","R","T","M","R","E","?","$","R","BOSS","M","?","M","?","$","R","?","R","T","?","?","R","?","E","R","BOSS","M","?","M","?","M","R","E","R","T","R","?","M","?","?","R","BOSS"],"build_version":"2019-07-17","purchased_purges":2,"victory":true,"max_hp_per_floor":[75,75,75,75,75,75,75,75,75,75,75,75,75,75,75,75,75,75,75,75,75,75,75,75,75,75,75,75,75,75,75,75,75,75,75,75,77,77,77,77,79,79,79,79,81,83,83,85,85,85],"card_choices":[{"not_picked":["Fusion","Hello World"],"picked":"Beam Cell","floor":1},{"not_picked":["Barrage","Steam"],"picked":"White Noise","floor":3},{"not_picked":["Compile Driver","Skim"],"picked":"Coolheaded","floor":4},{"not_picked":["Streamline","Darkness"],"picked":"Ball Lightning","floor":5},{"not_picked":["Storm","Heatsinks"],"picked":"Sweeping Beam","floor":7},{"not_picked":["Storm","Chaos"],"picked":"Self Repair","floor":10},{"not_picked":["Blizzard","Steam Power","Reprogram"],"picked":"SKIP","floor":12},{"not_picked":["Meteor Strike","Hyperbeam"],"picked":"Seek","floor":16},{"not_picked":["Ball Lightning+1","Barrage+1"],"picked":"FTL","floor":18},{"not_picked":["Redo","Leap"],"picked":"Steam","floor":20},{"not_picked":["Coolheaded","Steam+1"],"picked":"Seek","floor":27},{"not_picked":["Genetic Algorithm","Heatsinks+1"],"picked":"Double Energy","floor":28},{"not_picked":["Streamline","Stack"],"picked":"Gash+1","floor":31},{"not_picked":["Multi-Cast","Biased Cognition"],"picked":"Echo Form","floor":33},{"not_picked":["Melter+1","Streamline+1"],"picked":"Glacier+1","floor":35},{"not_picked":["Steam","Redo+1","Stack"],"picked":"Singing Bowl","floor":37},{"not_picked":["Reboot","Ball Lightning+1"],"picked":"Go for the Eyes+1","floor":39},{"not_picked":["Scrape+1","Aggregate","Cold Snap+1"],"picked":"Singing Bowl","floor":41},{"not_picked":["Steam+1","Sweeping Beam","Hello World"],"picked":"Singing Bowl","floor":45},{"not_picked":["Sweeping Beam","Beam Cell+1","Sunder"],"picked":"Singing Bowl","floor":46},{"not_picked":["Go for the Eyes+1","Beam Cell+1","Blizzard+1"],"picked":"Singing Bowl","floor":48}],"player_experience":278394,"relics_obtained":[{"floor":9,"key":"Kunai"},{"floor":12,"key":"Shuriken"},{"floor":21,"key":"Nilry\u0027s Codex"},{"floor":26,"key":"Gremlin Horn"},{"floor":31,"key":"Boot"},{"floor":41,"key":"Centennial Puzzle"},{"floor":43,"key":"Regal Pillow"}],"event_choices":[{"damage_healed":0,"gold_gain":0,"player_choice":"1 cards matched","damage_taken":0,"max_hp_gain":0,"max_hp_loss":0,"event_name":"Match and Keep!","floor":13,"gold_loss":0,"cards_obtained":["Fission"]},{"damage_healed":0,"gold_gain":0,"player_choice":"Obtained Book","damage_taken":16,"max_hp_gain":0,"max_hp_loss":0,"event_name":"Cursed Tome","floor":21,"gold_loss":0},{"damage_healed":0,"gold_gain":0,"player_choice":"Ignored","damage_taken":0,"max_hp_gain":0,"max_hp_loss":0,"event_name":"Vampires","floor":24,"gold_loss":0},{"damage_healed":0,"gold_gain":0,"player_choice":"Paid Gold","damage_taken":0,"relics_obtained":["Singing Bowl"],"max_hp_gain":0,"max_hp_loss":0,"event_name":"WeMeetAgain","floor":30,"gold_loss":58},{"damage_healed":0,"gold_gain":300,"player_choice":"Gold","damage_taken":0,"max_hp_gain":0,"max_hp_loss":0,"event_name":"Wheel of Change","floor":38,"gold_loss":0},{"damage_healed":0,"gold_gain":0,"player_choice":"Ignored","damage_taken":0,"max_hp_gain":0,"max_hp_loss":0,"event_name":"SecretPortal","floor":47,"gold_loss":0}],"is_beta":false,"boss_relics":[{"not_picked":["Calling Bell","Tiny House"],"picked":"Runic Pyramid"},{"not_picked":["Nuclear Battery","Orrery"],"picked":"Inserter"}],"items_purged_floors":[2,36],"is_endless":false,"potions_floor_spawned":[1,4,12,18,28,35,45,48],"ascension_level":0}