{"gold_per_floor":[114,114,127,52,120,120,144,178,205,239,239,239,252,102,102,195,195,218,218,202,202,127,162,162],"floor_reached":24,"playtime":1209,"items_purged":["Strike_B","Strike_B"],"score":519,"play_id":"f4441ee6-34c9-4dd8-97eb-46dc457d3ee6","local_time":"20190803100443","is_ascension_mode":true,"campfire_choices":[{"data":"Zap","floor":6.0,"key":"SMITH"},{"data":"Capacitor","floor":11.0,"key":"SMITH"},{"data":"Streamline","floor":15.0,"key":"SMITH"}],"neow_cost":"NONE","seed_source_timestamp":575050386909500,"circlet_count":0,"master_deck":["AscendersBane","Defend_B","Defend_B","Defend_B","Defend_B","Zap+1","Dualcast+1","Streamline+1","Cold Snap","Ball Lightning","Sunder","Capacitor+1","Compile Driver","Cold Snap","Echo Form","Turbo","Barrage","Bite","Bite","Bite","Bite","Genetic Algorithm"],"special_seed":0,"relics":["Cracked Core","Golden Idol","PreservedInsect","Ancient Tea Set","Pantograph","Black Star","Regal Pillow","Bottled Tornado"],"potions_floor_usage":[23,23],"damage_taken":[{"damage":7.0,"enemies":"Jaw Worm","floor":1.0,"turns":3.0},{"damage":10.0,"enemies":"Small Slimes","floor":3.0,"turns":3.0},{"damage":1.0,"enemies":"2 Louse","floor":7.0,"turns":2.0},{"damage":29.0,"enemies":"3 Sentries","floor":8.0,"turns":7.0},{"damage":6.0,"enemies":"Gremlin Nob","floor":10.0,"turns":3.0},{"damage":13.0,"enemies":"Large Slime","floor":13.0,"turns":3.0},{"damage":19.0,"enemies":"The Guardian","floor":16.0,"turns":11.0},{"damage":25.0,"enemies":"Shell Parasite","floor":18.0,"turns":7.0},{"damage":20.0,"enemies":"2 Thieves","floor":20.0,"turns":4.0},{"damage":0,"enemies":"Slavers","floor":23,"turns":2},{"damage":26,"enemies":"Sentry and Sphere","floor":24,"turns":3}],"seed_played":"4966956334989009233","potions_obtained":[{"floor":3.0,"key":"SneckoOil"},{"floor":8.0,"key":"Energy Potion"},{"floor":10.0,"key":"Explosive Potion"},{"floor":13.0,"key":"Ancient Potion"},{"floor":20.0,"key":"AttackPotion"}],"is_trial":false,"path_per_floor":["M","?","M","$","?","R","M","E","T","E","R","?","M","$","R","B",null,"M","?","M","?","?","E","M"],"character_chosen":"DEFECT","items_purchased":["Cold Snap"],"campfire_rested":0,"item_purchase_floors":[14],"current_hp_per_floor":[64,64,54,54,54,54,53,24,24,18,18,18,5,5,5,11,56,31,31,11,11,11,11,0],"gold":162,"neow_bonus":"TEN_PERCENT_HP_BONUS","is_prod":false,"is_daily":false,"chose_seed":false,"campfire_upgraded":3,"win_rate":0,"timestamp":1564841083,"path_taken":["M","?","M","$","?","R","M","E","T","E","R","?","M","$","R","BOSS","M","?","M","?","?","E","M"],"build_version":"2019-07-17","purchased_purges":2,"victory":false,"max_hp_per_floor":[78,71,71,71,71,71,71,71,71,71,71,71,71,71,71,71,71,71,71,71,49,49,49,49],"card_choices":[{"not_picked":["Redo","Recycle"],"picked":"Streamline","floor":1.0},{"not_picked":["Compile Driver","Melter"],"picked":"Cold Snap","floor":3.0},{"not_picked":["Reinforced Body","Undo"],"picked":"Ball Lightning","floor":7.0},{"not_picked":["Blizzard","FTL"],"picked":"Sunder","floor":8.0},{"not_picked":["Coolheaded","Rebound"],"picked":"Capacitor","floor":10.0},{"not_picked":["Redo","Undo"],"picked":"Compile Driver","floor":13.0},{"not_picked":["Rainbow","Multi-Cast"],"picked":"Echo Form","floor":16.0},{"not_picked":["Sweeping Beam","Heatsinks"],"picked":"Turbo","floor":18.0},{"not_picked":["Tempest","Chaos"],"picked":"Barrage","floor":20.0},{"not_picked":["Tempest","Stack"],"picked":"Genetic Algorithm","floor":23}],"player_experience":1415792,"relics_obtained":[{"floor":8.0,"key":"PreservedInsect"},{"floor":9.0,"key":"Ancient Tea Set"},{"floor":10.0,"key":"Pantograph"},{"floor":23,"key":"Regal Pillow"},{"floor":23,"key":"Bottled Tornado"}],"event_choices":[{"damage_healed":0.0,"max_hp_gain":0.0,"max_hp_loss":7.0,"gold_gain":0.0,"event_name":"Golden Idol","player_choice":"Lose Max HP","floor":2.0,"gold_loss":0.0,"damage_taken":0.0,"relics_obtained":["Golden Idol"]},{"damage_healed":0.0,"max_hp_gain":0.0,"max_hp_loss":0.0,"gold_gain":68.0,"event_name":"Golden Wing","player_choice":"Gained Gold","floor":5.0,"gold_loss":0.0,"damage_taken":0.0},{"damage_healed":0.0,"max_hp_gain":0.0,"max_hp_loss":0.0,"gold_gain":0.0,"event_name":"Living Wall","player_choice":"Grow","floor":12.0,"gold_loss":0.0,"damage_taken":0.0,"cards_upgraded":["Dualcast"]},{"damage_healed":0.0,"max_hp_gain":0.0,"max_hp_loss":0.0,"gold_gain":0.0,"event_name":"Ghosts","player_choice":"Ignored","floor":19.0,"gold_loss":0.0,"damage_taken":0.0},{"damage_healed":0.0,"max_hp_gain":0.0,"max_hp_loss":22.0,"gold_gain":0.0,"event_name":"Vampires","player_choice":"Became a vampire","floor":21.0,"gold_loss":0.0,"damage_taken":0.0,"cards_obtained":["Bite","Bite","Bite","Bite","Bite"]},{"cards_removed":["Bite"],"damage_healed":0.0,"max_hp_gain":0.0,"max_hp_loss":0.0,"gold_gain":0.0,"event_name":"Beggar","player_choice":"Gave Gold","floor":22.0,"gold_loss":75.0,"damage_taken":0.0}],"is_beta":false,"boss_relics":[{"not_picked":["Runic Pyramid","Calling Bell"],"picked":"Black Star"}],"items_purged_floors":[4,14],"is_endless":false,"potions_floor_spawned":[3,8,10,13,20],"killed_by":"Sentry and Sphere","ascension_level":20}