{"gold_per_floor":[115,132,145,155,155,155,165,165,165,177,195,226,226,59,59,158,208,222,240,250,262,290,290],"floor_reached":23,"playtime":2289,"items_purged":[],"score":272,"play_id":"4b6a066d-8610-4c41-b2bc-169b535a768d","local_time":"20190903234148","is_ascension_mode":false,"campfire_choices":[{"data":"Zap","floor":6.0,"key":"SMITH"},{"data":"Loop","floor":15.0,"key":"SMITH"}],"neow_cost":"NONE","seed_source_timestamp":0,"circlet_count":0,"master_deck":["Strike_B+1","Strike_B+1","Strike_B","Defend_B","Defend_B","Defend_B","Defend_B","Zap+1","Dualcast","All For One","Cold Snap","Beam Cell","Go for the Eyes+1","Gash","Beam Cell","All For One","Flash of Steel","Loop+1","Gash+1","Skim+1","Hologram"],"special_seed":0,"relics":["Cracked Core","Ornamental Fan","Art of War","Tiny House","Red Mask"],"potions_floor_usage":[22,22,23],"damage_taken":[{"damage":1.0,"enemies":"Jaw Worm","floor":1.0,"turns":3.0},{"damage":0.0,"enemies":"Cultist","floor":2.0,"turns":4.0},{"damage":0.0,"enemies":"Small Slimes","floor":3.0,"turns":3.0},{"damage":1.0,"enemies":"3 Louse","floor":4.0,"turns":4.0},{"damage":0.0,"enemies":"Blue Slaver","floor":7.0,"turns":2.0},{"damage":6.0,"enemies":"Large Slime","floor":10.0,"turns":6.0},{"damage":0.0,"enemies":"Gremlin Gang","floor":11.0,"turns":3.0},{"damage":0.0,"enemies":"Gremlin Nob","floor":12.0,"turns":3.0},{"damage":0.0,"enemies":"Slime Boss","floor":16.0,"turns":6.0},{"damage":6.0,"enemies":"Shell Parasite","floor":18.0,"turns":4.0},{"damage":0.0,"enemies":"Chosen","floor":19.0,"turns":3.0},{"damage":27.0,"enemies":"Shelled Parasite and Fungi","floor":20.0,"turns":6.0},{"damage":5,"enemies":"Centurion and Healer","floor":21,"turns":3},{"damage":0,"enemies":"Masked Bandits","floor":22,"turns":3},{"damage":58,"enemies":"Gremlin Leader","floor":23,"turns":4}],"seed_played":"-2958493668284956272","potions_obtained":[{"floor":4.0,"key":"Fire Potion"},{"floor":10.0,"key":"Weak Potion"},{"floor":11.0,"key":"LiquidBronze"},{"floor":12.0,"key":"Swift Potion"},{"floor":16.0,"key":"Poison Potion"},{"floor":17.0,"key":"Regen Potion"}],"is_trial":false,"path_per_floor":["M","M","M","M","?","R","M","?","T","M","M","E","?","$","R","B",null,"M","M","M","M","?","E"],"character_chosen":"DEFECT","items_purchased":["Flash of Steel","Loop"],"campfire_rested":0,"item_purchase_floors":[14,14],"current_hp_per_floor":[74,74,74,73,58,58,58,58,58,52,52,52,52,52,52,52,80,74,74,47,42,42,0],"gold":290,"neow_bonus":"TRANSFORM_CARD","is_prod":false,"is_daily":false,"chose_seed":false,"campfire_upgraded":2,"win_rate":0.0,"timestamp":1567525308,"path_taken":["M","M","M","M","?","R","M","?","T","?","M","E","?","$","R","BOSS","M","M","M","M","?","E"],"build_version":"2019-07-17","purchased_purges":0,"victory":false,"max_hp_per_floor":[75,75,75,75,75,75,75,75,75,75,75,75,75,75,75,75,80,80,80,80,80,80,80],"card_choices":[{"not_picked":["Stack","BootSequence"],"picked":"Cold Snap","floor":1.0},{"not_picked":["Barrage","Cold Snap"],"picked":"Beam Cell","floor":2.0},{"not_picked":["Barrage","Auto Shields"],"picked":"Go for the Eyes","floor":3.0},{"not_picked":["Lockon","Ball Lightning"],"picked":"Gash","floor":4.0},{"not_picked":["Undo","Fusion"],"picked":"Go for the Eyes","floor":7.0},{"not_picked":["Hello World","Auto Shields","Rainbow"],"picked":"SKIP","floor":10.0},{"not_picked":["Darkness","Turbo"],"picked":"Beam Cell","floor":11.0},{"not_picked":["Stack","Compile Driver","Cold Snap"],"picked":"SKIP","floor":12.0},{"not_picked":["Cold Snap+1","Static Discharge","Auto Shields"],"picked":"SKIP","floor":18.0},{"not_picked":["Skim","Rebound"],"picked":"Gash+1","floor":19.0},{"not_picked":["Reinforced Body+1","Steam","Compile Driver"],"picked":"SKIP","floor":20.0},{"not_picked":["Conserve Battery+1","Defragment+1"],"picked":"Skim+1","floor":21},{"not_picked":["Conserve Battery","Leap+1"],"picked":"Hologram","floor":22}],"player_experience":233354,"relics_obtained":[{"floor":9.0,"key":"Ornamental Fan"},{"floor":12.0,"key":"Art of War"},{"floor":22,"key":"Red Mask"}],"event_choices":[{"damage_healed":0.0,"max_hp_gain":0.0,"max_hp_loss":0.0,"gold_gain":0.0,"event_name":"Shining Light","player_choice":"Entered Light","floor":5.0,"gold_loss":0.0,"damage_taken":15.0,"cards_upgraded":["Strike_B","Go for the Eyes"]},{"cards_removed":["Go for the Eyes"],"damage_healed":0.0,"max_hp_gain":0.0,"max_hp_loss":0.0,"gold_gain":0.0,"event_name":"NoteForYourself","player_choice":"Took Card","floor":8.0,"gold_loss":0.0,"damage_taken":0.0,"cards_obtained":["Defend_G"]},{"damage_healed":0.0,"max_hp_gain":0.0,"max_hp_loss":0.0,"gold_gain":0.0,"cards_transformed":["Defend_G"],"event_name":"Living Wall","player_choice":"Change","floor":13.0,"gold_loss":0.0,"damage_taken":0.0,"cards_obtained":["All For One"]},{"damage_healed":0,"gold_gain":0,"player_choice":"Fought Bandits","damage_taken":0,"max_hp_gain":0,"max_hp_loss":0,"event_name":"Masked Bandits","floor":22,"gold_loss":0}],"is_beta":false,"boss_relics":[{"not_picked":["Runic Dome","Pandora\u0027s Box"],"picked":"Tiny House"}],"items_purged_floors":[],"is_endless":false,"potions_floor_spawned":[4,10,11,12,16,19],"killed_by":"Gremlin Leader","ascension_level":0}