{"gold_per_floor":[118,131,149,164,175,175,207,207,233,233,250,250,278,298,298,397,397,416,55,55,55,73,73,172,203,203,221,221,252,252,252,252,351,351,363,363,363,374,384,384,404,404,429,429,429,2,2,15,15,15],"floor_reached":51,"playtime":2312,"items_purged":["Strike_G","Writhe"],"score":770,"play_id":"125310af-ed05-4f5e-8632-e558faa561fe","local_time":"20190830235805","is_ascension_mode":false,"campfire_choices":[{"data":"Crippling Poison","floor":6,"key":"SMITH"},{"data":"Deadly Poison","floor":8,"key":"SMITH"},{"data":"Neutralize","floor":12,"key":"SMITH"},{"data":"Noxious Fumes","floor":15,"key":"SMITH"},{"data":"Wraith Form v2","floor":23,"key":"SMITH"},{"data":"After Image","floor":28,"key":"SMITH"},{"floor":32,"key":"REST"},{"data":"Malaise","floor":40,"key":"SMITH"},{"data":"Night Terror","floor":42,"key":"SMITH"},{"data":"Burst","floor":45,"key":"SMITH"},{"data":"After Image","floor":49,"key":"SMITH"}],"neow_cost":"NONE","seed_source_timestamp":882342028336400,"circlet_count":0,"master_deck":["Defend_G","Defend_G","Defend_G","Defend_G","Defend_G","Survivor","Neutralize+1","Deadly Poison+1","Crippling Poison+1","Poisoned Stab","All Out Attack","Leg Sweep","Deflect","Cloak And Dagger","Noxious Fumes+1","Wraith Form v2+1","After Image+1","Backflip+1","After Image+1","Escape Plan","Necronomicurse","PiercingWail","Dodge and Roll","Prepared","Deadly Poison","Malaise+1","Burst+1","Night Terror+1","Cloak And Dagger+1","Parasite","Acrobatics+1","Dagger Spray+1","Blur","Pain","Deadly Poison"],"relics":["Ring of the Snake","Letter Opener","Vajra","Boot","Philosopher\u0027s Stone","DollysMirror","Necronomicon","PreservedInsect","Whetstone","Du-Vu Doll","Cursed Key","Pen Nib","Potion Belt","Snake Skull"],"potions_floor_usage":[0,1,7,18,50,50,50,50],"damage_taken":[{"damage":0,"enemies":"Cultist","floor":1,"turns":4},{"damage":2,"enemies":"Small Slimes","floor":2,"turns":5},{"damage":0,"enemies":"2 Louse","floor":3,"turns":3},{"damage":4,"enemies":"Exordium Wildlife","floor":4,"turns":5},{"damage":3,"enemies":"Exordium Thugs","floor":5,"turns":5},{"damage":18,"enemies":"Gremlin Nob","floor":7,"turns":4},{"damage":7,"enemies":"Large Slime","floor":11,"turns":6},{"damage":13,"enemies":"Lagavulin","floor":13,"turns":6},{"damage":0,"enemies":"Blue Slaver","floor":14,"turns":3},{"damage":7,"enemies":"Hexaghost","floor":16,"turns":9},{"damage":0,"enemies":"Chosen","floor":18,"turns":5},{"damage":0,"enemies":"Shell Parasite","floor":22,"turns":5},{"damage":1,"enemies":"Book of Stabbing","floor":25,"turns":7},{"damage":0,"enemies":"Sentry and Sphere","floor":27,"turns":5},{"damage":18,"enemies":"Slavers","floor":29,"turns":4},{"damage":2,"enemies":"Collector","floor":33,"turns":8},{"damage":0,"enemies":"3 Darklings","floor":35,"turns":5},{"damage":0,"enemies":"3 Shapes","floor":38,"turns":5},{"damage":0,"enemies":"Spire Growth","floor":39,"turns":5},{"damage":1,"enemies":"Jaw Worm Horde","floor":41,"turns":5},{"damage":17,"enemies":"3 Darklings","floor":48,"turns":5},{"damage":5,"enemies":"Donu and Deca","floor":50,"turns":10}],"seed_played":"3441738050134775892","potions_obtained":[{"floor":0,"key":"Fruit Juice"},{"floor":0,"key":"AttackPotion"},{"floor":0,"key":"Swift Potion"},{"floor":2,"key":"Regen Potion"},{"floor":5,"key":"GamblersBrew"},{"floor":7,"key":"Block Potion"},{"floor":16,"key":"SteroidPotion"},{"floor":22,"key":"GamblersBrew"},{"floor":27,"key":"GhostInAJar"}],"is_trial":false,"path_per_floor":["M","M","M","M","M","R","E","R","T","?","M","R","E","M","R","B",null,"M","$","?","?","M","R","?","E","T","M","R","E","?","?","R","B",null,"M","?","T","M","M","R","M","R","T","?","R","$","T","M","R","B",null],"character_chosen":"THE_SILENT","items_purchased":["DollysMirror","Escape Plan","Snake Skull","Ancient Potion","SpeedPotion","SpeedPotion"],"campfire_rested":1,"item_purchase_floors":[19,19,46,46,46,46],"current_hp_per_floor":[75,73,73,69,66,66,48,48,48,48,41,41,28,28,28,21,75,75,75,75,59,59,59,59,58,58,58,58,40,26,26,50,48,80,80,76,76,76,76,76,75,75,75,75,75,75,75,58,58,53],"gold":15,"neow_bonus":"THREE_SMALL_POTIONS","is_prod":false,"is_daily":false,"chose_seed":false,"campfire_upgraded":10,"win_rate":1,"timestamp":1567177085,"path_taken":["M","M","M","M","M","R","E","R","T","?","M","R","E","M","R","BOSS","M","$","?","?","M","R","?","E","T","M","R","E","?","?","R","BOSS","M","?","?","M","M","R","M","R","T","?","R","$","?","M","R","BOSS"],"build_version":"2019-07-17","purchased_purges":2,"victory":true,"max_hp_per_floor":[75,75,75,75,75,75,75,75,75,75,75,75,75,75,75,75,75,75,75,75,75,75,75,75,75,75,75,75,75,80,80,80,80,80,80,76,76,76,76,76,76,76,76,76,76,76,76,76,76,76],"card_choices":[{"not_picked":["Slice","Quick Slash"],"picked":"Deadly Poison","floor":1},{"not_picked":["Prepared","Riddle With Holes"],"picked":"Crippling Poison","floor":2},{"not_picked":["Escape Plan","Blade Dance"],"picked":"Poisoned Stab","floor":3},{"not_picked":["A Thousand Cuts","Quick Slash"],"picked":"All Out Attack","floor":4},{"not_picked":["Acrobatics","Outmaneuver"],"picked":"Leg Sweep","floor":5},{"not_picked":["Eviscerate","Poisoned Stab"],"picked":"Deflect","floor":7},{"not_picked":["Slice","Quick Slash"],"picked":"Cloak And Dagger","floor":11},{"not_picked":["Accuracy","Sucker Punch"],"picked":"Noxious Fumes","floor":13},{"not_picked":["Dagger Throw","Eviscerate"],"picked":"Wraith Form v2","floor":14},{"not_picked":["Burst","Venomology"],"picked":"After Image","floor":16},{"not_picked":["Masterful Stab","Sucker Punch+1"],"picked":"Backflip+1","floor":18},{"not_picked":["Dodge and Roll","Accuracy"],"picked":"PiercingWail","floor":22},{"not_picked":["Blade Dance","Poisoned Stab"],"picked":"Dodge and Roll","floor":25},{"not_picked":["Underhanded Strike","Blade Dance"],"picked":"Prepared","floor":27},{"not_picked":["Glass Knife","Crippling Poison"],"picked":"Deadly Poison","floor":29},{"not_picked":["Tools of the Trade","Unload"],"picked":"Night Terror","floor":33},{"not_picked":["Blade Dance","Flying Knee+1"],"picked":"Cloak And Dagger+1","floor":35},{"not_picked":["Deflect+1","Slice"],"picked":"Acrobatics+1","floor":38},{"not_picked":["Quick Slash","Blade Dance"],"picked":"Dagger Spray+1","floor":39},{"not_picked":["Masterful Stab","Blade Dance"],"picked":"Blur","floor":41},{"not_picked":["Sucker Punch","Concentrate"],"picked":"Deadly Poison","floor":48}],"player_experience":292726,"relics_obtained":[{"floor":7,"key":"Letter Opener"},{"floor":9,"key":"Vajra"},{"floor":13,"key":"Boot"},{"floor":21,"key":"Necronomicon"},{"floor":25,"key":"PreservedInsect"},{"floor":26,"key":"Whetstone"},{"floor":29,"key":"Du-Vu Doll"},{"floor":37,"key":"Pen Nib"},{"floor":43,"key":"Potion Belt"}],"event_choices":[{"cards_removed":["Strike_G"],"damage_healed":0,"gold_gain":0,"player_choice":"Offered Basic","damage_taken":0,"max_hp_gain":0,"max_hp_loss":0,"event_name":"Bonfire Elementals","floor":10,"gold_loss":0},{"damage_healed":0,"gold_gain":0,"player_choice":"Ignored","damage_taken":0,"max_hp_gain":0,"max_hp_loss":0,"event_name":"Ghosts","floor":20,"gold_loss":0},{"damage_healed":0,"gold_gain":0,"player_choice":"Obtained Book","damage_taken":16,"max_hp_gain":0,"max_hp_loss":0,"event_name":"Cursed Tome","floor":21,"gold_loss":0},{"damage_healed":0,"gold_gain":99,"player_choice":"Stole From Cult","damage_taken":0,"max_hp_gain":0,"max_hp_loss":0,"event_name":"Nest","floor":24,"gold_loss":0},{"damage_healed":0,"gold_gain":0,"player_choice":"Shed Blood","damage_taken":19,"max_hp_gain":5,"max_hp_loss":0,"event_name":"Forgotten Altar","floor":30,"gold_loss":0},{"damage_healed":0,"gold_gain":0,"cards_transformed":["Strike_G","Strike_G"],"player_choice":"Became Test Subject","damage_taken":0,"max_hp_gain":0,"max_hp_loss":0,"event_name":"Drug Dealer","floor":31,"gold_loss":0,"cards_obtained":["Malaise","Burst"]},{"damage_healed":0,"gold_gain":0,"player_choice":"Max HP","damage_taken":0,"max_hp_gain":0,"max_hp_loss":4,"event_name":"Winding Halls","floor":36,"gold_loss":0},{"cards_removed":["Strike_G"],"damage_healed":0,"gold_gain":0,"player_choice":"Removed Attack","damage_taken":0,"max_hp_gain":0,"max_hp_loss":0,"event_name":"Falling","floor":44,"gold_loss":0}],"is_beta":false,"boss_relics":[{"not_picked":["Empty Cage","Calling Bell"],"picked":"Philosopher\u0027s Stone"},{"not_picked":["Busted Crown","Ring of the Serpent"],"picked":"Cursed Key"}],"items_purged_floors":[19,46],"is_endless":false,"potions_floor_spawned":[2,5,7,13,16,22,27,33,41,48],"ascension_level":0}