{"gold_per_floor":[115,134,151,151,165,165,209,209,232,273,288,368,384,397,397,491,491,514,514,514,464,483,483,501,525,572,572,585,585,616,637,637,637],"floor_reached":33,"playtime":1407,"items_purged":[],"score":562,"play_id":"73e19baf-2750-45d6-b285-4981c45baab7","local_time":"20190531192633","is_ascension_mode":true,"campfire_choices":[{"data":"Zap","floor":6,"key":"SMITH"},{"data":"Genetic Algorithm","floor":8,"key":"SMITH"},{"floor":15,"key":"REST"},{"data":"Capacitor","floor":23,"key":"SMITH"},{"data":"Sunder","floor":27,"key":"SMITH"},{"floor":29,"key":"REST"},{"data":"Loop","floor":32,"key":"SMITH"}],"neow_cost":"NONE","seed_source_timestamp":350245579529700,"circlet_count":0,"master_deck":["AscendersBane","Strike_B+1","Strike_B+1","Strike_B+1","Strike_B+1","Defend_B+1","Defend_B+1","Defend_B+1","Defend_B+1","Zap+1","Dualcast","Conserve Battery","Ball Lightning","Ball Lightning+1","Genetic Algorithm+1","FTL","Beam Cell","Sweeping Beam","Leap","Loop+1","Biased Cognition","Barrage+1","Capacitor+1","Self Repair","Sunder+1","Go for the Eyes","Thunder Strike","Cold Snap+1"],"relics":["Cracked Core","Golden Idol","DataDisk","Lantern","Bag of Marbles","Boot","Nuclear Battery","Centennial Puzzle","Toxic Egg 2"],"potions_floor_usage":[7,7,16,18,25,28,33],"damage_taken":[{"damage":9,"enemies":"Small Slimes","floor":1,"turns":3},{"damage":2,"enemies":"2 Louse","floor":2,"turns":2},{"damage":0,"enemies":"Cultist","floor":3,"turns":3},{"damage":6,"enemies":"2 Fungi Beasts","floor":5,"turns":3},{"damage":13,"enemies":"Gremlin Nob","floor":7,"turns":3},{"damage":7,"enemies":"3 Sentries","floor":10,"turns":7},{"damage":0,"enemies":"Red Slaver","floor":11,"turns":3},{"damage":24,"enemies":"Lagavulin Event","floor":12,"turns":4},{"damage":0,"enemies":"Looter","floor":13,"turns":2},{"damage":0,"enemies":"2 Fungi Beasts","floor":14,"turns":3},{"damage":2,"enemies":"Slime Boss","floor":16,"turns":7},{"damage":10,"enemies":"3 Byrds","floor":18,"turns":3},{"damage":11,"enemies":"2 Thieves","floor":22,"turns":3},{"damage":0,"enemies":"Centurion and Healer","floor":24,"turns":4},{"damage":10,"enemies":"Snecko","floor":25,"turns":5},{"damage":12,"enemies":"3 Cultists","floor":28,"turns":5},{"damage":30,"enemies":"Slavers","floor":30,"turns":4},{"damage":3,"enemies":"Sentry and Sphere","floor":31,"turns":5},{"damage":49,"enemies":"Automaton","floor":33,"turns":8}],"seed_played":"4845301514734329179","potions_obtained":[{"floor":0,"key":"AttackPotion"},{"floor":0,"key":"SteroidPotion"},{"floor":12,"key":"Block Potion"},{"floor":13,"key":"Explosive Potion"},{"floor":16,"key":"Fruit Juice"},{"floor":22,"key":"SkillPotion"},{"floor":24,"key":"Weak Potion"},{"floor":25,"key":"Energy Potion"}],"is_trial":false,"path_per_floor":["M","M","M","?","M","R","E","R","T","E","M","?","M","M","R","B",null,"M","?","?","?","M","R","M","M","T","R","M","R","E","M","R","B"],"character_chosen":"DEFECT","items_purchased":[],"campfire_rested":2,"item_purchase_floors":[],"current_hp_per_floor":[55,53,53,53,47,47,34,34,34,27,27,3,3,3,22,25,58,48,48,48,48,37,37,37,34,34,34,29,49,26,30,30,0],"gold":637,"neow_bonus":"THREE_SMALL_POTIONS","is_prod":false,"is_daily":false,"chose_seed":false,"campfire_upgraded":5,"win_rate":0,"timestamp":1559345193,"path_taken":["M","M","M","?","M","R","E","R","T","E","M","?","M","M","R","BOSS","M","?","?","?","M","R","M","M","T","R","?","R","E","M","R","BOSS"],"build_version":"2019-01-23","purchased_purges":0,"victory":false,"max_hp_per_floor":[71,71,71,64,64,64,64,64,64,64,64,64,64,64,64,69,69,69,69,69,69,69,69,69,69,69,69,69,69,69,69,69,69],"card_choices":[{"not_picked":["Hello World","Reinforced Body"],"picked":"Conserve Battery","floor":1},{"not_picked":["Turbo","Chaos"],"picked":"Ball Lightning","floor":2},{"not_picked":["Coolheaded","Gash"],"picked":"Ball Lightning","floor":3},{"not_picked":["Loop","Skim"],"picked":"Genetic Algorithm","floor":5},{"not_picked":["Fission","Beam Cell"],"picked":"FTL","floor":7},{"not_picked":["Scrape","Stack"],"picked":"Beam Cell","floor":10},{"not_picked":["Ball Lightning","Turbo"],"picked":"Sweeping Beam","floor":11},{"not_picked":["Compile Driver","Beam Cell"],"picked":"Leap","floor":13},{"not_picked":["Stack","FTL"],"picked":"Loop","floor":14},{"not_picked":["Machine Learning","Fission"],"picked":"Biased Cognition","floor":16},{"not_picked":["Turbo+1","Recycle"],"picked":"Barrage","floor":18},{"not_picked":["Coolheaded","Undo"],"picked":"Capacitor","floor":22},{"not_picked":["Redo","Gash"],"picked":"Self Repair","floor":24},{"not_picked":["Blizzard","Stack"],"picked":"Sunder","floor":25},{"not_picked":["Skim+1","Steam"],"picked":"Go for the Eyes","floor":28},{"not_picked":["Reinforced Body","Conserve Battery"],"picked":"Thunder Strike","floor":30},{"not_picked":["Barrage","Genetic Algorithm+1"],"picked":"Cold Snap+1","floor":31}],"player_experience":1125088,"relics_obtained":[{"floor":7,"key":"DataDisk"},{"floor":9,"key":"Lantern"},{"floor":10,"key":"Bag of Marbles"},{"floor":26,"key":"Centennial Puzzle"},{"floor":30,"key":"Toxic Egg 2"}],"event_choices":[{"damage_healed":0,"gold_gain":0,"player_choice":"Lose Max HP","damage_taken":0,"relics_obtained":["Golden Idol"],"max_hp_gain":0,"max_hp_loss":7,"event_name":"Golden Idol","floor":4,"gold_loss":0},{"damage_healed":0,"gold_gain":0,"player_choice":"Searched \u00272\u0027 times","damage_taken":0,"relics_obtained":["Boot"],"max_hp_gain":0,"max_hp_loss":0,"event_name":"Dead Adventurer","floor":12,"gold_loss":0},{"damage_healed":0,"gold_gain":0,"player_choice":"Simplicity","damage_taken":0,"max_hp_gain":0,"max_hp_loss":0,"event_name":"Back to Basics","floor":19,"gold_loss":0,"cards_upgraded":["Strike_B","Strike_B","Strike_B","Strike_B","Defend_B","Defend_B","Defend_B","Defend_B"]},{"damage_healed":0,"gold_gain":0,"player_choice":"Ignored","damage_taken":0,"max_hp_gain":0,"max_hp_loss":0,"event_name":"Ghosts","floor":20,"gold_loss":0},{"damage_healed":0,"gold_gain":0,"player_choice":"Upgraded Two","damage_taken":0,"max_hp_gain":0,"max_hp_loss":0,"event_name":"Designer","floor":21,"gold_loss":50,"cards_upgraded":["Ball Lightning","Barrage"]}],"is_beta":false,"boss_relics":[{"not_picked":["Sozu","Tiny House"],"picked":"Nuclear Battery"}],"items_purged_floors":[],"is_endless":false,"potions_floor_spawned":[1,3,12,13,16,22,24,25],"killed_by":"Automaton","ascension_level":20}