{"gold_per_floor":[111,386,15,30,1,1,36,55,55,55,89,89,89,104,104,181,181,198,198,49,49,69,69,80,113,113,124,155,80,108,128,128,204,204,217,51,0,0,20,46,46,81,81,81,91,91,91,122,122,122,122,122,122,22,51,51],"floor_reached":56,"playtime":4570,"items_purged":["Regret","Strike_G+1"],"score":2098,"play_id":"2f9a3cb6-7d12-495b-a1cd-bb2ff1cf6203","local_time":"20190726190028","is_ascension_mode":true,"campfire_choices":[{"data":"Bane","floor":6.0,"key":"SMITH"},{"data":"Neutralize","floor":10.0,"key":"SMITH"},{"data":"Cloak And Dagger","floor":12.0,"key":"SMITH"},{"data":"Glass Knife","floor":15.0,"key":"SMITH"},{"data":"Adrenaline","floor":23.0,"key":"SMITH"},{"data":"Cloak And Dagger","floor":32.0,"key":"SMITH"},{"data":"Well Laid Plans","floor":41,"key":"SMITH"},{"data":"After Image","floor":44,"key":"SMITH"},{"floor":47,"key":"RECALL"},{"data":"After Image","floor":49,"key":"SMITH"},{"data":"Leg Sweep","floor":53,"key":"SMITH"}],"neow_cost":"NONE","seed_source_timestamp":1040951282106400,"circlet_count":0,"master_deck":["AscendersBane","Strike_G+1","Strike_G+1","Defend_G+1","Defend_G+1","Defend_G+1","Defend_G+1","Defend_G+1","Survivor","Neutralize+1","Leg Sweep+1","Well Laid Plans+1","Poisoned Stab","Bane+1","Cloak And Dagger+1","Crippling Poison","Deadly Poison","Skewer","Glass Knife+1","After Image+1","Crippling Poison","Adrenaline+1","PiercingWail","After Image+1","Cloak And Dagger+1","Calculated Gamble+1","Dagger Spray","PiercingWail","Corpse Explosion","Dodge and Roll","Deflect","Escape Plan+1","Blade Dance+1","Crippling Poison+1"],"special_seed":0,"relics":["Ring of the Snake","Vajra","Calipers","Unceasing Top","Kunai","Anchor","Eternal Feather","PreservedInsect","Matryoshka","Pen Nib","Strawberry","Philosopher\u0027s Stone","Bag of Preparation","Oddly Smooth Stone","Centennial Puzzle","Pocketwatch","Potion Belt","Dodecahedron","Bottled Lightning"],"potions_floor_usage":[33,50,51,55],"damage_taken":[{"damage":0.0,"enemies":"Cultist","floor":1.0,"turns":4.0},{"damage":0.0,"enemies":"Jaw Worm","floor":4.0,"turns":4.0},{"damage":7.0,"enemies":"3 Sentries","floor":7.0,"turns":6.0},{"damage":0.0,"enemies":"2 Louse","floor":8.0,"turns":3.0},{"damage":12.0,"enemies":"Lagavulin","floor":11.0,"turns":7.0},{"damage":0.0,"enemies":"Looter","floor":14.0,"turns":3.0},{"damage":18.0,"enemies":"The Guardian","floor":16.0,"turns":10.0},{"damage":3.0,"enemies":"Chosen","floor":18.0,"turns":5.0},{"damage":1.0,"enemies":"3 Byrds","floor":22.0,"turns":5.0},{"damage":0.0,"enemies":"Centurion and Healer","floor":24.0,"turns":7.0},{"damage":13.0,"enemies":"Book of Stabbing","floor":25.0,"turns":6.0},{"damage":14.0,"enemies":"Snake Plant","floor":27.0,"turns":5.0},{"damage":0.0,"enemies":"Slavers","floor":28.0,"turns":3.0},{"damage":4.0,"enemies":"Gremlin Leader","floor":30.0,"turns":6.0},{"damage":2.0,"enemies":"Sentry and Sphere","floor":31.0,"turns":8.0},{"damage":30,"enemies":"Automaton","floor":33,"turns":15},{"damage":7,"enemies":"3 Darklings","floor":35,"turns":4},{"damage":0,"enemies":"Orb Walker","floor":39,"turns":4},{"damage":11,"enemies":"Nemesis","floor":40,"turns":9},{"damage":10,"enemies":"Giant Head","floor":42,"turns":8},{"damage":5,"enemies":"4 Shapes","floor":45,"turns":5},{"damage":9,"enemies":"Nemesis","floor":48,"turns":9},{"damage":18,"enemies":"Donu and Deca","floor":50,"turns":8},{"damage":16,"enemies":"Awakened One","floor":51,"turns":21},{"damage":0,"enemies":"Shield and Spear","floor":55,"turns":10},{"damage":69,"enemies":"The Heart","floor":56,"turns":5}],"seed_played":"7895360155593912065","potions_obtained":[{"floor":0.0,"key":"GhostInAJar"},{"floor":0.0,"key":"PowerPotion"},{"floor":14.0,"key":"Explosive Potion"},{"floor":27.0,"key":"SteroidPotion"},{"floor":30.0,"key":"SkillPotion"},{"floor":33,"key":"GhostInAJar"},{"floor":35,"key":"Dexterity Potion"},{"floor":45,"key":"Strength Potion"}],"is_trial":false,"path_per_floor":["M","?","$","M","$","R","E","M","T","R","E","R","?","M","R","B",null,"M","?","$","?","M","R","M","E","T","M","E","?","E","M","R","B",null,"M","$","?","$","M","E","R","E","T","R","M","?","R","E","R","B","B",null,"R","$","E","B"],"character_chosen":"THE_SILENT","items_purchased":["Vajra","Well Laid Plans","Poisoned Stab","Cloak And Dagger","Adrenaline","Bag of Preparation"],"campfire_rested":0,"item_purchase_floors":[3,3,3,5,20,36],"current_hp_per_floor":[59,59,59,59,59,59,52,52,52,52,40,40,29,29,29,11,52,49,49,49,49,48,63,63,50,50,36,36,36,39,37,52,22,60,53,53,53,53,53,42,60,50,50,68,63,63,69,60,69,51,35,61,69,69,69,0],"gold":51,"neow_bonus":"THREE_SMALL_POTIONS","is_prod":false,"is_daily":false,"chose_seed":false,"campfire_upgraded":10,"win_rate":0,"timestamp":1564182028,"path_taken":["M","?","$","?","?","R","E","?","T","R","E","R","?","M","R","BOSS","M","?","$","?","M","R","M","E","T","?","E","?","E","M","R","BOSS","M","$","?","$","M","E","R","E","T","R","?","?","R","E","R","BOSS","BOSS","R","$","E","BOSS"],"build_version":"2019-07-17","purchased_purges":2,"victory":false,"max_hp_per_floor":[66,66,66,66,66,66,66,66,66,66,66,66,66,66,66,66,66,66,66,66,66,66,66,66,66,66,66,66,66,73,73,73,73,73,73,73,73,73,73,73,73,73,73,73,73,69,69,69,69,69,69,69,69,69,69,69],"card_choices":[{"not_picked":["Dagger Throw","Blade Dance"],"picked":"Leg Sweep","floor":1.0},{"not_picked":["PiercingWail","Acrobatics"],"picked":"Bane","floor":4.0},{"not_picked":["Bouncing Flask","Underhanded Strike"],"picked":"Crippling Poison","floor":7.0},{"not_picked":["Bane","Sucker Punch"],"picked":"Deadly Poison","floor":8.0},{"not_picked":["Bouncing Flask","Slice"],"picked":"Skewer","floor":11.0},{"not_picked":["Blade Dance","Tactician"],"picked":"Glass Knife","floor":14.0},{"not_picked":["Venomology","Tools of the Trade"],"picked":"After Image","floor":16.0},{"not_picked":["All Out Attack","Dagger Throw"],"picked":"Crippling Poison","floor":18.0},{"not_picked":["Leg Sweep","Acrobatics"],"picked":"PiercingWail","floor":22.0},{"not_picked":["Prepared","Bane+1","Sucker Punch"],"picked":"SKIP","floor":24.0},{"not_picked":["Acrobatics","Poisoned Stab"],"picked":"After Image","floor":25.0},{"not_picked":["Quick Slash","Bouncing Flask+1"],"picked":"Cloak And Dagger","floor":27.0},{"not_picked":["Quick Slash","PiercingWail"],"picked":"Calculated Gamble+1","floor":28.0},{"not_picked":["Catalyst","Well Laid Plans"],"picked":"Dagger Spray","floor":30.0},{"not_picked":["Reflex","Glass Knife"],"picked":"PiercingWail","floor":31.0},{"not_picked":["Tools of the Trade","Doppelganger"],"picked":"Corpse Explosion","floor":33},{"not_picked":["Dagger Throw","Dagger Spray","Flying Knee"],"picked":"SKIP","floor":35},{"not_picked":["Underhanded Strike","Acrobatics"],"picked":"Dodge and Roll","floor":39},{"not_picked":["Unload","Dagger Throw+1","Deadly Poison"],"picked":"SKIP","floor":40},{"not_picked":["Dagger Throw","Distraction"],"picked":"Deflect","floor":42},{"not_picked":["Sucker Punch+1","Blade Dance"],"picked":"Escape Plan+1","floor":45},{"not_picked":["Underhanded Strike","Flying Knee"],"picked":"Blade Dance+1","floor":48},{"not_picked":["Calculated Gamble","Blade Dance"],"picked":"Crippling Poison+1","floor":55}],"player_experience":1394665,"relics_obtained":[{"floor":7.0,"key":"Calipers"},{"floor":9.0,"key":"Unceasing Top"},{"floor":11.0,"key":"Kunai"},{"floor":25.0,"key":"PreservedInsect"},{"floor":26.0,"key":"Matryoshka"},{"floor":28.0,"key":"Pen Nib"},{"floor":30.0,"key":"Strawberry"},{"floor":40,"key":"Centennial Puzzle"},{"floor":42,"key":"Pocketwatch"},{"floor":43,"key":"Potion Belt"},{"floor":48,"key":"Dodecahedron"},{"floor":55,"key":"Bottled Lightning"}],"event_choices":[{"damage_healed":0.0,"max_hp_gain":0.0,"max_hp_loss":0.0,"gold_gain":275.0,"event_name":"Golden Shrine","player_choice":"Desecrate","floor":2.0,"gold_loss":0.0,"damage_taken":0.0,"cards_obtained":["Regret"]},{"damage_healed":0.0,"max_hp_gain":0.0,"max_hp_loss":0.0,"gold_gain":0.0,"event_name":"Scrap Ooze","player_choice":"Success","floor":13.0,"gold_loss":0.0,"damage_taken":11.0,"relics_obtained":["Anchor"]},{"damage_healed":0.0,"max_hp_gain":0.0,"max_hp_loss":0.0,"gold_gain":0.0,"event_name":"Back to Basics","player_choice":"Simplicity","floor":19.0,"gold_loss":0.0,"damage_taken":0.0,"cards_upgraded":["Strike_G","Strike_G","Strike_G","Strike_G","Strike_G","Defend_G","Defend_G","Defend_G","Defend_G","Defend_G"]},{"cards_removed":["Strike_G"],"damage_healed":0.0,"max_hp_gain":0.0,"max_hp_loss":0.0,"gold_gain":0.0,"event_name":"Purifier","player_choice":"Purged","floor":21.0,"gold_loss":0.0,"damage_taken":0.0},{"cards_removed":["Strike_G"],"damage_healed":0.0,"max_hp_gain":0.0,"max_hp_loss":0.0,"gold_gain":0.0,"event_name":"Beggar","player_choice":"Gave Gold","floor":29.0,"gold_loss":75.0,"damage_taken":0.0},{"damage_healed":0,"gold_gain":0,"player_choice":"Paid Gold","damage_taken":0,"relics_obtained":["Oddly Smooth Stone"],"max_hp_gain":0,"max_hp_loss":0,"event_name":"WeMeetAgain","floor":37,"gold_loss":51},{"damage_healed":0,"gold_gain":0,"player_choice":"Max HP","damage_taken":0,"max_hp_gain":0,"max_hp_loss":4,"event_name":"Winding Halls","floor":46,"gold_loss":0}],"is_beta":false,"boss_relics":[{"not_picked":["Calling Bell","Lizard Tail"],"picked":"Eternal Feather"},{"not_picked":["HoveringKite","White Beast Statue"],"picked":"Philosopher\u0027s Stone"}],"items_purged_floors":[3,54],"is_endless":false,"potions_floor_spawned":[1,14,16,22,27,30,33,35,45],"killed_by":"The Heart","ascension_level":20}