{"gold_per_floor":[119,138,4,4,17,44,44,44,44,70,70,92,92,107,107,185,185,203,47,97,110,110,110,136,136,187,187,50,75,75,94,94,172,172,182,200,200,200,219,219],"floor_reached":40,"playtime":2244,"items_purged":["Strike_B","Strike_B"],"score":845,"play_id":"f8b32d2a-dbed-479f-bcb2-a74f5cc897a9","local_time":"20190808073850","is_ascension_mode":true,"campfire_choices":[{"data":"Beam Cell","floor":8.0,"key":"SMITH"},{"data":"Loop","floor":11.0,"key":"SMITH"},{"data":"Go for the Eyes","floor":13.0,"key":"SMITH"},{"data":"Recycle","floor":15.0,"key":"SMITH"},{"floor":23.0,"key":"REST"},{"data":"Double Energy","floor":25.0,"key":"SMITH"},{"data":"Capacitor","floor":27.0,"key":"SMITH"},{"data":"Defragment","floor":32.0,"key":"SMITH"}],"neow_cost":"NONE","seed_source_timestamp":0,"circlet_count":0,"master_deck":["AscendersBane","Strike_B","Defend_B","Defend_B","Defend_B","Defend_B","Zap+1","Dualcast","Barrage","Cold Snap","Loop+1","Go for the Eyes+1","Glacier","Cold Snap","Recycle+1","Core Surge","Capacitor+1","Undo","Ball Lightning","Double Energy+1","Defragment+1","Conserve Battery+1","Madness","Hologram+1"],"special_seed":0,"relics":["Cracked Core","Regal Pillow","Singing Bowl","DataDisk","Odd Mushroom","Orrery","Strawberry","Dream Catcher","Bronze Scales","MutagenicStrength","Inserter"],"potions_floor_usage":[39],"damage_taken":[{"damage":2.0,"enemies":"Jaw Worm","floor":1.0,"turns":4.0},{"damage":3.0,"enemies":"2 Louse","floor":2.0,"turns":2.0},{"damage":0.0,"enemies":"Small Slimes","floor":5.0,"turns":3.0},{"damage":14.0,"enemies":"3 Sentries","floor":6.0,"turns":6.0},{"damage":25.0,"enemies":"Lagavulin","floor":10.0,"turns":6.0},{"damage":2.0,"enemies":"The Mushroom Lair","floor":12.0,"turns":4.0},{"damage":1.0,"enemies":"Looter","floor":14.0,"turns":3.0},{"damage":3.0,"enemies":"Hexaghost","floor":16.0,"turns":11.0},{"damage":32.0,"enemies":"2 Thieves","floor":18.0,"turns":5.0},{"damage":8.0,"enemies":"Spheric Guardian","floor":21.0,"turns":5.0},{"damage":15.0,"enemies":"Gremlin Leader","floor":24.0,"turns":5.0},{"damage":5.0,"enemies":"Snecko","floor":31.0,"turns":6.0},{"damage":17.0,"enemies":"Collector","floor":33.0,"turns":11.0},{"damage":0.0,"enemies":"3 Shapes","floor":35.0,"turns":5.0},{"damage":18.0,"enemies":"3 Darklings","floor":36.0,"turns":6.0},{"damage":14,"enemies":"Writhing Mass","floor":39,"turns":8},{"damage":66,"enemies":"Reptomancer","floor":40,"turns":3}],"seed_played":"-3980129003076508297","potions_obtained":[{"floor":2.0,"key":"Block Potion"},{"floor":6.0,"key":"FearPotion"},{"floor":10.0,"key":"AttackPotion"},{"floor":16.0,"key":"GamblersBrew"},{"floor":21.0,"key":"AttackPotion"},{"floor":31.0,"key":"SkillPotion"},{"floor":33.0,"key":"LiquidBronze"},{"floor":35.0,"key":"Swift Potion"},{"floor":36.0,"key":"AttackPotion"}],"is_trial":false,"path_per_floor":["M","M","$","?","M","E","$","R","T","E","R","?","R","M","R","B",null,"M","$","?","M","?","R","E","R","T","R","$","T","?","M","R","B",null,"M","M","?","?","M","E"],"character_chosen":"DEFECT","items_purchased":["Loop","Explosive Potion","Double Energy","Defragment"],"campfire_rested":1,"item_purchase_floors":[3,3,19,28],"current_hp_per_floor":[62,59,59,52,52,38,38,38,38,13,13,11,11,10,10,7,61,29,29,29,23,23,61,55,55,55,55,55,55,55,52,52,37,78,78,62,56,56,42,0],"gold":219,"neow_bonus":"UPGRADE_CARD","is_prod":false,"is_daily":false,"chose_seed":false,"campfire_upgraded":7,"win_rate":0,"timestamp":1565264330,"path_taken":["M","M","$","?","M","E","$","R","T","E","R","?","R","M","R","BOSS","M","$","?","M","?","R","E","R","T","R","$","?","?","M","R","BOSS","M","M","?","?","M","E"],"build_version":"2019-07-17","purchased_purges":2,"victory":false,"max_hp_per_floor":[71,71,71,71,71,71,71,71,71,71,71,71,71,71,71,71,77,77,77,77,79,79,79,88,88,88,88,88,88,88,90,90,92,92,92,94,98,98,98,98],"card_choices":[{"not_picked":["Streamline","Steam"],"picked":"Barrage","floor":1.0},{"not_picked":["Chill","Skim"],"picked":"Cold Snap","floor":2.0},{"not_picked":["Conserve Battery","Reprogram"],"picked":"Go for the Eyes","floor":5.0},{"not_picked":["Steam","Hologram"],"picked":"Beam Cell","floor":6.0},{"not_picked":["Chaos","Redo"],"picked":"Glacier","floor":10.0},{"not_picked":["FTL","Consume"],"picked":"Cold Snap","floor":12.0},{"not_picked":["Beam Cell","Steam Power"],"picked":"Recycle","floor":14.0},{"not_picked":["Machine Learning","Hyperbeam"],"picked":"Core Surge","floor":16.0},{"not_picked":["Steam","Reprogram","Sweeping Beam"],"picked":"Singing Bowl","floor":17.0},{"not_picked":["Lockon","Coolheaded","Gash"],"picked":"Singing Bowl","floor":17.0},{"not_picked":["Coolheaded","Conserve Battery","Sweeping Beam"],"picked":"Singing Bowl","floor":17.0},{"not_picked":["Hologram","Conserve Battery"],"picked":"Capacitor","floor":17.0},{"not_picked":["Redo","Go for the Eyes"],"picked":"Undo","floor":17.0},{"not_picked":["Redo","Recycle"],"picked":"Ball Lightning","floor":18.0},{"not_picked":["FTL","Chill","Sweeping Beam"],"picked":"Singing Bowl","floor":21.0},{"not_picked":["Gash","Creative AI","Sweeping Beam"],"picked":"Singing Bowl","floor":24.0},{"not_picked":["Scrape","Cold Snap","Hello World"],"picked":"Singing Bowl","floor":31.0},{"not_picked":["Hyperbeam","Reboot","Multi-Cast"],"picked":"Singing Bowl","floor":33.0},{"not_picked":["Go for the Eyes","Barrage"],"picked":"Conserve Battery+1","floor":35.0},{"not_picked":["Self Repair","Gash","Turbo"],"picked":"Singing Bowl","floor":36.0},{"not_picked":["Finesse","Forethought"],"picked":"Madness","floor":37},{"not_picked":["Magnetism","Flash of Steel","Panacea"],"picked":"Singing Bowl","floor":37},{"not_picked":["Deep Breath","Purity","Impatience"],"picked":"Singing Bowl","floor":37},{"not_picked":["Gash","Sweeping Beam"],"picked":"Hologram+1","floor":39}],"player_experience":1445760,"relics_obtained":[{"floor":6.0,"key":"Regal Pillow"},{"floor":9.0,"key":"Singing Bowl"},{"floor":10.0,"key":"DataDisk"},{"floor":12.0,"key":"Odd Mushroom"},{"floor":24.0,"key":"Strawberry"},{"floor":26.0,"key":"Dream Catcher"},{"floor":29.0,"key":"Bronze Scales"}],"event_choices":[{"cards_removed":["Strike_B"],"damage_healed":0.0,"max_hp_gain":0.0,"max_hp_loss":0.0,"gold_gain":0.0,"event_name":"Golden Wing","player_choice":"Card Removal","floor":4.0,"gold_loss":0.0,"damage_taken":7.0},{"damage_healed":0.0,"max_hp_gain":0.0,"max_hp_loss":0.0,"gold_gain":0.0,"event_name":"Mushrooms","player_choice":"Fought Mushrooms","floor":12.0,"gold_loss":0.0,"damage_taken":0.0},{"damage_healed":0.0,"max_hp_gain":0.0,"max_hp_loss":0.0,"gold_gain":50.0,"event_name":"Nest","player_choice":"Stole From Cult","floor":20.0,"gold_loss":0.0,"damage_taken":0.0},{"damage_healed":0.0,"max_hp_gain":0.0,"max_hp_loss":0.0,"gold_gain":0.0,"event_name":"Ghosts","player_choice":"Ignored","floor":22.0,"gold_loss":0.0,"damage_taken":0.0},{"damage_healed":0.0,"max_hp_gain":0.0,"max_hp_loss":0.0,"gold_gain":0.0,"event_name":"Drug Dealer","player_choice":"Inject Mutagens","floor":30.0,"gold_loss":0.0,"damage_taken":0.0,"relics_obtained":["MutagenicStrength"]},{"damage_healed":0,"gold_gain":0,"player_choice":"Memory 3","damage_taken":10,"max_hp_gain":0,"max_hp_loss":0,"event_name":"SensoryStone","floor":37,"gold_loss":0},{"cards_removed":["Beam Cell"],"damage_healed":0,"gold_gain":0,"player_choice":"Removed Attack","damage_taken":0,"max_hp_gain":0,"max_hp_loss":0,"event_name":"Falling","floor":38,"gold_loss":0}],"is_beta":false,"boss_relics":[{"not_picked":["Coffee Dripper","Calling Bell"],"picked":"Orrery"},{"not_picked":["Cursed Key","Busted Crown"],"picked":"Inserter"}],"items_purged_floors":[19,28],"is_endless":false,"potions_floor_spawned":[2,6,10,16,21,31,33,35,36],"killed_by":"Reptomancer","ascension_level":20}