{"gold_per_floor":[119,119,136,153,153,153,153,153,177,37,37,64,64,81,81,185,185,197,197,215,234,74,74,89,89,89,120,120,146,170,22,22,121,121,140,158,178,278,278,278,298,298,349,379,77,92,121,131,131,131],"floor_reached":51,"playtime":2627,"items_purged":["Strike_G","Pain"],"score":898,"play_id":"78479378-bb33-4f1c-93c1-cb638f3e85fa","local_time":"20190728130436","is_ascension_mode":false,"campfire_choices":[{"data":"Noxious Fumes","floor":6,"key":"SMITH"},{"data":"Deadly Poison","floor":8,"key":"SMITH"},{"data":"Dagger Spray","floor":11,"key":"SMITH"},{"data":"Footwork","floor":15,"key":"SMITH"},{"data":"Footwork","floor":23,"key":"SMITH"},{"data":"Burst","floor":25,"key":"SMITH"},{"data":"Neutralize","floor":28,"key":"SMITH"},{"data":"Neutralize","floor":32,"key":"SMITH"},{"data":"Night Terror","floor":40,"key":"SMITH"},{"data":"Adrenaline","floor":42,"key":"SMITH"},{"data":"Noxious Fumes","floor":49,"key":"SMITH"}],"neow_cost":"NONE","seed_source_timestamp":543725048887599,"circlet_count":0,"master_deck":["Defend_G","Defend_G","Defend_G","Defend_G+1","Defend_G+1","Survivor","Neutralize+1","Noxious Fumes+1","Deadly Poison+1","Dagger Spray+1","Footwork+1","Adrenaline","Corpse Explosion","PiercingWail","Adrenaline+1","Neutralize+1","Prepared","Dagger Spray","Footwork+1","Burst+1","Leg Sweep","Backflip","Heel Hook","Night Terror+1","Backflip+1","PiercingWail+1","Bouncing Flask+1","PiercingWail+1","Noxious Fumes+1","Panache","Dodge and Roll+1"],"relics":["Ring of the Snake","NeowsBlessing","MawBank","Girya","Empty Cage","Blue Candle","Paper Crane","Red Mask","Bag of Marbles","PreservedInsect","Sozu","Torii","WarpedTongs","Bronze Scales","Kunai","Snake Skull"],"potions_floor_usage":[27,50,50,50],"damage_taken":[{"damage":0,"enemies":"2 Louse","floor":1,"turns":1},{"damage":0,"enemies":"Jaw Worm","floor":3,"turns":1},{"damage":0,"enemies":"Small Slimes","floor":4,"turns":1},{"damage":4,"enemies":"3 Sentries","floor":12,"turns":6},{"damage":0,"enemies":"Looter","floor":14,"turns":3},{"damage":0,"enemies":"The Guardian","floor":16,"turns":9},{"damage":0,"enemies":"Shell Parasite","floor":18,"turns":5},{"damage":0,"enemies":"Spheric Guardian","floor":20,"turns":3},{"damage":0,"enemies":"Shelled Parasite and Fungi","floor":21,"turns":7},{"damage":0,"enemies":"Chosen and Byrds","floor":24,"turns":5},{"damage":4,"enemies":"Slavers","floor":27,"turns":4},{"damage":6,"enemies":"Masked Bandits","floor":29,"turns":4},{"damage":25,"enemies":"Champ","floor":33,"turns":14},{"damage":0,"enemies":"Orb Walker","floor":35,"turns":4},{"damage":0,"enemies":"3 Darklings","floor":36,"turns":3},{"damage":0,"enemies":"Transient","floor":37,"turns":5},{"damage":0,"enemies":"Mind Bloom Boss Battle","floor":38,"turns":8},{"damage":1,"enemies":"4 Shapes","floor":41,"turns":4},{"damage":1,"enemies":"Nemesis","floor":44,"turns":7},{"damage":0,"enemies":"Writhing Mass","floor":46,"turns":5},{"damage":0,"enemies":"Giant Head","floor":47,"turns":9},{"damage":0,"enemies":"Transient","floor":48,"turns":5},{"damage":0,"enemies":"Awakened One","floor":50,"turns":14}],"seed_played":"7495443917421547018","potions_obtained":[{"floor":1,"key":"Swift Potion"},{"floor":14,"key":"Energy Potion"},{"floor":20,"key":"Strength Potion"},{"floor":21,"key":"Dexterity Potion"},{"floor":29,"key":"AttackPotion"}],"is_trial":false,"path_per_floor":["M","?","M","M","?","R","?","R","T","$","R","E","?","M","R","B",null,"M","?","M","M","$","R","M","R","T","E","R","?","T","$","R","B",null,"M","M","M","?","?","R","M","R","T","E","$","M","E","M","R","B",null],"character_chosen":"THE_SILENT","items_purchased":["Footwork","Footwork","Burst","PreservedInsect","Noxious Fumes","Panache"],"campfire_rested":0,"item_purchase_floors":[10,22,22,31,45,45],"current_hp_per_floor":[70,56,56,56,49,49,54,54,54,54,54,50,50,50,50,50,75,75,75,75,75,75,75,75,75,75,71,71,65,65,65,65,40,75,75,75,75,75,75,75,74,74,74,73,73,73,73,73,73,73],"gold":131,"neow_bonus":"THREE_ENEMY_KILL","is_prod":false,"is_daily":false,"chose_seed":false,"campfire_upgraded":11,"win_rate":1,"timestamp":1564286676,"path_taken":["M","?","M","M","?","R","?","R","T","?","R","E","?","?","R","BOSS","M","?","M","?","$","R","M","R","T","E","R","?","?","?","R","BOSS","M","M","M","?","?","R","M","R","T","E","$","?","E","M","R","BOSS"],"build_version":"2019-07-17","purchased_purges":2,"victory":true,"max_hp_per_floor":[70,70,70,70,70,70,75,75,75,75,75,75,75,75,75,75,75,75,75,75,75,75,75,75,75,75,75,75,75,75,75,75,75,75,75,75,75,75,75,75,75,75,75,75,75,75,75,75,75,75],"card_choices":[{"not_picked":["Backstab","Blade Dance"],"picked":"Noxious Fumes","floor":1},{"not_picked":["Reflex","Outmaneuver"],"picked":"Deadly Poison","floor":3},{"not_picked":["Slice","Predator"],"picked":"Dagger Spray","floor":4},{"not_picked":["Skewer","Blur"],"picked":"Adrenaline","floor":12},{"not_picked":["Endless Agony","Poisoned Stab","Slice"],"picked":"SKIP","floor":14},{"not_picked":["Grand Finale","Doppelganger"],"picked":"Corpse Explosion","floor":16},{"not_picked":["Dodge and Roll+1","Deadly Poison"],"picked":"PiercingWail","floor":18},{"not_picked":["Dagger Throw","Outmaneuver"],"picked":"Prepared","floor":20},{"not_picked":["Quick Slash","Flechettes"],"picked":"Dagger Spray","floor":21},{"not_picked":["Deadly Poison","Dagger Throw+1"],"picked":"Leg Sweep","floor":24},{"not_picked":["Caltrops","Deflect"],"picked":"Backflip","floor":27},{"not_picked":["Terror+1","Sucker Punch"],"picked":"Heel Hook","floor":29},{"not_picked":["Malaise","Bullet Time"],"picked":"Night Terror","floor":33},{"not_picked":["Endless Agony+1","Blade Dance+1","Dagger Throw"],"picked":"SKIP","floor":35},{"not_picked":["Endless Agony+1","Blade Dance+1","Dagger Throw"],"picked":"SKIP","floor":35},{"not_picked":["Heel Hook+1","Dagger Throw+1"],"picked":"Backflip+1","floor":36},{"not_picked":["Accuracy","Dash"],"picked":"PiercingWail+1","floor":37},{"not_picked":["Acrobatics+1","Prepared"],"picked":"Bouncing Flask+1","floor":38},{"not_picked":["Expertise+1","Masterful Stab+1"],"picked":"PiercingWail+1","floor":41},{"not_picked":["Poisoned Stab","Quick Slash","Skewer"],"picked":"SKIP","floor":44},{"not_picked":["Dagger Throw+1","Blade Dance+1"],"picked":"Dodge and Roll+1","floor":46},{"not_picked":["Grand Finale","Eviscerate","Blade Dance+1"],"picked":"SKIP","floor":47},{"not_picked":["Choke+1","Prepared","Finisher+1"],"picked":"SKIP","floor":48}],"player_experience":122932,"relics_obtained":[{"floor":9,"key":"MawBank"},{"floor":12,"key":"Girya"},{"floor":26,"key":"Blue Candle"},{"floor":27,"key":"Paper Crane"},{"floor":29,"key":"Red Mask"},{"floor":30,"key":"Bag of Marbles"},{"floor":38,"key":"Torii"},{"floor":43,"key":"Bronze Scales"},{"floor":44,"key":"Kunai"},{"floor":47,"key":"Snake Skull"}],"event_choices":[{"damage_healed":0,"gold_gain":0,"player_choice":"Entered Light","damage_taken":14,"max_hp_gain":0,"max_hp_loss":0,"event_name":"Shining Light","floor":2,"gold_loss":0,"cards_upgraded":["Defend_G","Defend_G"]},{"cards_removed":["Strike_G"],"damage_healed":0,"gold_gain":0,"player_choice":"Card Removal","damage_taken":7,"max_hp_gain":0,"max_hp_loss":0,"event_name":"Golden Wing","floor":5,"gold_loss":0},{"damage_healed":0,"gold_gain":0,"player_choice":"Donut","damage_taken":0,"max_hp_gain":5,"max_hp_loss":0,"event_name":"Big Fish","floor":7,"gold_loss":0},{"cards_removed":["Strike_G"],"damage_healed":0,"gold_gain":0,"player_choice":"Forget","damage_taken":0,"max_hp_gain":0,"max_hp_loss":0,"event_name":"Living Wall","floor":13,"gold_loss":0},{"damage_healed":0,"gold_gain":0,"player_choice":"2 cards matched","damage_taken":0,"max_hp_gain":0,"max_hp_loss":0,"event_name":"Match and Keep!","floor":19,"gold_loss":0,"cards_obtained":["Adrenaline","Neutralize"]},{"damage_healed":0,"gold_gain":0,"player_choice":"Fought Bandits","damage_taken":0,"max_hp_gain":0,"max_hp_loss":0,"event_name":"Masked Bandits","floor":29,"gold_loss":0},{"damage_healed":0,"gold_gain":0,"player_choice":"Fight","damage_taken":0,"max_hp_gain":0,"max_hp_loss":0,"event_name":"MindBloom","floor":38,"gold_loss":0},{"damage_healed":0,"gold_gain":0,"player_choice":"Rummage","damage_taken":0,"relics_obtained":["WarpedTongs"],"max_hp_gain":0,"max_hp_loss":0,"event_name":"Accursed Blacksmith","floor":39,"gold_loss":0,"cards_obtained":["Pain"]}],"is_beta":false,"boss_relics":[{"not_picked":["Snecko Eye","White Beast Statue"],"picked":"Empty Cage"},{"not_picked":["HoveringKite","Fusion Hammer"],"picked":"Sozu"}],"items_purged_floors":[10,45],"is_endless":false,"potions_floor_spawned":[1,14,20,21,29,38,41,46,47,48],"ascension_level":0}