{"gold_per_floor":[118,14,14,89,104,104,104,104,130,150,183,194,194,220,220,317,317,329,345,378,27,47,47,47,47,73,85,10,10,35,35,35,139,139,149,163,163,10,22,53,53,63,63,94,94,94,104,122,122,122],"floor_reached":51,"playtime":3904,"items_purged":["Strike_G"],"score":833,"play_id":"7e17981f-cf7f-4a96-bb8d-c5e11f3471b9","local_time":"20190831194349","is_ascension_mode":false,"campfire_choices":[{"data":"Poisoned Stab","floor":6.0,"key":"SMITH"},{"data":"Poisoned Stab","floor":8.0,"key":"SMITH"},{"data":"Bouncing Flask","floor":13.0,"key":"SMITH"},{"data":"Footwork","floor":15.0,"key":"SMITH"},{"data":"Adrenaline","floor":23.0,"key":"SMITH"},{"data":"1","floor":25.0,"key":"LIFT"},{"data":"2","floor":29.0,"key":"LIFT"},{"data":"Well Laid Plans","floor":32.0,"key":"SMITH"},{"floor":41.0,"key":"REST"},{"data":"Distraction","floor":45,"key":"SMITH"},{"data":"3","floor":49,"key":"LIFT"}],"neow_cost":"NONE","seed_source_timestamp":951830943833400,"circlet_count":0,"master_deck":["Defend_G","Defend_G","Defend_G","Defend_G","Survivor","Neutralize+1","Masterful Stab","Footwork+1","Poisoned Stab+1","Poisoned Stab+1","Slice","Bouncing Flask+1","Distraction+1","Adrenaline+1","Cloak And Dagger+1","Storm of Steel+1","Acrobatics+1","Dodge and Roll+1","Footwork+1","Crippling Poison","Well Laid Plans+1","Dodge and Roll+1","Sucker Punch","Grand Finale","Prepared","Leg Sweep+1","Backflip+1","Concentrate","Terror","PiercingWail+1","Backflip","Corpse Explosion","Tactician+1","PiercingWail"],"special_seed":0,"relics":["Ring of the Snake","Tough Bandages","Potion Belt","Mango","Girya","Astrolabe","Red Mask","Medical Kit","Oddly Smooth Stone","Smiling Mask","Orrery","Turnip","Vajra","Dodecahedron","Question Card","Anchor"],"potions_floor_usage":[42,47,48,50,50],"damage_taken":[{"damage":0.0,"enemies":"2 Louse","floor":1.0,"turns":2.0},{"damage":0.0,"enemies":"Jaw Worm","floor":5.0,"turns":4.0},{"damage":0.0,"enemies":"Small Slimes","floor":10.0,"turns":2.0},{"damage":10.0,"enemies":"Lagavulin","floor":11.0,"turns":5.0},{"damage":0.0,"enemies":"2 Fungi Beasts","floor":12.0,"turns":2.0},{"damage":13.0,"enemies":"3 Sentries","floor":14.0,"turns":9.0},{"damage":16.0,"enemies":"The Guardian","floor":16.0,"turns":9.0},{"damage":0.0,"enemies":"Chosen","floor":18.0,"turns":4.0},{"damage":0.0,"enemies":"2 Thieves","floor":19.0,"turns":5.0},{"damage":0.0,"enemies":"Masked Bandits","floor":20.0,"turns":5.0},{"damage":0.0,"enemies":"Snecko","floor":22.0,"turns":4.0},{"damage":0.0,"enemies":"3 Cultists","floor":27.0,"turns":6.0},{"damage":0.0,"enemies":"Slavers","floor":30.0,"turns":5.0},{"damage":4.0,"enemies":"Champ","floor":33.0,"turns":12.0},{"damage":6.0,"enemies":"Orb Walker","floor":35.0,"turns":5.0},{"damage":0.0,"enemies":"3 Shapes","floor":36.0,"turns":5.0},{"damage":0.0,"enemies":"Maw","floor":39.0,"turns":7.0},{"damage":1.0,"enemies":"Giant Head","floor":40.0,"turns":10.0},{"damage":0,"enemies":"Spire Growth","floor":42,"turns":5},{"damage":0,"enemies":"Nemesis","floor":44,"turns":9},{"damage":0,"enemies":"Transient","floor":47,"turns":5},{"damage":0,"enemies":"Maw","floor":48,"turns":7},{"damage":0,"enemies":"Awakened One","floor":50,"turns":17}],"seed_played":"8148983464993385132","potions_obtained":[{"floor":1.0,"key":"GamblersBrew"},{"floor":10.0,"key":"Ancient Potion"},{"floor":16.0,"key":"EntropicBrew"},{"floor":19.0,"key":"GhostInAJar"},{"floor":22.0,"key":"LiquidBronze"},{"floor":27.0,"key":"GhostInAJar"},{"floor":33.0,"key":"Fire Potion"},{"floor":36.0,"key":"GhostInAJar"},{"floor":40.0,"key":"Ancient Potion"},{"floor":44,"key":"Regen Potion"},{"floor":47,"key":"Fire Potion"}],"is_trial":false,"path_per_floor":["M","$","?","?","M","R","?","R","T","M","E","M","R","E","R","B",null,"M","M","?","$","M","R","?","R","T","M","?","R","E","?","R","B",null,"M","M","?","$","M","E","R","M","T","E","R","?","M","M","R","B",null],"character_chosen":"THE_SILENT","items_purchased":["Footwork","Poisoned Stab","Well Laid Plans","Medical Kit","Vajra"],"campfire_rested":1,"item_purchase_floors":[2,2,21,21,38],"current_hp_per_floor":[70,70,52,41,41,41,46,46,46,46,50,50,50,37,37,21,89,89,89,89,89,89,89,89,89,89,89,89,89,89,89,89,85,89,83,83,83,83,83,82,89,89,89,89,89,89,89,89,89,89],"gold":122,"neow_bonus":"UPGRADE_CARD","is_prod":false,"is_daily":false,"chose_seed":false,"campfire_upgraded":7,"win_rate":1,"timestamp":1567248229,"path_taken":["M","$","?","?","M","R","?","R","T","M","E","?","R","E","R","BOSS","M","M","?","$","M","R","?","R","T","?","?","R","E","?","R","BOSS","M","M","?","?","M","E","R","M","T","E","R","?","M","M","R","BOSS"],"build_version":"2019-07-17","purchased_purges":1,"victory":true,"max_hp_per_floor":[70,70,70,70,70,70,75,75,75,75,89,89,89,89,89,89,89,89,89,89,89,89,89,89,89,89,89,89,89,89,89,89,89,89,89,89,89,89,89,89,89,89,89,89,89,89,89,89,89,89],"card_choices":[{"not_picked":["Blur","Slice"],"picked":"Masterful Stab","floor":1.0},{"not_picked":["Flying Knee","Infinite Blades"],"picked":"Poisoned Stab","floor":5.0},{"not_picked":["Deflect","Setup"],"picked":"Slice","floor":10.0},{"not_picked":["Escape Plan","Bane"],"picked":"Cloak And Dagger","floor":11.0},{"not_picked":["Underhanded Strike","Dagger Throw"],"picked":"Bouncing Flask","floor":12.0},{"not_picked":["Flechettes","Blade Dance"],"picked":"Distraction","floor":14.0},{"not_picked":["Storm of Steel","Bullet Time"],"picked":"Adrenaline","floor":16.0},{"not_picked":["Infinite Blades","Flechettes+1"],"picked":"Dodge and Roll+1","floor":18.0},{"not_picked":["Poisoned Stab+1","Deflect"],"picked":"Footwork+1","floor":19.0},{"not_picked":["Infinite Blades","Quick Slash"],"picked":"Crippling Poison","floor":20.0},{"not_picked":["Crippling Poison","Dagger Spray"],"picked":"Dodge and Roll+1","floor":22.0},{"not_picked":["Dodge and Roll","Dagger Spray"],"picked":"Sucker Punch","floor":27.0},{"not_picked":["Backstab","Outmaneuver","Cloak And Dagger"],"picked":"SKIP","floor":30.0},{"not_picked":["Bullet Time","Unload"],"picked":"Grand Finale","floor":33.0},{"not_picked":["Well Laid Plans","Sucker Punch"],"picked":"Prepared","floor":34.0},{"not_picked":["Dagger Throw","Accuracy+1"],"picked":"Leg Sweep+1","floor":34.0},{"not_picked":["Sucker Punch","Acrobatics"],"picked":"Backflip+1","floor":34.0},{"not_picked":["Escape Plan","All Out Attack"],"picked":"Concentrate","floor":35.0},{"not_picked":["Leg Sweep+1","Dodge and Roll+1"],"picked":"Terror","floor":36.0},{"not_picked":["Reflex+1","Bane"],"picked":"PiercingWail+1","floor":39.0},{"not_picked":["Prepared","Venomology"],"picked":"Backflip","floor":40.0},{"not_picked":["Dagger Throw+1","Sucker Punch","Terror"],"picked":"SKIP","floor":42},{"not_picked":["Blade Dance+1","Underhanded Strike","Deadly Poison"],"picked":"Corpse Explosion","floor":44},{"not_picked":["Calculated Gamble+1","Bouncing Flask","Outmaneuver"],"picked":"Tactician+1","floor":47},{"not_picked":["Deadly Poison+1","Accuracy","Acrobatics"],"picked":"PiercingWail","floor":48}],"player_experience":316341,"relics_obtained":[{"floor":9.0,"key":"Potion Belt"},{"floor":11.0,"key":"Mango"},{"floor":14.0,"key":"Girya"},{"floor":20.0,"key":"Red Mask"},{"floor":26.0,"key":"Oddly Smooth Stone"},{"floor":30.0,"key":"Smiling Mask"},{"floor":40.0,"key":"Dodecahedron"},{"floor":43,"key":"Question Card"},{"floor":44,"key":"Anchor"}],"event_choices":[{"damage_healed":0.0,"max_hp_gain":0.0,"max_hp_loss":0.0,"gold_gain":0.0,"event_name":"Scrap Ooze","player_choice":"Success","floor":3.0,"gold_loss":0.0,"damage_taken":18.0,"relics_obtained":["Tough Bandages"]},{"damage_healed":0.0,"max_hp_gain":0.0,"max_hp_loss":0.0,"gold_gain":75.0,"event_name":"World of Goop","player_choice":"Gather Gold","floor":4.0,"gold_loss":0.0,"damage_taken":11.0},{"damage_healed":0.0,"max_hp_gain":5.0,"max_hp_loss":0.0,"gold_gain":0.0,"event_name":"Big Fish","player_choice":"Donut","floor":7.0,"gold_loss":0.0,"damage_taken":0.0},{"damage_healed":0.0,"max_hp_gain":0.0,"max_hp_loss":0.0,"gold_gain":0.0,"event_name":"Masked Bandits","player_choice":"Fought Bandits","floor":20.0,"gold_loss":0.0,"damage_taken":0.0},{"damage_healed":0.0,"max_hp_gain":0.0,"max_hp_loss":0.0,"gold_gain":0.0,"event_name":"Ghosts","player_choice":"Ignored","floor":24.0,"gold_loss":0.0,"damage_taken":0.0},{"cards_removed":["Strike_G"],"damage_healed":0.0,"max_hp_gain":0.0,"max_hp_loss":0.0,"gold_gain":0.0,"event_name":"Beggar","player_choice":"Gave Gold","floor":28.0,"gold_loss":75.0,"damage_taken":0.0},{"damage_healed":0.0,"max_hp_gain":0.0,"max_hp_loss":0.0,"gold_gain":0.0,"event_name":"Vampires","player_choice":"Ignored","floor":31.0,"gold_loss":0.0,"damage_taken":0.0},{"cards_removed":["Cloak And Dagger"],"damage_healed":0.0,"max_hp_gain":0.0,"max_hp_loss":0.0,"gold_gain":0.0,"event_name":"WeMeetAgain","player_choice":"Gave Card","floor":37.0,"gold_loss":0.0,"damage_taken":0.0,"relics_obtained":["Turnip"]},{"cards_removed":["Defend_G"],"damage_healed":0,"gold_gain":0,"player_choice":"Removed Skill","damage_taken":0,"max_hp_gain":0,"max_hp_loss":0,"event_name":"Falling","floor":46,"gold_loss":0}],"is_beta":false,"boss_relics":[{"not_picked":["Empty Cage","Tiny House"],"picked":"Astrolabe"},{"not_picked":["Lizard Tail","Calling Bell"],"picked":"Orrery"}],"items_purged_floors":[21],"is_endless":false,"potions_floor_spawned":[1,10,16,19,22,27,33,36,40,44,47],"ascension_level":0}