{"gold_per_floor":[109,14,14,14,27,27,62,62,110,143,17,28,47,62,62,62],"floor_reached":16,"playtime":505,"items_purged":["Strike_R"],"score":220,"play_id":"3208eb1c-9624-4e91-a294-16b8b3aecc13","local_time":"20190602175003","is_ascension_mode":true,"campfire_choices":[{"data":"Twin Strike","floor":6.0,"key":"SMITH"},{"data":"Dramatic Entrance","floor":8.0,"key":"SMITH"},{"floor":15,"key":"REST"}],"neow_cost":"NONE","seed_source_timestamp":517996766942000,"circlet_count":0,"master_deck":["AscendersBane","Strike_R","Strike_R","Strike_R","Defend_R","Defend_R","Defend_R","Defend_R","Bash","Thunderclap","Dramatic Entrance+1","Twin Strike+1","Dual Wield","Double Tap","True Grit","Clothesline","Metallicize","Carnage"],"special_seed":0,"relics":["Burning Blood","Strawberry","Ice Cream","Happy Flower","Blood Vial","Blue Candle"],"potions_floor_usage":[14,14,16],"damage_taken":[{"damage":10.0,"enemies":"Small Slimes","floor":1.0,"turns":3.0},{"damage":1.0,"enemies":"Cultist","floor":5.0,"turns":3.0},{"damage":32.0,"enemies":"Gremlin Nob","floor":7.0,"turns":4.0},{"damage":25.0,"enemies":"Lagavulin","floor":10.0,"turns":6.0},{"damage":7.0,"enemies":"Jaw Worm","floor":12.0,"turns":2.0},{"damage":12.0,"enemies":"Exordium Wildlife","floor":13.0,"turns":3.0},{"damage":10,"enemies":"Exordium Thugs","floor":14,"turns":4},{"damage":38,"enemies":"Slime Boss","floor":16,"turns":7}],"seed_played":"7828035262448600907","potions_obtained":[{"floor":1.0,"key":"Explosive Potion"},{"floor":12.0,"key":"EssenceOfSteel"},{"floor":14,"key":"Ancient Potion"}],"is_trial":false,"path_per_floor":["M","$","?","?","M","R","E","R","T","E","$","M","M","M","R","B"],"character_chosen":"IRONCLAD","items_purchased":["Dramatic Entrance","True Grit"],"campfire_rested":1,"item_purchase_floors":[2,11],"current_hp_per_floor":[71,71,53,53,58,58,32,32,32,15,15,16,12,10,34,0],"gold":62,"neow_bonus":"RANDOM_COMMON_RELIC","is_prod":false,"is_daily":false,"chose_seed":false,"campfire_upgraded":2,"win_rate":0,"timestamp":1559512203,"path_taken":["M","$","?","?","M","R","E","R","T","E","$","M","?","M","R","BOSS"],"build_version":"2019-01-23","purchased_purges":1,"victory":false,"max_hp_per_floor":[82,82,82,82,82,82,82,82,82,82,82,82,82,82,82,82],"card_choices":[{"not_picked":["Shockwave","Pummel"],"picked":"Thunderclap","floor":1.0},{"not_picked":["Heavy Blade","Perfected Strike"],"picked":"Twin Strike","floor":5.0},{"not_picked":["Warcry","Sentinel"],"picked":"Dual Wield","floor":7.0},{"not_picked":["Wild Strike","Flex"],"picked":"Double Tap","floor":10.0},{"not_picked":["Disarm","Clash"],"picked":"Clothesline","floor":12.0},{"not_picked":["Rage","Flex"],"picked":"Metallicize","floor":13.0},{"not_picked":["Sword Boomerang","Clash"],"picked":"Carnage","floor":14}],"player_experience":1133688,"relics_obtained":[{"floor":7.0,"key":"Happy Flower"},{"floor":9.0,"key":"Blood Vial"},{"floor":10.0,"key":"Blue Candle"}],"event_choices":[{"damage_healed":0.0,"max_hp_gain":0.0,"max_hp_loss":0.0,"gold_gain":0.0,"event_name":"Scrap Ooze","player_choice":"Success","floor":3.0,"gold_loss":0.0,"damage_taken":18.0,"relics_obtained":["Ice Cream"]},{"cards_removed":["Strike_R"],"damage_healed":0.0,"max_hp_gain":0.0,"max_hp_loss":0.0,"gold_gain":0.0,"event_name":"Bonfire Elementals","player_choice":"Offered Basic","floor":4.0,"gold_loss":0.0,"damage_taken":0.0}],"is_beta":false,"boss_relics":[],"items_purged_floors":[11],"is_endless":false,"potions_floor_spawned":[1,12,14],"killed_by":"Slime Boss","ascension_level":20}