{"gold_per_floor":[111,61,74,94,109,143,143,175,260,260],"floor_reached":10,"playtime":371,"items_purged":[],"score":156,"play_id":"a3472357-a8b7-445f-87b0-ba0386c89505","local_time":"20190803094338","is_ascension_mode":true,"campfire_choices":[{"floor":7,"key":"REST"}],"neow_cost":"NONE","seed_source_timestamp":574571205192000,"circlet_count":0,"master_deck":["AscendersBane","Strike_B","Strike_B","Strike_B","Strike_B","Defend_B","Defend_B","Defend_B","Defend_B","Zap","Dualcast","Double Energy","Ball Lightning","Streamline","Undo","Darkness","Leap","Glacier"],"special_seed":0,"relics":["Cracked Core","Strawberry","Frozen Egg 2","Darkstone Periapt","Tiny Chest"],"potions_floor_usage":[],"damage_taken":[{"damage":6.0,"enemies":"Cultist","floor":1.0,"turns":4.0},{"damage":7.0,"enemies":"Jaw Worm","floor":3.0,"turns":3.0},{"damage":10.0,"enemies":"Small Slimes","floor":4.0,"turns":3.0},{"damage":5.0,"enemies":"Gremlin Gang","floor":5.0,"turns":4.0},{"damage":38,"enemies":"Gremlin Nob","floor":6,"turns":4},{"damage":16,"enemies":"3 Sentries","floor":8,"turns":9},{"damage":12,"enemies":"Lots of Slimes","floor":10,"turns":2}],"seed_played":"5887964422537911613","potions_obtained":[{"floor":1.0,"key":"Weak Potion"},{"floor":3.0,"key":"FocusPotion"}],"is_trial":false,"path_per_floor":["M","$","M","M","M","E","R","E","T","M"],"character_chosen":"DEFECT","items_purchased":["Ball Lightning"],"campfire_rested":1,"item_purchase_floors":[2],"current_hp_per_floor":[65,65,58,48,43,5,28,12,12,0],"gold":260,"neow_bonus":"RANDOM_COMMON_RELIC","is_prod":false,"is_daily":false,"chose_seed":false,"campfire_upgraded":0,"win_rate":0,"timestamp":1564839818,"path_taken":["M","$","M","?","M","E","R","E","T","M"],"build_version":"2019-07-17","purchased_purges":0,"victory":false,"max_hp_per_floor":[78,78,78,78,78,78,78,78,78,78],"card_choices":[{"not_picked":["Heatsinks","Aggregate"],"picked":"Double Energy","floor":1.0},{"not_picked":["Double Energy","Glacier"],"picked":"Streamline","floor":3.0},{"not_picked":["Heatsinks","Hologram"],"picked":"Undo","floor":4.0},{"not_picked":["Streamline","Leap"],"picked":"Darkness","floor":5.0},{"not_picked":["Turbo","Redo"],"picked":"Leap","floor":6},{"not_picked":["Doom and Gloom","Undo"],"picked":"Glacier","floor":8}],"player_experience":1415421,"relics_obtained":[{"floor":6,"key":"Frozen Egg 2"},{"floor":8,"key":"Darkstone Periapt"},{"floor":9,"key":"Tiny Chest"}],"event_choices":[],"is_beta":false,"boss_relics":[],"items_purged_floors":[],"is_endless":false,"potions_floor_spawned":[1,3],"killed_by":"Lots of Slimes","ascension_level":20}