{"gold_per_floor":[117,137,137,137,62,62,89,89,143,170,15,28,28,38,38,117,117,137,152,202,217,234,234,248,265,265,265,294,308,308,336,336,415,415,429,409,427,214,228,258,258,291,291,318,126,138,138,38,38,38,38,38,38,38,70,70],"floor_reached":56,"playtime":2673,"items_purged":["Strike_R","Strike_R","Strike_R","Strike_R"],"score":2095,"play_id":"0d123673-e822-425d-a2c3-2d98cdffa4b8","local_time":"20190818153433","is_ascension_mode":true,"campfire_choices":[{"data":"Searing Blow+1","floor":6.0,"key":"SMITH"},{"data":"Searing Blow+2","floor":8.0,"key":"SMITH"},{"data":"Searing Blow+3","floor":13.0,"key":"SMITH"},{"data":"Searing Blow+4","floor":15.0,"key":"SMITH"},{"data":"Searing Blow+5","floor":23.0,"key":"SMITH"},{"data":"Searing Blow+6","floor":27.0,"key":"SMITH"},{"data":"Searing Blow+7","floor":30.0,"key":"SMITH"},{"data":"Armaments","floor":32.0,"key":"SMITH"},{"floor":41.0,"key":"RECALL"},{"data":"Searing Blow+8","floor":47,"key":"SMITH"},{"data":"Corruption","floor":49,"key":"SMITH"},{"data":"Searing Blow+9","floor":53,"key":"SMITH"}],"neow_cost":"NONE","seed_source_timestamp":359682452473100,"circlet_count":0,"master_deck":["AscendersBane","Strike_R","Defend_R","Defend_R","Defend_R","Defend_R","Bash","Cleave","Searing Blow+10","Offering","True Grit","Armaments+1","Shrug It Off","Seeing Red+1","Havoc+1","Flame Barrier+1","Armaments+1","Dual Wield","Second Wind","Disarm","Corruption+1","Trip","Berserk"],"special_seed":0,"relics":["Black Blood","Bag of Marbles","Strawberry","Ancient Tea Set","Art of War","Singing Bowl","Magic Flower","Oddly Smooth Stone","Runic Pyramid","Gremlin Horn","Red Skull","Dodecahedron","Anchor"],"potions_floor_usage":[50,56,56],"damage_taken":[{"damage":7.0,"enemies":"Jaw Worm","floor":1.0,"turns":3.0},{"damage":3.0,"enemies":"2 Louse","floor":2.0,"turns":3.0},{"damage":35.0,"enemies":"3 Sentries","floor":7.0,"turns":8.0},{"damage":8.0,"enemies":"Gremlin Nob","floor":10.0,"turns":3.0},{"damage":0.0,"enemies":"Cultist","floor":12.0,"turns":2.0},{"damage":0.0,"enemies":"2 Fungi Beasts","floor":14.0,"turns":2.0},{"damage":52.0,"enemies":"Slime Boss","floor":16.0,"turns":9.0},{"damage":18.0,"enemies":"2 Thieves","floor":18.0,"turns":3.0},{"damage":6.0,"enemies":"Spheric Guardian","floor":19.0,"turns":3.0},{"damage":6.0,"enemies":"Snake Plant","floor":21.0,"turns":2.0},{"damage":6.0,"enemies":"Centurion and Healer","floor":22.0,"turns":5.0},{"damage":0.0,"enemies":"Shelled Parasite and Fungi","floor":24.0,"turns":4.0},{"damage":6.0,"enemies":"Chosen and Byrds","floor":25.0,"turns":3.0},{"damage":33.0,"enemies":"Slavers","floor":28.0,"turns":6.0},{"damage":6.0,"enemies":"Cultist and Chosen","floor":29.0,"turns":3.0},{"damage":6.0,"enemies":"Gremlin Leader","floor":31.0,"turns":4.0},{"damage":25.0,"enemies":"Collector","floor":33.0,"turns":5.0},{"damage":0.0,"enemies":"Orb Walker","floor":35.0,"turns":2.0},{"damage":6.0,"enemies":"3 Shapes","floor":37.0,"turns":4.0},{"damage":14.0,"enemies":"Jaw Worm Horde","floor":39.0,"turns":6.0},{"damage":15.0,"enemies":"Nemesis","floor":40.0,"turns":3.0},{"damage":37.0,"enemies":"Giant Head","floor":42.0,"turns":5.0},{"damage":6.0,"enemies":"Nemesis","floor":44.0,"turns":3.0},{"damage":4,"enemies":"Spire Growth","floor":46,"turns":3},{"damage":13,"enemies":"Donu and Deca","floor":50,"turns":7},{"damage":72,"enemies":"Awakened One","floor":51,"turns":8},{"damage":77,"enemies":"Shield and Spear","floor":55,"turns":5},{"damage":80,"enemies":"The Heart","floor":56,"turns":5}],"seed_played":"-2444778363303162839","potions_obtained":[{"floor":1.0,"key":"Strength Potion"},{"floor":7.0,"key":"GamblersBrew"},{"floor":14.0,"key":"SteroidPotion"},{"floor":21.0,"key":"LiquidBronze"},{"floor":22.0,"key":"Fire Potion"},{"floor":25.0,"key":"Block Potion"},{"floor":28.0,"key":"Block Potion"},{"floor":31.0,"key":"GamblersBrew"},{"floor":33.0,"key":"SteroidPotion"},{"floor":35.0,"key":"SteroidPotion"},{"floor":36.0,"key":"PowerPotion"},{"floor":42.0,"key":"BloodPotion"},{"floor":55,"key":"Regen Potion"}],"is_trial":false,"path_per_floor":["M","M","?","?","$","R","E","R","T","E","$","M","R","M","R","B",null,"M","M","?","M","M","R","M","M","T","R","E","M","R","E","R","B",null,"M","?","M","$","M","E","R","E","T","E","$","M","R","$","R","B","B",null,"R","$","E","B"],"character_chosen":"IRONCLAD","items_purchased":["Energy Potion","Dual Wield","Disarm","Trip"],"campfire_rested":0,"item_purchase_floors":[11,38,45,48],"current_hp_per_floor":[67,70,70,70,70,70,48,48,48,46,46,52,52,58,58,12,65,57,61,53,57,61,61,71,75,75,75,54,63,63,74,74,66,83,90,90,90,90,92,94,94,72,72,83,83,94,94,94,94,96,39,82,82,82,20,0],"gold":70,"neow_bonus":"RANDOM_COMMON_RELIC","is_prod":false,"is_daily":false,"chose_seed":false,"campfire_upgraded":11,"win_rate":0,"timestamp":1566156873,"path_taken":["M","M","?","?","?","R","E","R","T","E","$","M","R","M","R","BOSS","M","M","?","M","?","R","M","M","T","R","E","M","R","E","R","BOSS","M","?","M","?","M","E","R","E","T","E","$","M","R","$","R","BOSS","BOSS","R","$","E","BOSS"],"build_version":"2019-07-17","purchased_purges":4,"victory":false,"max_hp_per_floor":[75,75,75,75,75,75,82,82,82,82,82,82,82,82,82,82,82,82,82,82,82,82,82,82,82,82,82,84,84,84,86,86,88,88,90,90,90,90,92,94,94,94,94,96,96,96,96,96,96,96,96,96,96,96,96,96],"card_choices":[{"not_picked":["Pummel","Corruption"],"picked":"Cleave","floor":1.0},{"not_picked":["Havoc","Shrug It Off"],"picked":"Searing Blow","floor":2.0},{"not_picked":["Entrench","Spot Weakness","Thunderclap"],"picked":"SKIP","floor":7.0},{"not_picked":["Bludgeon","Clothesline","Anger"],"picked":"SKIP","floor":10.0},{"not_picked":["Pommel Strike","Iron Wave","Cleave"],"picked":"SKIP","floor":12.0},{"not_picked":["Entrench","Dropkick","Carnage"],"picked":"SKIP","floor":14.0},{"not_picked":["Berserk","Limit Break"],"picked":"Offering","floor":16.0},{"not_picked":["Cleave","Corruption"],"picked":"True Grit","floor":18.0},{"not_picked":["Corruption","Spot Weakness"],"picked":"Armaments","floor":19.0},{"not_picked":["Anger","Corruption"],"picked":"Shrug It Off","floor":21.0},{"not_picked":["Wild Strike","Shockwave"],"picked":"Seeing Red+1","floor":22.0},{"not_picked":["Pommel Strike","Bludgeon","Thunderclap"],"picked":"SKIP","floor":24.0},{"not_picked":["Seeing Red","Fire Breathing"],"picked":"Havoc+1","floor":25.0},{"not_picked":["Thunderclap","Pommel Strike","Headbutt"],"picked":"Singing Bowl","floor":28.0},{"not_picked":["Wild Strike","Twin Strike+1"],"picked":"Flame Barrier+1","floor":29.0},{"not_picked":["Sword Boomerang","Whirlwind","Shrug It Off"],"picked":"Singing Bowl","floor":31.0},{"not_picked":["Juggernaut","Reaper","Brutality"],"picked":"Singing Bowl","floor":33.0},{"not_picked":["Carnage","Evolve","Clothesline"],"picked":"Singing Bowl","floor":35.0},{"not_picked":["Uppercut","Wild Strike"],"picked":"Armaments+1","floor":37.0},{"not_picked":["Iron Wave","Rampage","Headbutt+1"],"picked":"Singing Bowl","floor":39.0},{"not_picked":["Heavy Blade","Clothesline","Iron Wave"],"picked":"Singing Bowl","floor":40.0},{"not_picked":["True Grit+1","Armaments"],"picked":"Second Wind","floor":42.0},{"not_picked":["Infernal Blade","Warcry","Blood for Blood"],"picked":"Singing Bowl","floor":44.0},{"not_picked":["Perfected Strike","Cleave"],"picked":"Corruption","floor":46},{"not_picked":["Combust","Battle Trance+1"],"picked":"Berserk","floor":55}],"player_experience":1483561,"relics_obtained":[{"floor":7.0,"key":"Strawberry"},{"floor":9.0,"key":"Ancient Tea Set"},{"floor":10.0,"key":"Art of War"},{"floor":26.0,"key":"Singing Bowl"},{"floor":28.0,"key":"Magic Flower"},{"floor":31.0,"key":"Oddly Smooth Stone"},{"floor":40.0,"key":"Gremlin Horn"},{"floor":42.0,"key":"Red Skull"},{"floor":44.0,"key":"Dodecahedron"},{"floor":55,"key":"Anchor"}],"event_choices":[{"damage_healed":0.0,"max_hp_gain":0.0,"max_hp_loss":0.0,"gold_gain":0.0,"event_name":"Liars Game","player_choice":"Ignored","floor":3.0,"gold_loss":0.0,"damage_taken":0.0},{"damage_healed":0.0,"max_hp_gain":0.0,"max_hp_loss":0.0,"gold_gain":0.0,"event_name":"Living Wall","player_choice":"Grow","floor":4.0,"gold_loss":0.0,"damage_taken":0.0,"cards_upgraded":["Searing Blow"]},{"damage_healed":0.0,"max_hp_gain":0.0,"max_hp_loss":0.0,"gold_gain":50.0,"event_name":"FaceTrader","player_choice":"Touch","floor":20.0,"gold_loss":0.0,"damage_taken":8.0},{"damage_healed":0.0,"max_hp_gain":0.0,"max_hp_loss":0.0,"gold_gain":0.0,"event_name":"The Woman in Blue","player_choice":"Bought 1 Potion","floor":36.0,"gold_loss":0.0,"damage_taken":0.0}],"is_beta":false,"boss_relics":[{"not_picked":["Runic Dome","Pandora\u0027s Box"],"picked":"Black Blood"},{"not_picked":["Philosopher\u0027s Stone","Lizard Tail"],"picked":"Runic Pyramid"}],"items_purged_floors":[5,11,38,45],"is_endless":false,"potions_floor_spawned":[1,7,14,21,22,25,28,31,33,35,37,40,42,55],"killed_by":"The Heart","ascension_level":20}