{"gold_per_floor":[116,266,54,54,73,103,103,129,154,154,154,154,174,174],"floor_reached":14,"playtime":336,"items_purged":["Doubt"],"score":242,"play_id":"c2f5aace-90d9-4fdf-8e19-3a6f76bbe4f4","local_time":"20190803150339","is_ascension_mode":true,"campfire_choices":[{"data":"Neutralize","floor":7,"key":"SMITH"},{"data":"Poisoned Stab","floor":10,"key":"SMITH"}],"neow_cost":"NONE","seed_source_timestamp":593874477889000,"circlet_count":0,"master_deck":["AscendersBane","Strike_G","Strike_G","Strike_G","Strike_G","Strike_G","Defend_G","Defend_G+1","Defend_G","Defend_G+1","Survivor","Neutralize+1","PiercingWail+1","Flying Knee","Poisoned Stab+1"],"special_seed":0,"relics":["Ring of the Snake","NeowsBlessing","Bag of Preparation","Boot","Strawberry"],"potions_floor_usage":[8,8,14],"damage_taken":[{"damage":0.0,"enemies":"Small Slimes","floor":1.0,"turns":1.0},{"damage":0.0,"enemies":"Jaw Worm","floor":5.0,"turns":1.0},{"damage":0.0,"enemies":"3 Sentries","floor":6.0,"turns":1.0},{"damage":4,"enemies":"Gremlin Nob","floor":8,"turns":4},{"damage":0,"enemies":"2 Louse","floor":13,"turns":2},{"damage":35,"enemies":"3 Sentries","floor":14,"turns":8}],"seed_played":"6569314891086917712","potions_obtained":[{"floor":6,"key":"SteroidPotion"},{"floor":8,"key":"GamblersBrew"}],"is_trial":false,"path_per_floor":["M","?","$","?","M","E","R","E","T","R","?","?","M","E"],"character_chosen":"THE_SILENT","items_purchased":["Explosive Potion","GhostInAJar"],"campfire_rested":0,"item_purchase_floors":[3,3],"current_hp_per_floor":[59,59,59,52,52,52,52,48,55,55,55,33,33,0],"gold":174,"neow_bonus":"THREE_ENEMY_KILL","is_prod":false,"is_daily":false,"chose_seed":false,"campfire_upgraded":2,"win_rate":0,"timestamp":1564859019,"path_taken":["M","?","$","?","M","E","R","E","T","R","?","?","M","E"],"build_version":"2019-07-17","purchased_purges":1,"victory":false,"max_hp_per_floor":[66,66,66,66,66,66,66,66,73,73,73,73,73,73],"card_choices":[{"not_picked":["Blade Dance","Calculated Gamble"],"picked":"PiercingWail","floor":1.0},{"not_picked":["Backstab","Acrobatics"],"picked":"Flying Knee","floor":5.0},{"not_picked":["Blade Dance","Eviscerate","Bane"],"picked":"SKIP","floor":6},{"not_picked":["Unload","Sucker Punch"],"picked":"Poisoned Stab","floor":8},{"not_picked":["Choke","Masterful Stab","Slice"],"picked":"SKIP","floor":13}],"player_experience":1420216,"relics_obtained":[{"floor":6,"key":"Bag of Preparation"},{"floor":8,"key":"Boot"},{"floor":9,"key":"Strawberry"}],"event_choices":[{"damage_healed":0.0,"max_hp_gain":0.0,"max_hp_loss":0.0,"gold_gain":150.0,"event_name":"Liars Game","player_choice":"AGREE","floor":2.0,"gold_loss":0.0,"damage_taken":0.0,"cards_obtained":["Doubt"]},{"cards_removed":["Defend_G"],"damage_healed":0.0,"max_hp_gain":0.0,"max_hp_loss":0.0,"gold_gain":0.0,"event_name":"Golden Wing","player_choice":"Card Removal","floor":4.0,"gold_loss":0.0,"damage_taken":7.0},{"damage_healed":0,"gold_gain":0,"player_choice":"Grow","damage_taken":0,"max_hp_gain":0,"max_hp_loss":0,"event_name":"Living Wall","floor":11,"gold_loss":0,"cards_upgraded":["PiercingWail"]},{"damage_healed":0,"gold_gain":0,"player_choice":"Entered Light","damage_taken":22,"max_hp_gain":0,"max_hp_loss":0,"event_name":"Shining Light","floor":12,"gold_loss":0,"cards_upgraded":["Defend_G","Defend_G"]}],"is_beta":false,"boss_relics":[],"items_purged_floors":[3],"is_endless":false,"potions_floor_spawned":[6,8],"killed_by":"3 Sentries","ascension_level":20}