{"path_per_floor":["M","?","?","M","$","R","E","R","T","R","E","$","?","M","R","B",null,"M","?","$","?","?","R","M","R","T","M","M","E","$"],"character_chosen":"THE_SILENT","items_purchased":["Dodge and Roll","Cloak And Dagger","Flying Knee"],"gold_per_floor":[14,14,14,27,3,3,39,39,39,39,77,2,2,21,21,151,151,164,79,31,31,31,31,31,31,31,49,69,100,49],"floor_reached":31,"campfire_rested":2,"playtime":1683,"current_hp_per_floor":[68,68,54,54,54,54,48,48,48,48,38,38,38,38,59,39,70,42,42,42,42,42,42,41,62,62,58,47,23,23],"items_purged":["Injury"],"gold":49,"score":259,"play_id":"6d92d67a-bdb1-4e50-8dd4-7de0ffcc5701","local_time":"20180310005920","is_prod":false,"is_daily":false,"is_ascension_mode":false,"campfire_upgraded":4,"timestamp":1520661560,"path_taken":["M","?","?","M","$","R","E","R","T","R","E","?","?","?","R","BOSS","M","?","$","?","?","R","M","R","T","M","?","E","$","M"],"build_version":"2018-03-09","purchased_purges":2,"victory":false,"master_deck":["Defend_G","Defend_G+1","Strike_G","Strike_G+1","Strike_G","Survivor","Neutralize+1","Blade Dance+1","Outmaneuver","All Out Attack+1","Blur","Dodge and Roll","Heel Hook","Backflip","Terror","Envenom+1","Dodge and Roll","PiercingWail","Caltrops","Acrobatics","Acrobatics","Cloak And Dagger","Backstab","Quick Slash","Cloak And Dagger","Adrenaline","Flying Knee"],"max_hp_per_floor":[70,70,70,70,70,70,70,70,70,70,70,70,70,70,70,70,70,70,70,70,70,70,70,70,70,70,70,70,70,70],"relics":["Ring of the Snake","Golden Idol","Meat on the Bone","Bottled Lightning","Bottled Flame","Orrery","Ice Cream","Ancient Tea Set","Happy Flower"],"card_choices":[{"not_picked":["Dagger Spray","Dodge and Roll"],"picked":"All Out Attack"},{"not_picked":["Flying Knee","Cloak And Dagger"],"picked":"Blur"},{"not_picked":["Acrobatics","Prepared"],"picked":"Heel Hook"},{"not_picked":["After Image","Blur"],"picked":"Backflip"},{"not_picked":["Bane","Backflip"],"picked":"Terror"},{"not_picked":["Venomology","Night Terror"],"picked":"Envenom"},{"not_picked":["Dagger Throw","Sucker Punch"],"picked":"Dodge and Roll"},{"not_picked":["All Out Attack","Blur"],"picked":"PiercingWail"},{"not_picked":["Outmaneuver","Prepared"],"picked":"Caltrops"},{"not_picked":["Poisoned Stab","Deflect"],"picked":"Acrobatics"},{"not_picked":["Underhanded Strike","Envenom"],"picked":"Acrobatics"},{"not_picked":["Heel Hook","Dagger Spray"],"picked":"Backstab"},{"not_picked":["All Out Attack","Flechettes"],"picked":"Quick Slash"},{"not_picked":["Quick Slash","Calculated Gamble"],"picked":"Cloak And Dagger"},{"not_picked":["Bouncing Flask","Outmaneuver"],"picked":"Adrenaline"}],"player_experience":486549,"potions_floor_usage":[7,28,28],"damage_taken":[{"damage":2,"enemies":"Small Slimes","floor":1,"turns":4},{"damage":0,"enemies":"Jaw Worm","floor":4,"turns":3},{"damage":21,"enemies":"3 Sentries","floor":7,"turns":11},{"damage":22,"enemies":"Lagavulin","floor":11,"turns":8},{"damage":0,"enemies":"2 Louse","floor":14,"turns":2},{"damage":20,"enemies":"The Guardian","floor":16,"turns":13},{"damage":28,"enemies":"Chosen","floor":18,"turns":7},{"damage":13,"enemies":"2 Thieves","floor":24,"turns":4},{"damage":4,"enemies":"Snake Plant","floor":27,"turns":5},{"damage":35,"enemies":"Snecko","floor":28,"turns":7},{"damage":36,"enemies":"Book of Stabbing","floor":29,"turns":6},{"damage":38,"enemies":"Cultist and Chosen","floor":31,"turns":5}],"event_choices":[{"event_name":"Golden Idol","player_choice":"Take Wound","floor":2,"damage_taken":0},{"event_name":"Shining Light","player_choice":"Entered Light","floor":3,"damage_taken":0},{"event_name":"Purifier","player_choice":"One Purge","floor":13,"damage_taken":0},{"event_name":"Addict","player_choice":"Obtained Relic","floor":19,"damage_taken":0},{"event_name":"Back to Basics","player_choice":"Elegance","floor":21,"damage_taken":0},{"event_name":"Purifier","player_choice":"One Purge","floor":22,"damage_taken":0}],"boss_relics":[{"not_picked":["Ectoplasm","Runic Dome"],"picked":"Orrery"}],"potions_floor_spawned":[4,24,27],"seed_played":"5600623796672452511","killed_by":"Cultist and Chosen","ascension_level":0,"is_trial":false}