{"gold_per_floor":[111,111,71,71,71,71,82,113,158,158,6,25,36,56,56,155,155,167,187,187,204,219,219,294,304,330,358,358,86,18,18,18,116,116,133,187,187,203,214,214,246,246,297,312,324,324,341,358,358,358],"floor_reached":51,"playtime":3970,"items_purged":[],"score":699,"play_id":"7ebd71a0-d210-4baa-b7f1-8fb0c405ef1d","local_time":"20181104161155","is_ascension_mode":false,"campfire_choices":[{"data":"Defragment","floor":6,"key":"SMITH"},{"data":"White Noise","floor":10,"key":"SMITH"},{"data":"Zap","floor":15,"key":"SMITH"},{"data":"Loop","floor":23,"key":"SMITH"},{"data":"Self Repair","floor":28,"key":"SMITH"},{"data":"Double Energy","floor":32,"key":"SMITH"},{"data":"Creative AI","floor":40,"key":"SMITH"},{"data":"Defragment","floor":46,"key":"SMITH"},{"data":"Biased Cognition","floor":49,"key":"SMITH"}],"neow_cost":"NONE","seed_source_timestamp":1231511539143242,"circlet_count":0,"master_deck":["Strike_B","Strike_B","Defend_B+1","Defend_B","Defend_B","Defend_B","Zap+1","Dualcast","Compile Driver","Defragment+1","Storm","White Noise+1","Self Repair+1","Coolheaded","Beam Cell+1","Hologram","Steam","Core Surge","Auto Shields+1","Loop+1","Doom and Gloom","Defragment+1","Hologram","Chill+1","Stack","Cold Snap+1","Double Energy+1","Creative AI+1","Coolheaded+1","Rebound+1","Ball Lightning+1","Conserve Battery+1","Reinforced Body+1","Decay","Steam+1","Streamline+1","Biased Cognition+1","Beam Cell+1"],"relics":["Cracked Core","Pear","Dead Branch","Pen Nib","Inserter","Bag of Preparation","Orichalcum","Mummified Hand","Molten Egg 2","Cursed Key","Ginger","War Paint","Whetstone"],"potions_floor_usage":[8,14,27,35,36,50,50],"damage_taken":[{"damage":0,"enemies":"2 Louse","floor":1,"turns":2},{"damage":0,"enemies":"Small Slimes","floor":7,"turns":4},{"damage":13,"enemies":"3 Sentries","floor":8,"turns":3},{"damage":1,"enemies":"Cultist","floor":12,"turns":3},{"damage":13,"enemies":"2 Fungi Beasts","floor":13,"turns":3},{"damage":0,"enemies":"Gremlin Gang","floor":14,"turns":1},{"damage":11,"enemies":"Slime Boss","floor":16,"turns":8},{"damage":5,"enemies":"Chosen","floor":18,"turns":4},{"damage":20,"enemies":"Shell Parasite","floor":19,"turns":4},{"damage":15,"enemies":"Shelled Parasite and Fungi","floor":21,"turns":7},{"damage":2,"enemies":"Cultist and Chosen","floor":22,"turns":5},{"damage":13,"enemies":"Snecko","floor":25,"turns":5},{"damage":13,"enemies":"Book of Stabbing","floor":27,"turns":6},{"damage":14,"enemies":"Collector","floor":33,"turns":8},{"damage":7,"enemies":"Orb Walker","floor":35,"turns":5},{"damage":25,"enemies":"2 Orb Walkers","floor":36,"turns":4},{"damage":6,"enemies":"3 Shapes","floor":38,"turns":5},{"damage":32,"enemies":"Writhing Mass","floor":39,"turns":4},{"damage":0,"enemies":"Reptomancer","floor":41,"turns":4},{"damage":1,"enemies":"Transient","floor":44,"turns":5},{"damage":1,"enemies":"Maw","floor":45,"turns":5},{"damage":7,"enemies":"3 Darklings","floor":47,"turns":5},{"damage":3,"enemies":"Sphere and 2 Shapes","floor":48,"turns":3},{"damage":5,"enemies":"Time Eater","floor":50,"turns":7}],"seed_played":"7171005999626707005","potions_obtained":[{"floor":0,"key":"PowerPotion"},{"floor":0,"key":"FairyPotion"},{"floor":0,"key":"PowerPotion"},{"floor":8,"key":"GamblersBrew"},{"floor":12,"key":"SteroidPotion"},{"floor":21,"key":"LiquidBronze"},{"floor":25,"key":"AttackPotion"},{"floor":33,"key":"Block Potion"},{"floor":36,"key":"EssenceOfSteel"},{"floor":39,"key":"SpeedPotion"},{"floor":48,"key":"GamblersBrew"}],"is_trial":false,"path_per_floor":["M","?","$","?","?","R","M","E","T","R","$","M","M","M","R","B",null,"M","M","?","M","M","R","?","M","T","E","R","$","$","T","R","B",null,"M","?","?","M","M","R","E","?","T","M","M","R","M","M","R","B",null],"character_chosen":"DEFECT","items_purchased":["Defragment","Self Repair","Coolheaded","Beam Cell","Mummified Hand","Cold Snap","Double Energy"],"campfire_rested":0,"item_purchase_floors":[3,11,11,11,29,29,30],"current_hp_per_floor":[75,68,68,75,75,75,75,62,62,62,62,68,62,62,62,58,85,85,72,72,64,69,69,61,62,62,63,63,63,63,63,63,59,85,85,70,70,74,52,52,52,52,52,61,70,70,73,70,70,75],"gold":358,"neow_bonus":"THREE_SMALL_POTIONS","is_prod":false,"is_daily":false,"chose_seed":false,"campfire_upgraded":9,"win_rate":0,"timestamp":1541365915,"path_taken":["M","?","$","?","?","R","M","E","T","R","$","M","?","M","R","BOSS","M","M","?","?","M","R","?","?","T","E","R","?","$","?","R","BOSS","M","?","?","M","M","R","E","?","T","M","M","R","M","M","R","BOSS"],"build_version":"2018-11-02","purchased_purges":0,"victory":true,"max_hp_per_floor":[75,75,75,85,85,85,85,85,85,85,85,85,85,85,85,85,85,85,85,85,85,85,85,85,85,85,85,85,85,85,85,85,85,85,85,85,85,85,85,85,85,85,85,85,85,85,85,85,85,85],"card_choices":[{"not_picked":["Gash","Recycle"],"picked":"Compile Driver","floor":1},{"not_picked":["Stack","Undo"],"picked":"Storm","floor":7},{"not_picked":["Redo","Hello World"],"picked":"White Noise","floor":8},{"not_picked":["Self Repair","Conserve Battery"],"picked":"Hologram","floor":12},{"not_picked":["Beam Cell","Stack"],"picked":"Sweeping Beam","floor":13},{"not_picked":["Lockon","Blizzard"],"picked":"Steam","floor":14},{"not_picked":["Rainbow","Multi-Cast"],"picked":"Core Surge","floor":16},{"not_picked":["Stack","Conserve Battery"],"picked":"Auto Shields+1","floor":18},{"not_picked":["Compile Driver","Fusion"],"picked":"Loop","floor":19},{"not_picked":["Static Discharge","Auto Shields"],"picked":"Defragment","floor":21},{"not_picked":["Blizzard","Turbo"],"picked":"Hologram","floor":22},{"not_picked":["Sweeping Beam","Rainbow"],"picked":"Chill","floor":25},{"not_picked":["Static Discharge","Blizzard"],"picked":"Stack","floor":27},{"not_picked":["Electrodynamics","Meteor Strike+1"],"picked":"Creative AI","floor":33},{"not_picked":["Auto Shields+1","Redo+1"],"picked":"Coolheaded+1","floor":35},{"not_picked":["Turbo+1","Hologram"],"picked":"Rebound+1","floor":36},{"not_picked":["Darkness+1","Storm"],"picked":"Ball Lightning+1","floor":38},{"not_picked":["Static Discharge","Reprogram+1"],"picked":"Conserve Battery+1","floor":39},{"not_picked":["Scrape+1","FTL+1"],"picked":"Reinforced Body+1","floor":41},{"not_picked":["Turbo","Hologram"],"picked":"Steam+1","floor":44},{"not_picked":["Chill+1","Reinforced Body+1"],"picked":"Streamline+1","floor":45},{"not_picked":["Rebound+1","Hologram"],"picked":"Biased Cognition","floor":47},{"not_picked":["Sweeping Beam+1","Stack"],"picked":"Beam Cell+1","floor":48}],"player_experience":902697,"relics_obtained":[{"floor":8,"key":"Dead Branch"},{"floor":9,"key":"Pen Nib"},{"floor":26,"key":"Bag of Preparation"},{"floor":27,"key":"Orichalcum"},{"floor":31,"key":"Molten Egg 2"},{"floor":36,"key":"Ginger"},{"floor":41,"key":"War Paint"},{"floor":43,"key":"Whetstone"}],"event_choices":[{"cards_removed":["Strike_B"],"damage_healed":0,"gold_gain":0,"player_choice":"Card Removal","damage_taken":7,"max_hp_gain":0,"max_hp_loss":0,"event_name":"Golden Wing","floor":2,"gold_loss":0},{"damage_healed":0,"gold_gain":0,"player_choice":"Success","damage_taken":3,"relics_obtained":["Pear"],"max_hp_gain":0,"max_hp_loss":0,"event_name":"Scrap Ooze","floor":4,"gold_loss":0},{"damage_healed":0,"gold_gain":0,"player_choice":"Bought 0 Potions","damage_taken":0,"max_hp_gain":0,"max_hp_loss":0,"event_name":"The Woman in Blue","floor":5,"gold_loss":0},{"damage_healed":0,"gold_gain":0,"cards_transformed":["Strike_B"],"player_choice":"Transformed","damage_taken":0,"max_hp_gain":0,"max_hp_loss":0,"event_name":"Transmorgrifier","floor":20,"gold_loss":0,"cards_obtained":["Doom and Gloom"]},{"damage_healed":0,"gold_gain":75,"player_choice":"Touch","damage_taken":8,"max_hp_gain":0,"max_hp_loss":0,"event_name":"FaceTrader","floor":24,"gold_loss":0},{"damage_healed":0,"gold_gain":0,"player_choice":"Fight","damage_taken":0,"max_hp_gain":0,"max_hp_loss":0,"event_name":"Mysterious Sphere","floor":36,"gold_loss":0},{"cards_removed":["Sweeping Beam"],"damage_healed":0,"gold_gain":0,"player_choice":"Removed Attack","damage_taken":0,"max_hp_gain":0,"max_hp_loss":0,"event_name":"Falling","floor":37,"gold_loss":0},{"damage_healed":0,"gold_gain":0,"player_choice":"Ignored","damage_taken":0,"max_hp_gain":0,"max_hp_loss":0,"event_name":"Tomb of Lord Red Mask","floor":42,"gold_loss":0}],"is_beta":true,"boss_relics":[{"not_picked":["Eternal Feather","Pandora\u0027s Box"],"picked":"Inserter"},{"not_picked":["Coffee Dripper","Runic Dome"],"picked":"Cursed Key"}],"items_purged_floors":[],"is_endless":false,"potions_floor_spawned":[7,8,12,13,21,25,33,36,39,48],"ascension_level":0}