{"path_per_floor":["M","?","$","M","?","R","E","R","T","M","R","M","M","M","R","B",null,"M","$","?","?","M","R","M"],"character_chosen":"THE_SILENT","items_purchased":["Happy Flower"],"gold_per_floor":[112,287,62,73,73,73,108,108,108,118,118,135,155,166,166,271,271,284,184,184,184,198,198,208,208],"floor_reached":25,"campfire_rested":1,"playtime":741,"current_hp_per_floor":[63,63,63,63,49,49,56,56,56,52,52,51,51,47,47,14,61,56,56,56,56,34,58,25,0],"items_purged":["Doubt","Normality"],"gold":208,"score":295,"play_id":"a8640f5b-6c90-466c-a66d-f04a8ecc5f93","local_time":"20180408144032","is_prod":false,"is_daily":false,"is_ascension_mode":true,"campfire_upgraded":2,"timestamp":1523212832,"path_taken":["M","?","$","M","?","R","E","R","T","M","R","M","M","M","R","BOSS","M","$","?","?","M","R","M","E"],"build_version":"2018-04-05","purchased_purges":2,"victory":false,"master_deck":["Defend_G","Defend_G","Defend_G","Defend_G","Defend_G","Strike_G+1","Strike_G","Strike_G+1","Strike_G","Strike_G","Survivor","Neutralize+1","Dagger Spray","Grand Finale","Dagger Spray+1","Cloak And Dagger","Well Laid Plans","Parasite","Prepared"],"max_hp_per_floor":[70,70,70,70,70,70,77,77,77,77,77,77,77,77,77,77,77,79,79,79,79,81,81,81,81],"relics":["Ring of the Snake","NeowsBlessing","Happy Flower","Strawberry","Girya","Calling Bell","Singing Bowl","Centennial Puzzle","Gremlin Horn","Spirit Poop"],"card_choices":[{"not_picked":["Dodge and Roll","Riddle With Holes"],"picked":"Dagger Spray","floor":1},{"not_picked":["Outmaneuver","Bouncing Flask"],"picked":"Grand Finale","floor":4},{"not_picked":["Slice","Outmaneuver"],"picked":"Dagger Spray","floor":7},{"not_picked":["Slice","Poisoned Stab"],"picked":"Cloak And Dagger","floor":10},{"not_picked":["Quick Slash","Prepared"],"picked":"Well Laid Plans","floor":12},{"not_picked":["Deadly Poison","Riddle With Holes"],"picked":"Prepared","floor":24}],"player_experience":136755,"potions_floor_usage":[12,18,25],"damage_taken":[{"damage":0,"enemies":"Jaw Worm","floor":1,"turns":1},{"damage":0,"enemies":"Small Slimes","floor":4,"turns":1},{"damage":0,"enemies":"Gremlin Nob","floor":7,"turns":1},{"damage":4,"enemies":"Cultist","floor":10,"turns":3},{"damage":1,"enemies":"Large Slime","floor":12,"turns":5},{"damage":0,"enemies":"3 Louse","floor":13,"turns":1},{"damage":4,"enemies":"Blue Slaver","floor":14,"turns":3},{"damage":33,"enemies":"The Guardian","floor":16,"turns":9},{"damage":7,"enemies":"2 Thieves","floor":18,"turns":4},{"damage":24,"enemies":"Chosen","floor":22,"turns":5},{"damage":33,"enemies":"Snake Plant","floor":24,"turns":5},{"damage":25,"enemies":"Gremlin Leader","floor":25,"turns":2}],"event_choices":[{"event_name":"Liars Game","player_choice":"agreed","floor":2,"damage_taken":0},{"event_name":"Shining Light","player_choice":"Entered Light","floor":5,"damage_taken":0},{"event_name":"Bonfire Elementals","player_choice":"CURSE","floor":20,"damage_taken":0},{"event_name":"Transmorgrifier","player_choice":"Transform","floor":21,"damage_taken":0}],"boss_relics":[{"not_picked":["Velvet Choker","White Beast Statue"],"picked":"Calling Bell"}],"potions_floor_spawned":[4,7,12,16,24],"seed_played":"-7119132231122604729","killed_by":"Gremlin Leader","ascension_level":6,"is_trial":false}