{"path_per_floor":["M","?","M","?","M","M","R","M","T","M","M","R","?","M","R"],"character_chosen":"THE_SILENT","items_purchased":[],"gold_per_floor":[118,218,234,234,248,263,263,288,288,312,333,333,333,351,351,351],"floor_reached":16,"campfire_rested":3,"playtime":651,"item_purchase_floors":[],"current_hp_per_floor":[50,50,50,50,40,30,51,34,34,34,34,55,52,49,70,0],"items_purged":[],"gold":351,"score":139,"play_id":"a29577b2-72d0-4262-857a-97a9fed6651e","local_time":"20180527231640","is_prod":false,"is_daily":false,"chose_seed":false,"is_ascension_mode":true,"campfire_upgraded":0,"win_rate":0,"timestamp":1527477400,"campfire_choices":[{"floor":7,"key":"REST"},{"floor":12,"key":"REST"},{"floor":15,"key":"REST"}],"path_taken":["M","?","?","?","M","M","R","M","T","M","M","R","?","M","R","BOSS"],"build_version":"2018-05-25","seed_source_timestamp":906326037022696,"purchased_purges":0,"victory":false,"master_deck":["Defend_G","Defend_G","Defend_G","Defend_G","Defend_G","Strike_G","Strike_G","Strike_G","Strike_G","Strike_G","Survivor","Neutralize","Backflip","Dagger Throw","Cloak And Dagger","Injury","Cloak And Dagger","PiercingWail","Cloak And Dagger","Backstab","Backstab","Riddle With Holes"],"max_hp_per_floor":[70,70,70,70,70,70,70,70,70,70,70,70,70,70,70,70],"relics":["Ring of the Snake","Golden Idol","Mercury Hourglass","Art of War"],"card_choices":[{"not_picked":["Deflect","Dodge and Roll"],"picked":"Backflip","floor":0},{"not_picked":["PiercingWail","Accuracy"],"picked":"Dagger Throw","floor":1},{"not_picked":["Dodge and Roll","Finisher"],"picked":"Cloak And Dagger","floor":3},{"not_picked":["Quick Slash","Slice"],"picked":"Cloak And Dagger","floor":5},{"not_picked":["Setup","Reflex"],"picked":"PiercingWail","floor":6},{"not_picked":["Distraction","PiercingWail"],"picked":"Cloak And Dagger","floor":8},{"not_picked":["Masterful Stab","Dagger Throw"],"picked":"Backstab","floor":10},{"not_picked":["Dagger Throw","Dodge and Roll"],"picked":"Backstab","floor":11},{"not_picked":["Bane","Calculated Gamble"],"picked":"Riddle With Holes","floor":14}],"player_experience":380977,"potions_floor_usage":[10,16],"damage_taken":[{"damage":13,"enemies":"Jaw Worm","floor":1,"turns":6},{"damage":0,"enemies":"Cultist","floor":3,"turns":4},{"damage":10,"enemies":"Small Slimes","floor":5,"turns":4},{"damage":10,"enemies":"Exordium Wildlife","floor":6,"turns":6},{"damage":17,"enemies":"Large Slime","floor":8,"turns":10},{"damage":0,"enemies":"2 Fungi Beasts","floor":10,"turns":3},{"damage":0,"enemies":"Looter","floor":11,"turns":2},{"damage":3,"enemies":"Exordium Thugs","floor":14,"turns":5},{"damage":76,"enemies":"Slime Boss","floor":16,"turns":9}],"relics_obtained":[{"floor":9,"key":"Mercury Hourglass"}],"event_choices":[{"event_name":"Golden Shrine","player_choice":"Pray","floor":2,"damage_taken":0},{"event_name":"Golden Idol","player_choice":"Take Wound","floor":4,"damage_taken":0},{"event_name":"Scrap Ooze","player_choice":"success","floor":13,"damage_taken":3}],"boss_relics":[],"items_purged_floors":[],"potions_floor_spawned":[3,5,6,10],"seed_played":"4715571276423366010","killed_by":"Slime Boss","ascension_level":9,"potions_obtained":[{"floor":3,"key":"GhostInAJar"},{"floor":5,"key":"Swift Potion"},{"floor":6,"key":"AttackPotion"},{"floor":10,"key":"SkillPotion"}],"is_trial":false}