{"gold_per_floor":[116,116,116,131,142,142,173,173,173,188,188,205,58,88,88,192,192,212,212,230,10,10,10,10,10,62,95,95,122,141,154,154,252,252,268,279,328,328,339,339,339,339,364,396,413,413,448,25,25,25,25,25,25,55,55],"floor_reached":55,"playtime":2342,"items_purged":["Strike_R","Strike_R"],"score":816,"play_id":"a9e290a8-5d15-4168-a615-9900ca3e61cd","local_time":"20181230142117","is_ascension_mode":false,"campfire_choices":[{"data":"Flame Barrier","floor":6,"key":"SMITH"},{"data":"Bash","floor":8,"key":"SMITH"},{"data":"Sword Boomerang","floor":11,"key":"SMITH"},{"data":"Offering","floor":15,"key":"SMITH"},{"data":"Demon Form","floor":23,"key":"SMITH"},{"data":"Whirlwind","floor":25,"key":"SMITH"},{"data":"Heavy Blade","floor":28,"key":"SMITH"},{"data":"Feel No Pain","floor":32,"key":"SMITH"},{"floor":40,"key":"REST"},{"data":"Madness","floor":42,"key":"SMITH"},{"floor":46,"key":"RECALL"},{"floor":49,"key":"REST"},{"data":"Barricade","floor":52,"key":"SMITH"}],"neow_cost":"NONE","seed_source_timestamp":145633602641140,"circlet_count":0,"master_deck":["Strike_R","Strike_R","Strike_R","Defend_R","Defend_R","Defend_R","Defend_R","Bash+1","Headbutt","Metallicize+1","Sword Boomerang+1","Flame Barrier+1","Offering+1","Demon Form+1","Thunderclap","Feel No Pain+1","Whirlwind+1","Heavy Blade+1","Inflame","Immolate+1","Clothesline+1","Madness+1","Madness+1","Shockwave+1","Battle Trance","Shrug It Off","Barricade+1"],"relics":["Burning Blood","Dodecahedron","Ginger","Self Forming Clay","Happy Flower","Odd Mushroom","Busted Crown","Centennial Puzzle","Bottled Lightning","Oddly Smooth Stone","Blood Vial","Molten Egg 2","Mark of Pain","Magic Flower","Art of War","Mercury Hourglass","Red Skull"],"potions_floor_usage":[14,20,27,30,36,37,39,44,47,50],"damage_taken":[{"damage":2,"enemies":"2 Louse","floor":1,"turns":3},{"damage":0,"enemies":"Cultist","floor":4,"turns":4},{"damage":11,"enemies":"Jaw Worm","floor":5,"turns":4},{"damage":14,"enemies":"3 Sentries","floor":7,"turns":13},{"damage":7,"enemies":"2 Fungi Beasts","floor":10,"turns":3},{"damage":17,"enemies":"Gremlin Gang","floor":12,"turns":3},{"damage":22,"enemies":"The Mushroom Lair","floor":14,"turns":6},{"damage":23,"enemies":"Slime Boss","floor":16,"turns":9},{"damage":6,"enemies":"2 Thieves","floor":18,"turns":4},{"damage":0,"enemies":"Chosen","floor":20,"turns":3},{"damage":6,"enemies":"Slavers","floor":27,"turns":1},{"damage":6,"enemies":"Gremlin Leader","floor":29,"turns":5},{"damage":6,"enemies":"Snake Plant","floor":30,"turns":3},{"damage":6,"enemies":"Shelled Parasite and Fungi","floor":31,"turns":3},{"damage":66,"enemies":"Automaton","floor":33,"turns":7},{"damage":12,"enemies":"Orb Walker","floor":35,"turns":3},{"damage":7,"enemies":"3 Shapes","floor":36,"turns":4},{"damage":21,"enemies":"2 Orb Walkers","floor":37,"turns":3},{"damage":7,"enemies":"Sphere and 2 Shapes","floor":39,"turns":3},{"damage":24,"enemies":"Reptomancer","floor":44,"turns":4},{"damage":4,"enemies":"3 Darklings","floor":45,"turns":3},{"damage":38,"enemies":"Nemesis","floor":47,"turns":5},{"damage":64,"enemies":"Awakened One","floor":50,"turns":9},{"damage":31,"enemies":"Shield and Spear","floor":54,"turns":5},{"damage":64,"enemies":"The Heart","floor":55,"turns":6}],"seed_played":"-7199659813250242960","potions_obtained":[{"floor":1,"key":"FearPotion"},{"floor":10,"key":"Regen Potion"},{"floor":16,"key":"Strength Potion"},{"floor":19,"key":"AttackPotion"},{"floor":19,"key":"PowerPotion"},{"floor":20,"key":"GamblersBrew"},{"floor":29,"key":"SpeedPotion"},{"floor":33,"key":"Regen Potion"},{"floor":36,"key":"Weak Potion"},{"floor":37,"key":"EssenceOfSteel"},{"floor":45,"key":"Swift Potion"}],"is_trial":false,"path_per_floor":["M","?","?","M","M","R","E","R","T","M","R","M","$","?","R","B",null,"M","?","M","$","?","R","T","R","T","E","R","E","M","M","R","B",null,"M","M","?","?","M","R","?","R","T","E","M","R","E","$","R","B",null,"R","$","E","B"],"character_chosen":"IRONCLAD","items_purchased":["Happy Flower","Centennial Puzzle","Battle Trance","Block Potion","Shrug It Off","Barricade"],"campfire_rested":2,"item_purchase_floors":[13,21,48,48,48,48],"current_hp_per_floor":[80,73,73,79,74,74,66,66,66,65,65,54,54,53,53,36,80,80,80,80,80,80,80,80,80,80,80,80,80,80,80,80,20,80,74,80,65,55,60,80,80,80,80,65,73,73,47,47,71,19,80,80,80,58,0],"gold":55,"neow_bonus":"THREE_CARDS","is_prod":false,"is_daily":false,"chose_seed":false,"campfire_upgraded":10,"win_rate":0,"timestamp":1546197677,"path_taken":["M","?","?","M","M","R","E","R","T","M","R","?","$","?","R","BOSS","M","?","?","$","?","R","?","R","T","E","R","E","M","?","R","BOSS","M","M","?","?","M","R","?","R","T","E","?","R","E","$","R","BOSS","R","$","E","BOSS"],"build_version":"2018-12-25","purchased_purges":2,"victory":false,"max_hp_per_floor":[80,80,80,80,80,80,80,80,80,80,80,80,80,80,80,80,80,80,80,80,80,80,80,80,80,80,80,80,80,80,80,80,80,80,80,80,80,80,80,80,80,80,80,80,80,80,80,80,80,80,80,80,80,80,80],"card_choices":[{"not_picked":["Rage","Warcry"],"picked":"Headbutt","floor":0},{"not_picked":["Sword Boomerang","Perfected Strike"],"picked":"Metallicize","floor":1},{"not_picked":["Burning Pact","Power Through"],"picked":"Sword Boomerang","floor":4},{"not_picked":["Perfected Strike","Whirlwind"],"picked":"Flame Barrier","floor":5},{"not_picked":["Rupture","Headbutt","Dual Wield"],"picked":"SKIP","floor":7},{"not_picked":["Headbutt","Power Through","Flex"],"picked":"SKIP","floor":10},{"not_picked":["Body Slam","Shrug It Off"],"picked":"Offering","floor":12},{"not_picked":["Fiend Fire","Reaper"],"picked":"Demon Form","floor":16},{"not_picked":[],"picked":"Thunderclap","floor":18},{"not_picked":[],"picked":"Feel No Pain","floor":20},{"not_picked":[],"picked":"Heavy Blade","floor":27},{"not_picked":["Sever Soul+1"],"picked":"SKIP","floor":29},{"not_picked":[],"picked":"Inflame","floor":30},{"not_picked":["Havoc"],"picked":"SKIP","floor":31},{"not_picked":[],"picked":"Immolate+1","floor":33},{"not_picked":["Carnage+1"],"picked":"SKIP","floor":35},{"not_picked":[],"picked":"Clothesline+1","floor":36},{"not_picked":["Bloodletting+1"],"picked":"SKIP","floor":39},{"not_picked":["Bloodletting"],"picked":"SKIP","floor":44},{"not_picked":["Wild Strike+1"],"picked":"SKIP","floor":45},{"not_picked":[],"picked":"Shockwave+1","floor":47},{"not_picked":["Infernal Blade"],"picked":"SKIP","floor":54}],"player_experience":1077566,"relics_obtained":[{"floor":7,"key":"Ginger"},{"floor":9,"key":"Self Forming Clay"},{"floor":14,"key":"Odd Mushroom"},{"floor":24,"key":"Bottled Lightning"},{"floor":26,"key":"Oddly Smooth Stone"},{"floor":27,"key":"Blood Vial"},{"floor":29,"key":"Molten Egg 2"},{"floor":37,"key":"Magic Flower"},{"floor":44,"key":"Art of War"},{"floor":47,"key":"Mercury Hourglass"},{"floor":54,"key":"Red Skull"}],"event_choices":[{"damage_healed":0,"gold_gain":0,"player_choice":"Success","damage_taken":7,"relics_obtained":["Dodecahedron"],"max_hp_gain":0,"max_hp_loss":0,"event_name":"Scrap Ooze","floor":2,"gold_loss":0},{"damage_healed":0,"gold_gain":0,"player_choice":"Forge","damage_taken":0,"max_hp_gain":0,"max_hp_loss":0,"event_name":"Accursed Blacksmith","floor":3,"gold_loss":0,"cards_upgraded":["Metallicize"]},{"damage_healed":0,"gold_gain":0,"player_choice":"Fought Mushrooms","damage_taken":0,"max_hp_gain":0,"max_hp_loss":0,"event_name":"Mushrooms","floor":14,"gold_loss":0},{"damage_healed":0,"gold_gain":0,"player_choice":"Got Potions","damage_taken":0,"max_hp_gain":0,"max_hp_loss":0,"event_name":"Lab","floor":19,"gold_loss":0},{"damage_healed":0,"gold_gain":0,"player_choice":"Read","damage_taken":0,"max_hp_gain":0,"max_hp_loss":0,"event_name":"The Library","floor":22,"gold_loss":0,"cards_obtained":["Whirlwind"]},{"damage_healed":0,"gold_gain":0,"player_choice":"Fight","damage_taken":0,"max_hp_gain":0,"max_hp_loss":0,"event_name":"Mysterious Sphere","floor":37,"gold_loss":0},{"damage_healed":0,"gold_gain":0,"player_choice":"Embrace Madness","damage_taken":10,"max_hp_gain":0,"max_hp_loss":0,"event_name":"Winding Halls","floor":38,"gold_loss":0,"cards_obtained":["Madness","Madness"]},{"damage_healed":0,"gold_gain":0,"player_choice":"Upgraded","damage_taken":0,"max_hp_gain":0,"max_hp_loss":0,"event_name":"Upgrade Shrine","floor":41,"gold_loss":0,"cards_upgraded":["Madness"]}],"is_beta":true,"boss_relics":[{"not_picked":["Tiny House","Eternal Feather"],"picked":"Busted Crown"},{"not_picked":["White Beast Statue","Orrery"],"picked":"Mark of Pain"}],"items_purged_floors":[21,48],"is_endless":false,"potions_floor_spawned":[1,10,16,20,29,33,36,37,45],"killed_by":"The Heart","ascension_level":0}