{"path_per_floor":["M","?","M","?","M","E","M","R","T","E","R","$","E","?","R","B",null,"M","?","M","$","?","R","E","M","T","R","M","$","E","$","R","B",null,"M","?","?","M","?","R","M","R","T","?","$","R","M","$","R","B"],"character_chosen":"IRONCLAD","items_purchased":["Shovel","Apotheosis","Mummified Hand","Feel No Pain","Ancient Tea Set"],"gold_per_floor":[113,188,199,199,213,238,248,248,293,319,319,22,47,47,47,145,145,165,165,180,105,105,405,438,454,477,477,491,210,242,2,2,101,101,113,113,113,133,183,183,200,200,200,200,7,7,19,19,19,19],"floor_reached":51,"campfire_rested":3,"playtime":2437,"current_hp_per_floor":[80,69,75,68,74,52,25,49,49,40,79,79,52,52,82,42,84,70,70,62,62,58,58,39,60,60,60,54,54,60,60,60,57,60,65,57,57,65,45,45,68,68,68,68,68,68,77,77,91,60],"items_purged":["Writhe","Defend_R"],"gold":19,"score":840,"play_id":"92a81250-8da1-4fb7-947d-fe33e4343081","local_time":"20180401194310","is_prod":false,"is_daily":false,"is_ascension_mode":true,"campfire_upgraded":0,"timestamp":1522626190,"path_taken":["M","?","?","?","M","E","M","R","T","E","R","$","E","?","R","BOSS","M","?","?","?","?","R","E","?","T","R","M","$","E","$","R","BOSS","M","?","?","M","?","R","M","R","T","?","?","R","?","$","R","BOSS"],"build_version":"2018-03-29","purchased_purges":2,"victory":true,"master_deck":["Defend_R","Defend_R+1","Defend_R","Bash","Clothesline","Armaments","Shrug It Off","Power Through+1","Battle Trance","Anger","Disarm","Cleave+1","Headbutt+1","Bite","Bite","Bite","Bite","Bite","Reaper","Shrug It Off","Apotheosis","Demon Form","Feed","Madness","Shrug It Off+1","Body Slam+1","Feel No Pain+1"],"max_hp_per_floor":[80,80,80,80,80,82,82,82,82,82,82,82,82,82,82,84,84,84,84,84,84,58,58,58,60,60,60,60,60,60,60,60,60,60,65,65,65,65,71,71,71,71,71,71,71,71,77,77,91,91],"relics":["Black Blood","NeowsBlessing","Kunai","Singing Bowl","Orichalcum","Regal Pillow","Shovel","Vajra","Sozu","Bird Faced Urn","Old Coin","War Paint","Pen Nib","Dream Catcher","Bronze Scales","Mummified Hand","Frozen Egg 2","Thread and Needle","Blue Candle","Anchor","Dodecahedron","Ancient Tea Set","Mercury Hourglass","Mango"],"card_choices":[{"not_picked":["Clash","Exhume"],"picked":"Clothesline","floor":1},{"not_picked":["Pummel","Dual Wield"],"picked":"Armaments","floor":3},{"not_picked":["Power Through","Pummel"],"picked":"Shrug It Off","floor":5},{"not_picked":["Inflame","Entrench"],"picked":"Power Through","floor":7},{"not_picked":["Juggernaut","Reaper"],"picked":"Battle Trance","floor":10},{"not_picked":["Spot Weakness","Iron Wave"],"picked":"Anger","floor":13},{"not_picked":["Sentinel","Clash"],"picked":"Cleave","floor":18},{"not_picked":["Iron Wave","Twin Strike"],"picked":"Headbutt","floor":20},{"not_picked":["Rupture","Uppercut"],"picked":"Reaper","floor":24},{"not_picked":["Armaments","Clothesline"],"picked":"Shrug It Off","floor":28},{"not_picked":["Corruption","Seeing Red"],"picked":"Demon Form","floor":30},{"not_picked":["Double Tap","Exhume"],"picked":"Feed","floor":33},{"not_picked":["Blood for Blood","Power Through"],"picked":"Shrug It Off","floor":38},{"not_picked":["Iron Wave","Clothesline"],"picked":"Body Slam","floor":41}],"player_experience":73963,"potions_floor_usage":[7,13,24,25],"damage_taken":[{"damage":0,"enemies":"Small Slimes","floor":1,"turns":1},{"damage":0,"enemies":"2 Louse","floor":3,"turns":1},{"damage":0,"enemies":"Cultist","floor":5,"turns":1},{"damage":30,"enemies":"3 Sentries","floor":6,"turns":14},{"damage":33,"enemies":"Exordium Wildlife","floor":7,"turns":8},{"damage":15,"enemies":"Gremlin Nob","floor":10,"turns":6},{"damage":33,"enemies":"Lagavulin","floor":13,"turns":7},{"damage":48,"enemies":"Slime Boss","floor":16,"turns":17},{"damage":20,"enemies":"3 Byrds","floor":18,"turns":10},{"damage":14,"enemies":"Chosen","floor":20,"turns":5},{"damage":33,"enemies":"Slavers","floor":24,"turns":6},{"damage":5,"enemies":"Snecko","floor":25,"turns":6},{"damage":24,"enemies":"Slaver and Parasite","floor":28,"turns":7},{"damage":13,"enemies":"Gremlin Leader","floor":30,"turns":6},{"damage":17,"enemies":"Champ","floor":33,"turns":10},{"damage":0,"enemies":"3 Shapes","floor":35,"turns":5},{"damage":32,"enemies":"3 Darklings","floor":38,"turns":7},{"damage":65,"enemies":"Mysterious Sphere","floor":39,"turns":9},{"damage":21,"enemies":"4 Shapes","floor":41,"turns":8},{"damage":0,"enemies":"Flame Bruiser 2 Orb","floor":47,"turns":7},{"damage":63,"enemies":"Donu and Deca","floor":50,"turns":11}],"event_choices":[{"event_name":"World of Goop","player_choice":"Gather Gold","floor":2,"damage_taken":0},{"event_name":"Scrap Ooze","player_choice":"success","floor":4,"damage_taken":7},{"event_name":"Match and Keep!","player_choice":"1 cards matched","floor":14,"damage_taken":0},{"event_name":"The Mausoleum","player_choice":"Yes","floor":19,"damage_taken":0},{"event_name":"Vampires","player_choice":"Became a vampire","floor":22,"damage_taken":0},{"event_name":"Winding Halls","player_choice":"Embrace Madness","floor":36,"damage_taken":0},{"event_name":"Mysterious Sphere","player_choice":"Fight","floor":39,"damage_taken":0},{"event_name":"Tomb of Lord Red Mask","player_choice":"Ignored","floor":44,"damage_taken":0}],"boss_relics":[{"not_picked":["Lizard Tail","Cursed Key"],"picked":"Sozu"},{"not_picked":["Pandora\u0027s Box","Runic Cube"],"picked":"Black Blood"}],"potions_floor_spawned":[3,5,7,10,20,24,30,33,35,38,39],"seed_played":"3031050431070012175","ascension_level":2,"is_trial":false}