{"gold_per_floor":[115,190,67,87,87,87,9,9,35,69,19,19,98,129,129,129],"floor_reached":16,"playtime":473,"items_purged":["Clumsy"],"score":166,"play_id":"f5735abe-7e2f-423e-82f0-6a83af21087a","local_time":"20181215200653","is_ascension_mode":true,"campfire_choices":[{"data":"Shockwave","floor":6,"key":"SMITH"},{"floor":8,"key":"REST"},{"data":"Whirlwind","floor":15,"key":"SMITH"}],"neow_cost":"CURSE","seed_source_timestamp":29718675858514,"circlet_count":0,"master_deck":["AscendersBane","Strike_R","Strike_R","Strike_R","Defend_R","Defend_R","Defend_R","Bash","Anger+1","Shockwave+1","Uppercut+1","True Grit","Whirlwind+1","Corruption","Shrug It Off"],"relics":["Burning Blood","Whetstone","Frozen Egg 2","Singing Bowl"],"potions_floor_usage":[],"damage_taken":[{"damage":10,"enemies":"Small Slimes","floor":1,"turns":3},{"damage":4,"enemies":"2 Louse","floor":4,"turns":3},{"damage":14,"enemies":"Gremlin Nob","floor":10,"turns":4},{"damage":35,"enemies":"3 Sentries","floor":14,"turns":10},{"damage":54,"enemies":"Slime Boss","floor":16,"turns":7}],"seed_played":"-6981265603959434868","potions_obtained":[{"floor":4,"key":"Swift Potion"},{"floor":14,"key":"LiquidBronze"}],"is_trial":false,"path_per_floor":["M","?","$","M","?","R","$","R","T","E","?","$","?","E","R","B"],"character_chosen":"IRONCLAD","items_purchased":["True Grit","Corruption"],"campfire_rested":1,"item_purchase_floors":[3,7],"current_hp_per_floor":[68,57,57,59,64,64,64,85,85,77,77,77,77,50,50,0],"gold":129,"neow_bonus":"TRANSFORM_TWO_CARDS","is_prod":false,"is_daily":false,"chose_seed":false,"campfire_upgraded":2,"win_rate":0,"timestamp":1544922413,"path_taken":["M","?","$","M","?","R","?","R","T","E","?","$","?","E","R","BOSS"],"build_version":"2018-12-13","purchased_purges":1,"victory":false,"max_hp_per_floor":[80,80,80,80,85,85,85,85,85,85,85,85,85,87,87,87],"card_choices":[{"not_picked":["Warcry","Pommel Strike"],"picked":"Uppercut","floor":1},{"not_picked":["Armaments","Heavy Blade"],"picked":"Whirlwind","floor":4},{"not_picked":["Iron Wave","Cleave"],"picked":"Shrug It Off","floor":10},{"not_picked":["True Grit","Iron Wave","Seeing Red"],"picked":"Singing Bowl","floor":14}],"player_experience":979136,"relics_obtained":[{"floor":9,"key":"Whetstone"},{"floor":10,"key":"Frozen Egg 2"},{"floor":14,"key":"Singing Bowl"}],"event_choices":[{"damage_healed":0,"gold_gain":75,"player_choice":"Gather Gold","damage_taken":11,"max_hp_gain":0,"max_hp_loss":0,"event_name":"World of Goop","floor":2,"gold_loss":0},{"damage_healed":0,"gold_gain":0,"player_choice":"Donut","damage_taken":0,"max_hp_gain":5,"max_hp_loss":0,"event_name":"Big Fish","floor":5,"gold_loss":0},{"cards_removed":["Strike_R"],"damage_healed":0,"gold_gain":0,"player_choice":"Card Removal","damage_taken":0,"max_hp_gain":0,"max_hp_loss":0,"event_name":"The Cleric","floor":11,"gold_loss":50},{"damage_healed":0,"gold_gain":79,"player_choice":"Gained Gold","damage_taken":0,"max_hp_gain":0,"max_hp_loss":0,"event_name":"Golden Wing","floor":13,"gold_loss":0}],"is_beta":true,"boss_relics":[],"items_purged_floors":[3],"is_endless":false,"potions_floor_spawned":[4,14],"killed_by":"Slime Boss","ascension_level":12}