{"gold_per_floor":[116,133,133,208,218,218,246,258,258,258,258,258,258,270,270,365,365,382,152,252,271,285,347,347,358,358,358,358,358],"floor_reached":29,"playtime":876,"items_purged":["Strike_B"],"score":377,"play_id":"4a02573b-8f45-4ce5-aea7-b3c33d2f950b","local_time":"20181228195241","is_ascension_mode":true,"campfire_choices":[{"data":"Zap","floor":6,"key":"SMITH"},{"floor":10,"key":"REST"},{"data":"Creative AI","floor":13,"key":"SMITH"},{"data":"Dualcast","floor":15,"key":"SMITH"},{"floor":24,"key":"REST"}],"neow_cost":"NONE","seed_source_timestamp":6089415891376,"circlet_count":0,"master_deck":["AscendersBane","Strike_B","Strike_B","Strike_B","Defend_B","Defend_B","Defend_B","Defend_B","Zap+1","Dualcast+1","Self Repair","Doom and Gloom+1","Beam Cell","Creative AI+1","Conserve Battery","Ball Lightning","Electrodynamics","Force Field+1","Conserve Battery","Recycle","Turbo","Writhe","Necronomicurse"],"relics":["Cracked Core","Regal Pillow","Shuriken","Question Card","Letter Opener","Velvet Choker","Orichalcum","Tiny Chest","Pen Nib","Strawberry","Necronomicon"],"potions_floor_usage":[16,21,22,23],"damage_taken":[{"damage":8,"enemies":"2 Louse","floor":1,"turns":2},{"damage":10,"enemies":"Small Slimes","floor":2,"turns":3},{"damage":0,"enemies":"Cultist","floor":5,"turns":4},{"damage":35,"enemies":"Lagavulin","floor":7,"turns":6},{"damage":6,"enemies":"2 Fungi Beasts","floor":8,"turns":3},{"damage":11,"enemies":"3 Louse","floor":14,"turns":2},{"damage":33,"enemies":"Slime Boss","floor":16,"turns":4},{"damage":2,"enemies":"Chosen","floor":18,"turns":3},{"damage":11,"enemies":"Shell Parasite","floor":21,"turns":3},{"damage":11,"enemies":"Snecko","floor":22,"turns":5},{"damage":65,"enemies":"Gremlin Leader","floor":23,"turns":7},{"damage":17,"enemies":"Centurion and Healer","floor":25,"turns":7},{"damage":33,"enemies":"Snake Plant","floor":29,"turns":3}],"seed_played":"146212698238441251","potions_obtained":[{"floor":1,"key":"Energy Potion"},{"floor":2,"key":"Dexterity Potion"},{"floor":7,"key":"Strength Potion"},{"floor":14,"key":"Strength Potion"},{"floor":18,"key":"Regen Potion"},{"floor":21,"key":"Regen Potion"}],"is_trial":false,"path_per_floor":["M","M","?","?","M","R","E","M","T","R","?","?","R","M","R","B",null,"M","$","?","M","M","E","R","M","T","?","?","M"],"character_chosen":"DEFECT","items_purchased":["Orichalcum"],"campfire_rested":2,"item_purchase_floors":[19],"current_hp_per_floor":[60,57,57,46,53,53,25,26,26,63,63,60,60,49,49,23,62,60,60,60,65,66,8,45,35,35,42,26,0],"gold":358,"neow_bonus":"RANDOM_COMMON_RELIC","is_prod":false,"is_daily":false,"chose_seed":false,"campfire_upgraded":3,"win_rate":0,"timestamp":1546044761,"path_taken":["M","M","?","?","M","R","E","M","T","R","?","?","R","M","R","BOSS","M","$","?","?","M","E","R","M","T","?","?","M"],"build_version":"2018-12-25","purchased_purges":1,"victory":false,"max_hp_per_floor":[75,75,75,75,75,75,75,75,75,75,75,75,75,75,75,75,75,75,75,75,75,75,75,75,75,75,82,82,82],"card_choices":[{"not_picked":["Static Discharge","Steam Power"],"picked":"Self Repair","floor":1},{"not_picked":["Hello World","FTL"],"picked":"Doom and Gloom","floor":2},{"not_picked":["Steam","Gash"],"picked":"Beam Cell","floor":5},{"not_picked":["Genetic Algorithm","Compile Driver"],"picked":"Creative AI","floor":7},{"not_picked":["Coolheaded","Loop"],"picked":"Conserve Battery","floor":8},{"not_picked":["Sweeping Beam","Lockon","Streamline"],"picked":"Ball Lightning","floor":14},{"not_picked":["Hyperbeam","Meteor Strike","Fission"],"picked":"Electrodynamics","floor":16},{"not_picked":["Conserve Battery","Rebound","Go for the Eyes+1"],"picked":"Force Field+1","floor":18},{"not_picked":["Auto Shields","FTL","Capacitor"],"picked":"Conserve Battery","floor":21},{"not_picked":["Steam Power","Stack","Streamline","Aggregate"],"picked":"SKIP","floor":22},{"not_picked":["Coolheaded","Leap","Amplify"],"picked":"Recycle","floor":23},{"not_picked":["Storm","Redo","Stack+1"],"picked":"Turbo","floor":25}],"player_experience":1049750,"relics_obtained":[{"floor":7,"key":"Shuriken"},{"floor":9,"key":"Question Card"},{"floor":23,"key":"Tiny Chest"},{"floor":26,"key":"Pen Nib"},{"floor":28,"key":"Necronomicon"}],"event_choices":[{"damage_healed":0,"gold_gain":0,"player_choice":"Grow","damage_taken":0,"max_hp_gain":0,"max_hp_loss":0,"event_name":"Living Wall","floor":3,"gold_loss":0,"cards_upgraded":["Doom and Gloom"]},{"damage_healed":0,"gold_gain":75,"player_choice":"Gather Gold","damage_taken":11,"max_hp_gain":0,"max_hp_loss":0,"event_name":"World of Goop","floor":4,"gold_loss":0},{"damage_healed":0,"gold_gain":0,"player_choice":"Ignored","damage_taken":0,"max_hp_gain":0,"max_hp_loss":0,"event_name":"Liars Game","floor":11,"gold_loss":0},{"damage_healed":0,"gold_gain":0,"player_choice":"Success","damage_taken":3,"relics_obtained":["Letter Opener"],"max_hp_gain":0,"max_hp_loss":0,"event_name":"Scrap Ooze","floor":12,"gold_loss":0},{"damage_healed":0,"gold_gain":100,"player_choice":"Pray","damage_taken":0,"max_hp_gain":0,"max_hp_loss":0,"event_name":"Golden Shrine","floor":20,"gold_loss":0},{"damage_healed":0,"gold_gain":0,"player_choice":"Opened","damage_taken":0,"relics_obtained":["Strawberry"],"max_hp_gain":0,"max_hp_loss":0,"event_name":"The Mausoleum","floor":27,"gold_loss":0,"cards_obtained":["Writhe"]},{"damage_healed":0,"gold_gain":0,"player_choice":"Obtained Book","damage_taken":16,"max_hp_gain":0,"max_hp_loss":0,"event_name":"Cursed Tome","floor":28,"gold_loss":0}],"is_beta":true,"boss_relics":[{"not_picked":["Runic Dome","Eternal Feather"],"picked":"Velvet Choker"}],"items_purged_floors":[19],"is_endless":false,"potions_floor_spawned":[1,2,7,14,18,21],"killed_by":"Snake Plant","ascension_level":11}