{"path_per_floor":["M","M","?","M","?","R","E","M","T","M","$","R","T","M","R","B",null,"M","?","M","?","?","R"],"character_chosen":"THE_SILENT","items_purchased":["Juzu Bracelet"],"gold_per_floor":[109,129,129,139,139,139,167,178,203,214,60,60,60,70,70,173,173,189,189,205,205,205,205,205],"floor_reached":24,"campfire_rested":1,"playtime":1701,"current_hp_per_floor":[70,67,67,67,60,60,40,40,40,40,40,61,61,60,60,19,70,68,68,60,44,67,67,0],"items_purged":[],"gold":205,"score":196,"play_id":"ed18649c-46a0-4b72-9a7b-d9264ef75b71","local_time":"20180331200411","is_prod":false,"is_daily":false,"is_ascension_mode":false,"campfire_upgraded":3,"timestamp":1522541051,"path_taken":["M","M","?","M","?","R","E","M","T","M","$","R","?","M","R","BOSS","M","?","M","?","?","R","E"],"build_version":"2018-03-29","purchased_purges":0,"victory":false,"master_deck":["Defend_G","Defend_G","Defend_G","Defend_G","Defend_G","Strike_G","Strike_G","Strike_G","Strike_G","Strike_G","Survivor","Neutralize+1","Leg Sweep+1","Dagger Throw","Cloak And Dagger+1","Cloak And Dagger+1","Flying Knee","Dagger Throw","Doppelganger","Dagger Spray","Die Die Die","Dodge and Roll+1","Necronomicurse"],"max_hp_per_floor":[70,70,70,70,70,70,70,70,70,70,70,70,70,70,70,70,70,70,70,70,70,70,70,70],"relics":["Ring of the Snake","Art of War","Dream Catcher","Bag of Marbles","Juzu Bracelet","Regal Pillow","Cursed Key","Necronomicon"],"card_choices":[{"not_picked":["Sucker Punch","Bouncing Flask"],"picked":"Leg Sweep","floor":1},{"not_picked":["Calculated Gamble","Masterful Stab"],"picked":"Dagger Throw","floor":2},{"not_picked":["Deflect","All Out Attack"],"picked":"Cloak And Dagger","floor":4},{"not_picked":["Accuracy","Dash"],"picked":"Cloak And Dagger","floor":7},{"not_picked":["Dodge and Roll","Underhanded Strike"],"picked":"Flying Knee","floor":8},{"not_picked":["Bane","Expertise"],"picked":"Dagger Throw","floor":10},{"not_picked":["All Out Attack","Deflect"],"picked":"Doppelganger","floor":12},{"not_picked":["Acrobatics","Deadly Poison"],"picked":"Dagger Spray","floor":14},{"not_picked":["Phantasmal Killer","Corpse Explosion"],"picked":"Die Die Die","floor":16},{"not_picked":["Bane","Prepared"],"picked":"Dodge and Roll","floor":20}],"player_experience":41521,"potions_floor_usage":[7,16,18,24],"damage_taken":[{"damage":0,"enemies":"Jaw Worm","floor":1,"turns":4},{"damage":3,"enemies":"Cultist","floor":2,"turns":7},{"damage":0,"enemies":"Small Slimes","floor":4,"turns":4},{"damage":20,"enemies":"Lagavulin","floor":7,"turns":10},{"damage":0,"enemies":"Blue Slaver","floor":8,"turns":5},{"damage":0,"enemies":"Looter","floor":10,"turns":2},{"damage":1,"enemies":"Large Slime","floor":14,"turns":9},{"damage":41,"enemies":"The Guardian","floor":16,"turns":15},{"damage":2,"enemies":"2 Thieves","floor":18,"turns":3},{"damage":8,"enemies":"Chosen","floor":20,"turns":6},{"damage":69,"enemies":"Gremlin Leader","floor":24,"turns":11}],"event_choices":[{"event_name":"Accursed Blacksmith","player_choice":"Forge","floor":3,"damage_taken":0},{"event_name":"Golden Wing","player_choice":"Card Removal","floor":5,"damage_taken":0},{"event_name":"Drug Dealer","player_choice":"Ignored","floor":19,"damage_taken":0},{"event_name":"Cursed Tome","player_choice":"Obtained Book","floor":21,"damage_taken":0},{"event_name":"The Library","player_choice":"Heal","floor":22,"damage_taken":0}],"boss_relics":[{"not_picked":["Calling Bell","The Specimen"],"picked":"Cursed Key"}],"potions_floor_spawned":[2,7,10,16],"seed_played":"-3982643852472523689","killed_by":"Gremlin Leader","ascension_level":0,"is_trial":false}