{"gold_per_floor":[113,131,145,15,90,90,115,115,187,187,219,219,219,251,251,324,324,336,67,79,22,38,38,73,73,120,139,167,10,10,41,41,117,117,136,154,5,105,117,117,0,33,33,33,33,52,52,101,101,101,101,101,101,14,41,41],"floor_reached":56,"playtime":3506,"items_purged":["Strike_R","Barricade","Combust"],"score":1894,"play_id":"f290e432-79ca-45cc-9279-ffb72de099ed","local_time":"20190117231150","is_ascension_mode":true,"campfire_choices":[{"data":"Bash","floor":6.0,"key":"SMITH"},{"data":"Rampage","floor":10.0,"key":"SMITH"},{"data":"Immolate","floor":13.0,"key":"SMITH"},{"data":"Iron Wave","floor":15.0,"key":"SMITH"},{"data":"Havoc","floor":23.0,"key":"SMITH"},{"floor":25.0,"key":"REST"},{"data":"Shrug It Off","floor":32.0,"key":"SMITH"},{"floor":40.0,"key":"REST"},{"floor":44.0,"key":"REST"},{"floor":45.0,"key":"REST"},{"floor":47.0,"key":"REST"},{"floor":49.0,"key":"RECALL"},{"floor":53,"key":"REST"}],"neow_cost":"TEN_PERCENT_HP_LOSS","seed_source_timestamp":89855014364540,"circlet_count":0,"master_deck":["AscendersBane","Defend_R","Defend_R","Defend_R","Defend_R","Bash+1","Iron Wave+1","Anger","Rampage+1","Immolate+1","Searing Blow+1","Thunderclap+1","Fire Breathing+1","Headbutt+1","Shrug It Off","Havoc+1","Shrug It Off+1","Double Tap+1","Shrug It Off+1","Fiend Fire","Disarm+1","Limit Break+1","Disarm+1","True Grit+1","Ghostly Armor+1","Feel No Pain","Dark Embrace"],"special_seed":0,"relics":["Burning Blood","Ginger","Smiling Mask","Ornamental Fan","Paper Frog","Pantograph","Astrolabe","Pen Nib","Toxic Egg 2","Lantern","WingedGreaves","Happy Flower","Vajra","Fusion Hammer","Dead Branch","Red Mask","Sundial","Magic Flower","Blood Vial"],"potions_floor_usage":[],"damage_taken":[{"damage":2.0,"enemies":"Cultist","floor":1.0,"turns":4.0},{"damage":9.0,"enemies":"Jaw Worm","floor":2.0,"turns":4.0},{"damage":3.0,"enemies":"2 Louse","floor":3.0,"turns":3.0},{"damage":15.0,"enemies":"Lagavulin","floor":7.0,"turns":5.0},{"damage":17.0,"enemies":"3 Sentries","floor":11.0,"turns":9.0},{"damage":13.0,"enemies":"Lagavulin","floor":14.0,"turns":7.0},{"damage":35.0,"enemies":"Slime Boss","floor":16.0,"turns":4.0},{"damage":33.0,"enemies":"Shell Parasite","floor":18.0,"turns":4.0},{"damage":0.0,"enemies":"3 Byrds","floor":20.0,"turns":4.0},{"damage":0.0,"enemies":"3 Cultists","floor":22.0,"turns":1.0},{"damage":25.0,"enemies":"Book of Stabbing","floor":24.0,"turns":3.0},{"damage":0.0,"enemies":"Snake Plant","floor":27.0,"turns":1.0},{"damage":31.0,"enemies":"Slavers","floor":28.0,"turns":4.0},{"damage":17.0,"enemies":"Gremlin Leader","floor":31.0,"turns":3.0},{"damage":27.0,"enemies":"Automaton","floor":33.0,"turns":8.0},{"damage":0.0,"enemies":"Orb Walker","floor":35.0,"turns":2.0},{"damage":0.0,"enemies":"3 Shapes","floor":36.0,"turns":3.0},{"damage":0.0,"enemies":"Mind Bloom Boss Battle","floor":38.0,"turns":4.0},{"damage":23.0,"enemies":"Maw","floor":39.0,"turns":6.0},{"damage":60.0,"enemies":"Nemesis","floor":42.0,"turns":9.0},{"damage":15.0,"enemies":"Jaw Worm Horde","floor":46.0,"turns":2.0},{"damage":16.0,"enemies":"2 Orb Walkers","floor":48.0,"turns":3.0},{"damage":59.0,"enemies":"Time Eater","floor":50.0,"turns":16.0},{"damage":22,"enemies":"Awakened One","floor":51,"turns":12},{"damage":67,"enemies":"Shield and Spear","floor":55,"turns":6},{"damage":71,"enemies":"The Heart","floor":56,"turns":3}],"seed_played":"4064340465451626256","potions_obtained":[{"floor":3.0,"key":"Fire Potion"},{"floor":7.0,"key":"SpeedPotion"},{"floor":11.0,"key":"Fire Potion"},{"floor":20.0,"key":"SpeedPotion"},{"floor":27.0,"key":"Regen Potion"},{"floor":28.0,"key":"Explosive Potion"},{"floor":36.0,"key":"PowerPotion"},{"floor":46.0,"key":"SpeedPotion"}],"is_trial":false,"path_per_floor":["M","M","M","$","?","R","E","?","T","R","E","?","R","E","R","B",null,"M","$","M","$","M","R","E","R","T","M","E","$","?","E","R","B",null,"M","M","$","?","M","R","?","E","T","R","R","M","R","?","R","B","B",null,"R","$","E","B"],"character_chosen":"IRONCLAD","items_purchased":["Strength Potion","Pen Nib","Shrug It Off","Energy Potion","Happy Flower","Limit Break+1","Feel No Pain"],"campfire_rested":6,"item_purchase_floors":[4,19,19,21,29,37,54],"current_hp_per_floor":[68,65,68,68,57,57,48,48,48,48,37,37,37,30,30,26,58,31,31,37,37,43,43,24,44,44,50,37,37,37,26,26,30,59,65,68,68,68,51,68,68,14,14,34,54,45,65,55,55,18,43,62,68,68,10,0],"gold":41,"neow_bonus":"ONE_RARE_RELIC","is_prod":false,"is_daily":false,"chose_seed":false,"campfire_upgraded":6,"win_rate":0,"timestamp":1547795510,"path_taken":["M","M","M","?","?","R","E","?","T","R","E","?","R","E","R","BOSS","M","$","M","$","M","R","E","R","T","?","E","$","?","E","R","BOSS","M","M","$","?","M","R","?","E","T","R","R","M","R","?","R","BOSS","BOSS","R","$","E","BOSS"],"build_version":"2019-01-16","purchased_purges":3,"victory":false,"max_hp_per_floor":[68,68,68,68,68,68,68,68,68,68,68,68,68,68,68,68,68,68,68,68,68,68,68,68,68,68,68,68,68,68,68,68,68,68,68,68,68,68,68,68,68,68,68,68,68,68,68,68,68,68,68,68,68,68,68,68],"card_choices":[{"not_picked":["Dropkick","Flex"],"picked":"Iron Wave","floor":1.0},{"not_picked":["Heavy Blade","Clash"],"picked":"Anger","floor":2.0},{"not_picked":["Shrug It Off","Anger"],"picked":"Rampage","floor":3.0},{"not_picked":["Pummel","Seeing Red","Warcry"],"picked":"SKIP","floor":7.0},{"not_picked":["Flame Barrier","Combust"],"picked":"Immolate","floor":11.0},{"not_picked":["Body Slam","Carnage","Reckless Charge"],"picked":"SKIP","floor":14.0},{"not_picked":["Exhume","Dark Embrace"],"picked":"Barricade","floor":16.0},{"not_picked":["Clash","Warcry"],"picked":"Headbutt+1","floor":18.0},{"not_picked":["Body Slam","Headbutt"],"picked":"Havoc","floor":20.0},{"not_picked":["Twin Strike","Feel No Pain"],"picked":"Shrug It Off","floor":22.0},{"not_picked":["Twin Strike","Metallicize"],"picked":"Double Tap","floor":24.0},{"not_picked":["Clash","Perfected Strike"],"picked":"Combust","floor":27.0},{"not_picked":["Fiend Fire","Armaments+1"],"picked":"Shrug It Off+1","floor":28.0},{"not_picked":["Berserk","Anger","Heavy Blade"],"picked":"SKIP","floor":31.0},{"not_picked":["Immolate","Exhume+1"],"picked":"Fiend Fire","floor":33.0},{"not_picked":["Second Wind+1","Headbutt","Flex+1"],"picked":"SKIP","floor":35.0},{"not_picked":["Power Through+1","Armaments+1"],"picked":"Disarm+1","floor":36.0},{"not_picked":["Second Wind+1","Body Slam"],"picked":"Disarm+1","floor":38.0},{"not_picked":["Fire Breathing","Pommel Strike","Uppercut"],"picked":"SKIP","floor":39.0},{"not_picked":["Clothesline+1","Seeing Red+1","Cleave+1"],"picked":"SKIP","floor":42.0},{"not_picked":["Headbutt","Flex+1"],"picked":"True Grit+1","floor":46.0},{"not_picked":["Flex+1","Sever Soul"],"picked":"Ghostly Armor+1","floor":48.0},{"not_picked":["Rampage+1","Twin Strike"],"picked":"Dark Embrace","floor":55}],"player_experience":1250391,"relics_obtained":[{"floor":7.0,"key":"Smiling Mask"},{"floor":9.0,"key":"Ornamental Fan"},{"floor":11.0,"key":"Paper Frog"},{"floor":14.0,"key":"Pantograph"},{"floor":24.0,"key":"Toxic Egg 2"},{"floor":26.0,"key":"Lantern"},{"floor":28.0,"key":"WingedGreaves"},{"floor":31.0,"key":"Vajra"},{"floor":38.0,"key":"Dead Branch"},{"floor":42.0,"key":"Sundial"},{"floor":48.0,"key":"Magic Flower"},{"floor":55,"key":"Blood Vial"}],"event_choices":[{"damage_healed":0.0,"max_hp_gain":0.0,"max_hp_loss":0.0,"gold_gain":75.0,"event_name":"World of Goop","player_choice":"Gather Gold","floor":5.0,"gold_loss":0.0,"damage_taken":11.0},{"damage_healed":0.0,"max_hp_gain":0.0,"max_hp_loss":0.0,"gold_gain":0.0,"event_name":"Liars Game","player_choice":"Ignored","floor":8.0,"gold_loss":0.0,"damage_taken":0.0},{"cards_removed":["Strike_R"],"damage_healed":0.0,"max_hp_gain":0.0,"max_hp_loss":0.0,"gold_gain":0.0,"event_name":"Purifier","player_choice":"Purged","floor":12.0,"gold_loss":0.0,"damage_taken":0.0},{"damage_healed":0.0,"max_hp_gain":0.0,"max_hp_loss":0.0,"gold_gain":0.0,"event_name":"The Mausoleum","player_choice":"Ignored","floor":30.0,"gold_loss":0.0,"damage_taken":0.0},{"damage_healed":0.0,"max_hp_gain":0.0,"max_hp_loss":0.0,"gold_gain":0.0,"event_name":"MindBloom","player_choice":"Fight","floor":38.0,"gold_loss":0.0,"damage_taken":0.0},{"damage_healed":0.0,"max_hp_gain":0.0,"max_hp_loss":0.0,"gold_gain":0.0,"event_name":"Tomb of Lord Red Mask","player_choice":"Paid","floor":41.0,"gold_loss":117.0,"damage_taken":0.0,"relics_obtained":["Red Mask"]},{"damage_healed":0.0,"max_hp_gain":0.0,"max_hp_loss":0.0,"gold_gain":0.0,"event_name":"Mysterious Sphere","player_choice":"Fight","floor":48.0,"gold_loss":0.0,"damage_taken":0.0}],"is_beta":true,"boss_relics":[{"not_picked":["Busted Crown","Calling Bell"],"picked":"Astrolabe"},{"not_picked":["Orrery","Black Blood"],"picked":"Fusion Hammer"}],"items_purged_floors":[4,19,54],"is_endless":false,"potions_floor_spawned":[3,7,11,20,27,28,35,36,46],"killed_by":"The Heart","ascension_level":20}