{"gold_per_floor":[115,129,129,148,148,148,167,167,193,29,29,5,36,47,47,151,151,167,137,137,33,33,33,33],"floor_reached":24,"playtime":1158,"items_purged":[],"score":335,"play_id":"91abc7e0-279e-4c8c-aed7-d2de9fdf616a","local_time":"20181215211607","is_ascension_mode":true,"campfire_choices":[{"data":"Bash","floor":6,"key":"SMITH"},{"data":"True Grit","floor":8,"key":"SMITH"},{"data":"Demon Form","floor":15,"key":"SMITH"},{"floor":23,"key":"REST"}],"neow_cost":"CURSE","seed_source_timestamp":33163754706876,"circlet_count":0,"master_deck":["AscendersBane","Strike_R","Strike_R","Strike_R","Strike_R+1","Defend_R","Defend_R+1","Defend_R","Defend_R","Bash+1","Doubt","Metallicize","Pommel Strike","Shrug It Off","True Grit+1","Demon Form+1","True Grit","Reaper","Armaments","Feed","Twin Strike+1","Headbutt","Feel No Pain","Rampage","Shame"],"relics":["Burning Blood","PreservedInsect","Bag of Marbles","Sundial","Philosopher\u0027s Stone","Omamori"],"potions_floor_usage":[7,13,16],"damage_taken":[{"damage":7,"enemies":"Small Slimes","floor":1,"turns":5},{"damage":0,"enemies":"2 Louse","floor":2,"turns":4},{"damage":1,"enemies":"Cultist","floor":4,"turns":4},{"damage":0,"enemies":"Gremlin Gang","floor":7,"turns":3},{"damage":14,"enemies":"3 Sentries","floor":13,"turns":6},{"damage":32,"enemies":"Exordium Thugs","floor":14,"turns":5},{"damage":37,"enemies":"Slime Boss","floor":16,"turns":9},{"damage":41,"enemies":"Shell Parasite","floor":18,"turns":6},{"damage":45,"enemies":"2 Thieves","floor":19,"turns":5},{"damage":32,"enemies":"Colosseum Slavers","floor":20,"turns":9},{"damage":58,"enemies":"Gremlin Leader","floor":24,"turns":4}],"seed_played":"1328086183602609057","potions_obtained":[{"floor":1,"key":"AttackPotion"},{"floor":4,"key":"Explosive Potion"},{"floor":14,"key":"Regen Potion"}],"is_trial":false,"path_per_floor":["M","M","?","M","?","R","M","R","T","$","?","$","E","M","R","B",null,"M","M","?","$","?","R","E"],"character_chosen":"IRONCLAD","items_purchased":["Demon Form","True Grit","Feel No Pain","Rampage"],"campfire_rested":1,"item_purchase_floors":[10,12,21,21],"current_hp_per_floor":[87,93,74,79,72,72,78,78,78,78,75,75,67,51,51,72,90,62,37,19,19,19,48,0],"gold":33,"neow_bonus":"TWENTY_PERCENT_HP_BONUS","is_prod":false,"is_daily":false,"chose_seed":false,"campfire_upgraded":3,"win_rate":0,"timestamp":1544926567,"path_taken":["M","M","?","M","?","R","M","R","T","$","?","?","E","M","R","BOSS","M","M","?","$","?","R","E"],"build_version":"2018-12-13","purchased_purges":0,"victory":false,"max_hp_per_floor":[96,96,96,96,96,96,96,96,96,96,96,96,96,96,96,96,96,99,99,99,99,99,99,99],"card_choices":[{"not_picked":["Searing Blow","Cleave"],"picked":"Metallicize","floor":1},{"not_picked":["Rage","Sentinel"],"picked":"Pommel Strike","floor":2},{"not_picked":["Sword Boomerang","Pommel Strike"],"picked":"Shrug It Off","floor":4},{"not_picked":["Clash","Warcry"],"picked":"True Grit","floor":7},{"not_picked":["Battle Trance","Bludgeon"],"picked":"Reaper","floor":13},{"not_picked":["True Grit","Bloodletting"],"picked":"Armaments","floor":14},{"not_picked":["Immolate","Berserk"],"picked":"Feed","floor":16},{"not_picked":["Rage","Spot Weakness+1"],"picked":"Twin Strike+1","floor":18},{"not_picked":["Sword Boomerang+1","Whirlwind"],"picked":"Headbutt","floor":19}],"player_experience":982445,"relics_obtained":[{"floor":9,"key":"PreservedInsect"},{"floor":13,"key":"Sundial"}],"event_choices":[{"damage_healed":0,"gold_gain":0,"player_choice":"Entered Light","damage_taken":19,"max_hp_gain":0,"max_hp_loss":0,"event_name":"Shining Light","floor":3,"gold_loss":0,"cards_upgraded":["Defend_R","Strike_R"]},{"cards_removed":["Strike_R"],"damage_healed":0,"gold_gain":0,"player_choice":"Card Removal","damage_taken":7,"max_hp_gain":0,"max_hp_loss":0,"event_name":"Golden Wing","floor":5,"gold_loss":0},{"damage_healed":0,"gold_gain":0,"player_choice":"Success","damage_taken":3,"relics_obtained":["Bag of Marbles"],"max_hp_gain":0,"max_hp_loss":0,"event_name":"Scrap Ooze","floor":11,"gold_loss":0},{"damage_healed":0,"gold_gain":0,"player_choice":"Fight","damage_taken":0,"max_hp_gain":0,"max_hp_loss":0,"event_name":"Colosseum","floor":20,"gold_loss":0},{"damage_healed":0,"gold_gain":0,"player_choice":"Fled From Nobs","damage_taken":0,"max_hp_gain":0,"max_hp_loss":0,"event_name":"Colosseum","floor":20,"gold_loss":0},{"damage_healed":0,"gold_gain":0,"player_choice":"Stole Relic","damage_taken":0,"relics_obtained":["Omamori"],"max_hp_gain":0,"max_hp_loss":0,"event_name":"Addict","floor":22,"gold_loss":0,"cards_obtained":["Shame"]}],"is_beta":true,"boss_relics":[{"not_picked":["White Beast Statue","Coffee Dripper"],"picked":"Philosopher\u0027s Stone"}],"items_purged_floors":[],"is_endless":false,"potions_floor_spawned":[1,4,14],"killed_by":"Gremlin Leader","ascension_level":12}