{"path_per_floor":["M","?","T","?","M","E","R","E","T","?","E","M","R","$","R","B",null,"M","?","?","M","M"],"character_chosen":"THE_SILENT","items_purchased":["Backflip","Noxious Fumes","Ancient Tea Set"],"gold_per_floor":[116,116,116,116,134,163,163,191,267,267,294,308,308,24,24,124,124,134,59,59,78,91],"floor_reached":23,"campfire_rested":2,"playtime":1579,"current_hp_per_floor":[70,70,70,75,75,82,82,40,40,33,13,9,33,33,57,25,82,63,63,63,42,44],"items_purged":["Strike_G"],"gold":91,"score":267,"play_id":"42d2c57a-42c3-4465-91ea-a8123eae985e","local_time":"20180307205237","is_prod":false,"is_daily":false,"is_ascension_mode":true,"campfire_upgraded":1,"timestamp":1520473957,"path_taken":["M","?","?","?","?","E","R","E","T","?","E","M","R","$","R","BOSS","M","?","?","M","?","E"],"build_version":"2018-03-01-PROD1","purchased_purges":2,"victory":false,"master_deck":["Defend_G","Defend_G","Defend_G","Defend_G","Defend_G","Strike_G","Strike_G","Survivor","Neutralize+1","Sucker Punch","Cloak And Dagger","Venomology+1","PiercingWail","Quick Slash","Malaise","Backflip","Noxious Fumes","Adrenaline","Backflip","Escape Plan","Cloak And Dagger","Dodge and Roll","Dodge and Roll+1","Acrobatics+1"],"max_hp_per_floor":[70,70,70,75,75,82,82,82,82,82,82,82,82,82,82,82,82,82,82,82,82,82],"relics":["Ring of the Snake","NeowsBlessing","Bird Faced Urn","Strawberry","Art of War","Smiling Mask","Calipers","Darkstone Periapt","Ancient Tea Set","Orrery"],"card_choices":[{"not_picked":["Poisoned Stab","Masterful Stab"],"picked":"Sucker Punch"},{"not_picked":["Blade Dance","Dodge and Roll"],"picked":"Cloak And Dagger"},{"not_picked":["Dodge and Roll","Catalyst"],"picked":"Venomology"},{"not_picked":["Flying Knee","Distraction"],"picked":"PiercingWail"},{"not_picked":["Underhanded Strike","Outmaneuver"],"picked":"Quick Slash"},{"not_picked":["Skewer","Expertise"],"picked":"Malaise"},{"not_picked":["Phantasmal Killer","Tactician"],"picked":"Adrenaline"},{"not_picked":["Outmaneuver","Dodge and Roll"],"picked":"Backflip"},{"not_picked":["Sucker Punch","Dagger Throw"],"picked":"Escape Plan"},{"not_picked":["Escape Plan","Crippling Poison"],"picked":"Cloak And Dagger"},{"not_picked":["Choke","Underhanded Strike"],"picked":"Dodge and Roll"},{"not_picked":["PiercingWail","Backflip"],"picked":"Dodge and Roll"},{"not_picked":["Accuracy","Flying Knee"],"picked":"Acrobatics"}],"player_experience":431455,"potions_floor_usage":[8,11,11,16,16,18,18,22,22,22,22],"damage_taken":[{"damage":0,"enemies":"Jaw Worm","floor":1,"turns":1},{"damage":0,"enemies":"Cultist","floor":5,"turns":1},{"damage":0,"enemies":"Gremlin Nob","floor":6,"turns":1},{"damage":54,"enemies":"Lagavulin","floor":8,"turns":13},{"damage":20,"enemies":"3 Sentries","floor":11,"turns":11},{"damage":4,"enemies":"2 Louse","floor":12,"turns":3},{"damage":34,"enemies":"Slime Boss","floor":16,"turns":12},{"damage":21,"enemies":"Shell Parasite","floor":18,"turns":8},{"damage":23,"enemies":"Spheric Guardian","floor":21,"turns":9},{"damage":0,"enemies":"Chosen and Byrds","floor":22,"turns":8},{"damage":65,"enemies":"Book of Stabbing","floor":23,"turns":10}],"event_choices":[{"event_name":"Accursed Blacksmith","player_choice":"Forge","floor":2,"damage_taken":0},{"event_name":"Big Fish","player_choice":"Donut","floor":4,"damage_taken":0},{"event_name":"Scrap Ooze","player_choice":"success","floor":10,"damage_taken":7},{"event_name":"Beggar","player_choice":"Gave Gold","floor":19,"damage_taken":0},{"event_name":"Back to Basics","player_choice":"Elegance","floor":20,"damage_taken":0}],"boss_relics":[{"not_picked":["Black Star","Velvet Choker"],"picked":"Orrery"}],"potions_floor_spawned":[8,12,16,18],"seed_played":"-7131255498133294944","killed_by":"Book of Stabbing","ascension_level":3,"is_trial":false}