{"path_per_floor":["M","M","M","M","M","R","M","R","T","R","$","M","M","M","R","B",null,"M","M","M","?"],"character_chosen":"IRONCLAD","items_purchased":["Anchor"],"gold_per_floor":[115,130,150,170,181,181,196,196,223,223,77,87,106,120,120,218,218,235,247,260,260],"floor_reached":22,"campfire_rested":0,"playtime":1577,"current_hp_per_floor":[72,70,71,71,72,72,67,67,67,67,67,72,71,72,72,20,72,68,48,20,20],"items_purged":[],"gold":260,"score":210,"play_id":"a1b8d52d-a9ba-4288-8924-5da0f08c1e8a","is_prod":false,"is_daily":false,"is_ascension_mode":false,"campfire_upgraded":4,"path_taken":["M","M","M","M","M","R","M","R","T","R","$","M","M","M","R","BOSS","M","M","M","?","M"],"build_version":"2018-02-15-PROD1","purchased_purges":0,"victory":false,"master_deck":["Defend_R","Defend_R","Defend_R","Defend_R","Bash","Searing Blow","Searing Blow+1","Clothesline","Armaments+1","Seeing Red+1","Anger","Heavy Blade","Perfected Strike","Double Tap+1","Fiend Fire","Flex","Shockwave","Uppercut","Bite","Bite","Bite","Bite","Bite"],"max_hp_per_floor":[72,72,72,72,72,72,72,72,72,72,72,72,72,72,72,72,72,72,72,72,50],"relics":["Burning Blood","Frozen Eye","Oddly Smooth Stone","Anchor","Mark of Pain"],"card_choices":[{"not_picked":["Burning Pact","Impervious"],"picked":"Searing Blow"},{"not_picked":["Perfected Strike","Sword Boomerang"],"picked":"Searing Blow"},{"not_picked":["Pommel Strike","True Grit"],"picked":"Clothesline"},{"not_picked":["Hemokinesis","Bloodletting"],"picked":"Armaments"},{"not_picked":["Shockwave","Headbutt"],"picked":"Seeing Red"},{"not_picked":["Sword Boomerang","Infernal Blade"],"picked":"Anger"},{"not_picked":["Uppercut","Headbutt"],"picked":"Heavy Blade"},{"not_picked":["Body Slam","Feel No Pain"],"picked":"Perfected Strike"},{"not_picked":["True Grit","Seeing Red"],"picked":"Double Tap"},{"not_picked":["Juggernaut","Impervious"],"picked":"Fiend Fire"},{"not_picked":["Twin Strike","Iron Wave"],"picked":"Flex"},{"not_picked":["Warcry","Pommel Strike"],"picked":"Shockwave"},{"not_picked":["Rupture","True Grit"],"picked":"Uppercut"}],"player_experience":30751,"potions_floor_usage":[4,7,14,16,16,22],"damage_taken":[{"damage":0,"enemies":"2 Louse","floor":1,"turns":4},{"damage":8,"enemies":"Small Slimes","floor":2,"turns":4},{"damage":5,"enemies":"Cultist","floor":3,"turns":4},{"damage":6,"enemies":"Blue Slaver","floor":4,"turns":5},{"damage":0,"enemies":"3 Louse","floor":5,"turns":6},{"damage":11,"enemies":"Lots of Slimes","floor":7,"turns":4},{"damage":0,"enemies":"2 Fungi Beasts","floor":12,"turns":2},{"damage":7,"enemies":"Large Slime","floor":13,"turns":5},{"damage":0,"enemies":"Looter","floor":14,"turns":2},{"damage":58,"enemies":"Hexaghost","floor":16,"turns":10},{"damage":10,"enemies":"Shell Parasite","floor":18,"turns":3},{"damage":26,"enemies":"Spheric Guardian","floor":19,"turns":4},{"damage":34,"enemies":"Centurion and Healer","floor":20,"turns":7},{"damage":32,"enemies":"Slaver and Parasite","floor":22,"turns":3}],"event_choices":[{"event_name":"Vampires","player_choice":"Became a vampire","floor":21,"damage_taken":0}],"boss_relics":[{"not_picked":["Velvet Choker","Tiny House"],"picked":"Mark of Pain"}],"potions_floor_spawned":[1,2,3,5,12,20],"seed_played":"3393643406632266684","killed_by":"Slaver and Parasite","ascension_level":0,"is_trial":false}