{"gold_per_floor":[110,80,93,112,130,130,157,157,157,191,208,208,224,236,236,341,341,353,327,202,202,217,217,251,251,322,340,351,351,365,383,383,482,482,482,482,502,519,519],"floor_reached":39,"playtime":3412,"items_purged":[],"score":695,"play_id":"088a2e37-df78-41cc-9a63-8101e35bd37a","local_time":"20181216134710","is_ascension_mode":true,"campfire_choices":[{"data":"Flame Barrier","floor":6,"key":"SMITH"},{"data":"Armaments","floor":8,"key":"SMITH"},{"floor":12,"key":"REST"},{"data":"Dark Embrace","floor":15,"key":"SMITH"},{"floor":23,"key":"REST"},{"floor":25,"key":"REST"},{"data":"Barricade","floor":29,"key":"SMITH"},{"floor":32,"key":"REST"}],"neow_cost":"NONE","seed_source_timestamp":90408768491694,"circlet_count":0,"master_deck":["AscendersBane","Bash","Flame Barrier+1","Headbutt","Armaments+1","True Grit","Battle Trance","Shockwave","Sword Boomerang","Thunderclap","Reckless Charge","Dark Embrace+1","Feed","Carnage","Iron Wave","Disarm","Power Through","Sentinel","Clothesline","Flex","Seeing Red","Barricade+1","Intimidate","Infernal Blade","Feel No Pain","Anger","Seeing Red","Second Wind","Feel No Pain","Inflame","Intimidate","Limit Break","Metallicize"],"relics":["Burning Blood","Oddly Smooth Stone","Shuriken","Pandora\u0027s Box","Ornamental Fan","Pear","Mark of Pain"],"potions_floor_usage":[5,11,30,31,33,35],"damage_taken":[{"damage":1,"enemies":"2 Louse","floor":1,"turns":3},{"damage":1,"enemies":"Cultist","floor":3,"turns":4},{"damage":0,"enemies":"Small Slimes","floor":4,"turns":5},{"damage":22,"enemies":"Exordium Wildlife","floor":5,"turns":7},{"damage":26,"enemies":"3 Sentries","floor":7,"turns":13},{"damage":14,"enemies":"Lagavulin","floor":10,"turns":9},{"damage":6,"enemies":"Gremlin Gang","floor":11,"turns":5},{"damage":3,"enemies":"2 Fungi Beasts","floor":13,"turns":3},{"damage":6,"enemies":"Large Slime","floor":14,"turns":6},{"damage":44,"enemies":"Hexaghost","floor":16,"turns":12},{"damage":23,"enemies":"Spheric Guardian","floor":18,"turns":7},{"damage":32,"enemies":"2 Thieves","floor":19,"turns":5},{"damage":11,"enemies":"Centurion and Healer","floor":22,"turns":12},{"damage":42,"enemies":"Book of Stabbing","floor":24,"turns":10},{"damage":1,"enemies":"Chosen and Byrds","floor":27,"turns":7},{"damage":13,"enemies":"Snake Plant","floor":28,"turns":5},{"damage":7,"enemies":"Sentry and Sphere","floor":30,"turns":7},{"damage":0,"enemies":"Cultist and Chosen","floor":31,"turns":9},{"damage":42,"enemies":"Automaton","floor":33,"turns":12},{"damage":43,"enemies":"3 Darklings","floor":35,"turns":5},{"damage":31,"enemies":"3 Shapes","floor":37,"turns":11},{"damage":0,"enemies":"Maw","floor":38,"turns":10},{"damage":35,"enemies":"Spire Growth","floor":39,"turns":2}],"seed_played":"-5654151673566929588","potions_obtained":[{"floor":2,"key":"Weak Potion"},{"floor":2,"key":"Fire Potion"},{"floor":5,"key":"Energy Potion"},{"floor":10,"key":"PowerPotion"},{"floor":16,"key":"Weak Potion"},{"floor":27,"key":"Explosive Potion"},{"floor":28,"key":"SmokeBomb"},{"floor":30,"key":"Block Potion"},{"floor":31,"key":"LiquidBronze"},{"floor":38,"key":"Dexterity Potion"}],"is_trial":false,"path_per_floor":["M","?","M","M","M","R","E","R","T","E","M","R","M","M","R","B",null,"M","M","$","?","M","R","E","R","T","M","M","R","M","M","R","B",null,"M","?","M","M","M"],"character_chosen":"IRONCLAD","items_purchased":["Feel No Pain","Anger"],"campfire_rested":4,"item_purchase_floors":[20,20],"current_hp_per_floor":[77,77,80,80,64,64,44,44,44,36,36,60,63,63,63,25,66,49,26,26,26,21,45,13,39,49,54,47,47,46,55,85,49,87,50,50,28,34,0],"gold":519,"neow_bonus":"THREE_CARDS","is_prod":false,"is_daily":false,"chose_seed":false,"campfire_upgraded":4,"win_rate":0,"timestamp":1544986030,"path_taken":["M","?","?","M","M","R","E","R","T","E","M","R","M","M","R","BOSS","M","?","$","?","M","R","E","R","T","M","M","R","M","M","R","BOSS","M","?","M","M","M"],"build_version":"2018-12-13","purchased_purges":0,"victory":false,"max_hp_per_floor":[80,80,80,80,80,80,80,80,80,80,80,80,80,80,80,80,80,80,83,83,83,83,83,87,87,97,97,97,97,97,100,100,100,100,100,100,103,103,103],"card_choices":[{"not_picked":["Disarm","Iron Wave"],"picked":"Flame Barrier","floor":0},{"not_picked":["Sword Boomerang","Warcry"],"picked":"Headbutt","floor":1},{"not_picked":["Iron Wave","Combust"],"picked":"Armaments","floor":3},{"not_picked":["Anger","Havoc"],"picked":"True Grit","floor":4},{"not_picked":["Anger","Havoc"],"picked":"Battle Trance","floor":5},{"not_picked":["Ghostly Armor","Iron Wave"],"picked":"Shockwave","floor":7},{"not_picked":["Clash","Perfected Strike"],"picked":"Sword Boomerang","floor":10},{"not_picked":["Reckless Charge","True Grit"],"picked":"Thunderclap","floor":11},{"not_picked":["Anger","Shrug It Off"],"picked":"Reckless Charge","floor":13},{"not_picked":["Heavy Blade","Twin Strike"],"picked":"Dark Embrace","floor":14},{"not_picked":["Exhume","Fiend Fire"],"picked":"Feed","floor":16},{"not_picked":["Thunderclap","Perfected Strike"],"picked":"Intimidate","floor":18},{"not_picked":["True Grit","Twin Strike"],"picked":"Infernal Blade","floor":19},{"not_picked":["Heavy Blade","Fire Breathing"],"picked":"Seeing Red","floor":22},{"not_picked":["Spot Weakness","Cleave"],"picked":"Second Wind","floor":24},{"not_picked":["Warcry","Pommel Strike"],"picked":"Feel No Pain","floor":27},{"not_picked":["Uppercut","Flex"],"picked":"Inflame","floor":28},{"not_picked":["Iron Wave","Berserk"],"picked":"Intimidate","floor":30},{"not_picked":["Anger","Flex","Cleave"],"picked":"SKIP","floor":31},{"not_picked":["Brutality","Berserk"],"picked":"Limit Break","floor":33},{"not_picked":["Perfected Strike+1","True Grit"],"picked":"Metallicize","floor":37},{"not_picked":["Anger","True Grit","Iron Wave"],"picked":"SKIP","floor":38}],"player_experience":985244,"relics_obtained":[{"floor":7,"key":"Oddly Smooth Stone"},{"floor":10,"key":"Shuriken"},{"floor":24,"key":"Ornamental Fan"},{"floor":26,"key":"Pear"}],"event_choices":[{"damage_healed":0,"gold_gain":0,"player_choice":"Bought 2 Potions","damage_taken":0,"max_hp_gain":0,"max_hp_loss":0,"event_name":"The Woman in Blue","floor":2,"gold_loss":0},{"damage_healed":0,"gold_gain":0,"player_choice":"Simplicity","damage_taken":0,"max_hp_gain":0,"max_hp_loss":0,"event_name":"Back to Basics","floor":21,"gold_loss":0,"cards_upgraded":[]},{"damage_healed":0,"gold_gain":0,"player_choice":"Ignored","damage_taken":0,"max_hp_gain":0,"max_hp_loss":0,"event_name":"Tomb of Lord Red Mask","floor":36,"gold_loss":0}],"is_beta":true,"boss_relics":[{"not_picked":["Philosopher\u0027s Stone","Orrery"],"picked":"Pandora\u0027s Box"},{"not_picked":["White Beast Statue","Eternal Feather"],"picked":"Mark of Pain"}],"items_purged_floors":[],"is_endless":false,"potions_floor_spawned":[5,10,16,27,28,30,31,38],"killed_by":"Spire Growth","ascension_level":12}