{"path_per_floor":["M","?","$","M","M","R","E","M","T","M","?","R","?","$","R","B",null,"M","?","?","M","?","R","T"],"character_chosen":"DEFECT","items_purchased":["FTL","Echo Form"],"gold_per_floor":[117,117,40,64,82,82,122,136,136,160,160,160,160,24,24,144,144,159,190,190,208,208,208,233,233],"floor_reached":25,"campfire_rested":2,"playtime":1020,"current_hp_per_floor":[70,69,69,68,63,63,50,49,49,36,34,57,79,79,79,79,79,74,28,28,28,28,39,39,0],"items_purged":[],"gold":233,"score":273,"play_id":"4970f7d9-84b0-4ca1-b0f4-20acffd20048","local_time":"20180428132755","is_prod":false,"is_daily":false,"chose_seed":false,"is_ascension_mode":false,"campfire_upgraded":2,"timestamp":1524936475,"path_taken":["M","?","$","M","M","R","E","M","T","M","?","R","?","?","R","BOSS","M","?","?","M","?","R","?","E"],"build_version":"2018-04-27v3","seed_source_timestamp":1399425746429865,"purchased_purges":0,"victory":false,"master_deck":["Strike_B","Strike_B","Strike_B","Defend_B","Defend_B","Defend_B","Zap","Dualcast","Rainbow+1","Conserve Battery","Storm","FTL","Rip and Tear","Glacier","Double Energy","Tempest","Rebound","Echo Form+1","Multi-Cast","Double Energy+1","Cold Snap","Ghostly","Ghostly","Ghostly","Ghostly","Ghostly","Chill+1"],"max_hp_per_floor":[75,69,69,69,69,69,69,69,69,69,79,79,79,79,79,79,79,79,79,39,39,39,39,39,39],"relics":["Cracked Core","Golden Idol","Happy Flower","Question Card","Pear","Snecko Eye","Red Mask","Spirit Poop","Prayer Wheel"],"card_choices":[{"not_picked":["Skim","Rebound"],"picked":"Storm","floor":1},{"not_picked":["Flux Capacitor","Loop"],"picked":"Rip and Tear","floor":4},{"not_picked":["Cold Snap","Streamline"],"picked":"Glacier","floor":5},{"not_picked":["Streamline","Hologram"],"picked":"Double Energy","floor":7},{"not_picked":["Capacitor","Impulse"],"picked":"Tempest","floor":8},{"not_picked":["Rip and Tear","Double Energy","Skim"],"picked":"Rebound","floor":10},{"not_picked":["Biased Cognition","Amplify","Redo"],"picked":"Multi-Cast","floor":16},{"not_picked":["Streamline","Skim","Steam Power"],"picked":"Double Energy","floor":18},{"not_picked":["Melter","Beam Cell","Streamline"],"picked":"Cold Snap","floor":19},{"not_picked":["Sweeping Beam","Blaster","Leap"],"picked":"Chill","floor":21}],"player_experience":309446,"potions_floor_usage":[10,16,25],"damage_taken":[{"damage":5,"enemies":"2 Louse","floor":1,"turns":2},{"damage":1,"enemies":"Jaw Worm","floor":4,"turns":3},{"damage":5,"enemies":"Small Slimes","floor":5,"turns":4},{"damage":13,"enemies":"Lagavulin","floor":7,"turns":6},{"damage":1,"enemies":"2 Fungi Beasts","floor":8,"turns":4},{"damage":13,"enemies":"3 Louse","floor":10,"turns":3},{"damage":0,"enemies":"Slime Boss","floor":16,"turns":8},{"damage":5,"enemies":"Spheric Guardian","floor":18,"turns":3},{"damage":46,"enemies":"Masked Bandits","floor":19,"turns":5},{"damage":0,"enemies":"Shell Parasite","floor":21,"turns":5},{"damage":53,"enemies":"Gremlin Leader","floor":25,"turns":7}],"event_choices":[{"event_name":"Golden Idol","player_choice":"Lose Max HP","floor":2,"damage_taken":0},{"event_name":"Scrap Ooze","player_choice":"success","floor":11,"damage_taken":12},{"event_name":"Big Fish","player_choice":"Banana","floor":13,"damage_taken":0},{"event_name":"Masked Bandits","player_choice":"Fought over 159 gold","floor":19,"damage_taken":0},{"event_name":"Ghosts","player_choice":"Became a Ghost","floor":20,"damage_taken":0},{"event_name":"Bonfire Elementals","player_choice":"CURSE","floor":22,"damage_taken":0}],"boss_relics":[{"not_picked":["White Beast Statue","Cursed Key"],"picked":"Snecko Eye"}],"potions_floor_spawned":[4,7,8,10,18],"seed_played":"-5557822484521398871","killed_by":"Gremlin Leader","ascension_level":0,"is_trial":false}