{"gold_per_floor":[113,41,58,58,58,87,97,97,97,166,166,496,516,528,528,624,624,624,624,468,468,309,309,309,309,309,309,35,35,35,35,35,35,35,35,35,35,35,35,35],"floor_reached":40,"playtime":1481,"items_purged":["Pain"],"score":690,"play_id":"6b199b0e-d707-40ae-8060-ef8e6a848a7d","local_time":"20181229191902","is_ascension_mode":true,"campfire_choices":[{"floor":8,"key":"REST"},{"data":"Defragment","floor":11,"key":"SMITH"},{"data":"Loop","floor":15,"key":"SMITH"},{"data":"Echo Form","floor":23,"key":"SMITH"},{"floor":29,"key":"REST"},{"floor":32,"key":"REST"}],"neow_cost":"NONE","seed_source_timestamp":77982868249924,"circlet_count":0,"master_deck":["AscendersBane","Strike_B","Strike_B","Strike_B","Defend_B","Defend_B","Defend_B+1","Defend_B","Zap+1","Dualcast","Loop+1","Defragment+1","Cold Snap","Defragment+1","Go for the Eyes","Streamline","Conserve Battery","Buffer","Sweeping Beam","Doom and Gloom","Coolheaded","Echo Form+1","Reinforced Body+1","Writhe","Beam Cell+1","Coolheaded","Static Discharge","Core Surge","Leap","Creative AI","Tempest","Blizzard","Conserve Battery+1","Ball Lightning+1"],"relics":["Cracked Core","NeowsBlessing","Question Card","Anchor","Old Coin","Ectoplasm","WarpedTongs","War Paint","PreservedInsect","Letter Opener","Mummified Hand","Sozu"],"potions_floor_usage":[13,14],"damage_taken":[{"damage":0,"enemies":"2 Louse","floor":1,"turns":1},{"damage":0,"enemies":"Jaw Worm","floor":3,"turns":1},{"damage":0,"enemies":"3 Sentries","floor":6,"turns":2},{"damage":5,"enemies":"Small Slimes","floor":7,"turns":3},{"damage":4,"enemies":"Exordium Wildlife","floor":13,"turns":4},{"damage":0,"enemies":"Lots of Slimes","floor":14,"turns":4},{"damage":25,"enemies":"Slime Boss","floor":16,"turns":6},{"damage":6,"enemies":"Spheric Guardian","floor":18,"turns":3},{"damage":0,"enemies":"Shell Parasite","floor":21,"turns":4},{"damage":31,"enemies":"Slavers","floor":25,"turns":6},{"damage":16,"enemies":"3 Cultists","floor":27,"turns":5},{"damage":0,"enemies":"Centurion and Healer","floor":30,"turns":6},{"damage":14,"enemies":"Snake Plant","floor":31,"turns":4},{"damage":52,"enemies":"Automaton","floor":33,"turns":9},{"damage":7,"enemies":"Orb Walker","floor":35,"turns":3},{"damage":23,"enemies":"3 Darklings","floor":38,"turns":4},{"damage":11,"enemies":"Sphere and 2 Shapes","floor":39,"turns":5},{"damage":53,"enemies":"Giant Head","floor":40,"turns":6}],"seed_played":"2577918304641660981","potions_obtained":[{"floor":1,"key":"Block Potion"},{"floor":6,"key":"FairyPotion"},{"floor":13,"key":"AttackPotion"},{"floor":21,"key":"Dexterity Potion"},{"floor":33,"key":"Dexterity Potion"}],"is_trial":false,"path_per_floor":["M","$","M","?","?","E","M","R","T","T","R","?","M","M","R","B",null,"M","?","$","M","$","R","?","E","T","M","$","R","M","M","R","B",null,"M","?","$","M","M","E"],"character_chosen":"DEFECT","items_purchased":["Defragment","Doom and Gloom","Echo Form","Reinforced Body","Mummified Hand","Static Discharge"],"campfire_rested":3,"item_purchase_floors":[2,20,22,22,28,28],"current_hp_per_floor":[68,68,68,53,53,53,48,70,70,70,70,70,66,66,66,41,67,61,61,61,61,61,61,61,30,30,14,14,36,36,22,44,7,58,51,51,51,28,17,0],"gold":35,"neow_bonus":"THREE_ENEMY_KILL","is_prod":false,"is_daily":false,"chose_seed":false,"campfire_upgraded":3,"win_rate":0,"timestamp":1546129142,"path_taken":["M","$","M","?","?","E","M","R","T","?","R","?","M","M","R","BOSS","M","?","$","?","$","R","?","E","T","M","$","R","M","M","R","BOSS","M","?","$","?","?","E"],"build_version":"2018-12-25","purchased_purges":1,"victory":false,"max_hp_per_floor":[75,75,75,75,75,75,75,75,75,75,75,75,75,75,75,75,75,75,75,75,75,75,75,75,75,75,75,75,75,75,75,75,75,75,75,75,75,75,75,75],"card_choices":[{"not_picked":["Reprogram","Scrape"],"picked":"Loop","floor":1},{"not_picked":["Turbo","Leap"],"picked":"Cold Snap","floor":3},{"not_picked":["Chaos","Rip and Tear"],"picked":"Defragment","floor":6},{"not_picked":["Redo","Steam","Gash"],"picked":"Go for the Eyes","floor":7},{"not_picked":["Cold Snap","Go for the Eyes","Gash"],"picked":"Streamline","floor":13},{"not_picked":["Cold Snap","Streamline","Fusion"],"picked":"Conserve Battery","floor":14},{"not_picked":["Rainbow","Seek","Meteor Strike"],"picked":"Buffer","floor":16},{"not_picked":["Rebound","Turbo","Compile Driver"],"picked":"Sweeping Beam","floor":18},{"not_picked":["Streamline","Hologram","Aggregate"],"picked":"Coolheaded","floor":21},{"not_picked":["Aggregate","Streamline","Turbo"],"picked":"Beam Cell+1","floor":25},{"not_picked":["Go for the Eyes","Loop","Streamline"],"picked":"Coolheaded","floor":27},{"not_picked":["Coolheaded+1","Steam","Sweeping Beam"],"picked":"Core Surge","floor":30},{"not_picked":["Go for the Eyes","Streamline","All For One"],"picked":"Leap","floor":31},{"not_picked":["Fission","Thunder Strike","Biased Cognition"],"picked":"Creative AI","floor":33},{"not_picked":["White Noise+1","Leap","Chill+1"],"picked":"Tempest","floor":35},{"not_picked":["Rebound","Hello World","Lockon"],"picked":"Conserve Battery+1","floor":38},{"not_picked":["Compile Driver","Steam Power+1","Stack"],"picked":"Ball Lightning+1","floor":39}],"player_experience":1065428,"relics_obtained":[{"floor":6,"key":"Question Card"},{"floor":9,"key":"Anchor"},{"floor":25,"key":"PreservedInsect"},{"floor":26,"key":"Letter Opener"}],"event_choices":[{"damage_healed":0,"gold_gain":0,"player_choice":"Entered Light","damage_taken":15,"max_hp_gain":0,"max_hp_loss":0,"event_name":"Shining Light","floor":4,"gold_loss":0,"cards_upgraded":["Defragment","Defend_B"]},{"damage_healed":0,"gold_gain":0,"player_choice":"Ignored","damage_taken":0,"max_hp_gain":0,"max_hp_loss":0,"event_name":"Liars Game","floor":5,"gold_loss":0},{"damage_healed":0,"gold_gain":30,"player_choice":"Searched \u00273\u0027 times","damage_taken":0,"relics_obtained":["Old Coin"],"max_hp_gain":0,"max_hp_loss":0,"event_name":"Dead Adventurer","floor":12,"gold_loss":0},{"damage_healed":0,"gold_gain":0,"player_choice":"Rummage","damage_taken":0,"relics_obtained":["WarpedTongs"],"max_hp_gain":0,"max_hp_loss":0,"event_name":"Accursed Blacksmith","floor":19,"gold_loss":0,"cards_obtained":["Pain"]},{"damage_healed":0,"gold_gain":0,"player_choice":"Opened","damage_taken":0,"relics_obtained":["War Paint"],"max_hp_gain":0,"max_hp_loss":0,"event_name":"The Mausoleum","floor":24,"gold_loss":0,"cards_obtained":["Writhe"]},{"damage_healed":0,"gold_gain":0,"cards_transformed":["Strike_B"],"player_choice":"Transformed","damage_taken":0,"max_hp_gain":0,"max_hp_loss":0,"event_name":"Transmorgrifier","floor":36,"gold_loss":0,"cards_obtained":["Blizzard"]}],"is_beta":true,"boss_relics":[{"not_picked":["Calling Bell","Astrolabe"],"picked":"Ectoplasm"},{"not_picked":["Empty Cage","Tiny House"],"picked":"Sozu"}],"items_purged_floors":[20],"is_endless":false,"potions_floor_spawned":[1,6,13,21,31,33,35],"killed_by":"Giant Head","ascension_level":12}