{"path_per_floor":["M","M","?","?","?","E","M","R","T","M","$","E","M","M","R","B",null,"M","$","T","?","M","E","M","$","T","M","?","M","R"],"character_chosen":"IRONCLAD","items_purchased":["Metallicize","Flex"],"gold_per_floor":[116,132,132,132,132,158,173,173,198,217,63,95,106,122,122,223,223,235,112,112,112,99,129,139,14,61,80,80,93,93],"floor_reached":31,"campfire_rested":1,"playtime":2387,"current_hp_per_floor":[80,80,64,64,57,70,74,74,74,73,73,42,22,23,49,49,87,87,87,87,87,86,76,70,70,70,58,58,58,58],"items_purged":["Strike_R","Defend_R","Strike_R"],"gold":93,"score":292,"play_id":"f35d7f50-018c-475c-bf2b-e798b6b37412","is_prod":false,"is_daily":false,"is_ascension_mode":false,"campfire_upgraded":2,"path_taken":["M","M","?","?","?","E","M","R","T","M","$","E","?","M","R","BOSS","M","$","?","?","?","E","M","$","T","M","?","?","R","M"],"build_version":"2018-02-22-PROD2","purchased_purges":4,"victory":false,"master_deck":["Strike_R","Strike_R","Strike_R+1","Defend_R","Defend_R+1","Defend_R+1","Bash","Uppercut+1","Spot Weakness","Bloodletting+1","Shrug It Off+1","Cleave","Metallicize","Bloodletting","Iron Wave+1","Flame Barrier","Limit Break+1","Flex","Pommel Strike+1","Flame Barrier","Barricade","Flex","Iron Wave+1"],"max_hp_per_floor":[80,80,80,80,80,87,87,87,87,87,87,87,87,87,87,87,87,87,87,87,87,87,87,87,87,87,87,87,87,87],"relics":["Burning Blood","NeowsBlessing","Omamori","Strawberry","Blood Vial","War Paint","Sozu","Sundial","Whetstone","Anchor"],"card_choices":[{"not_picked":["Havoc","Body Slam"],"picked":"Uppercut"},{"not_picked":["Reckless Charge","Anger"],"picked":"Spot Weakness"},{"not_picked":["Brutality","Twin Strike"],"picked":"Bloodletting"},{"not_picked":["Armaments","Flame Barrier"],"picked":"Shrug It Off"},{"not_picked":["Pommel Strike","Entrench"],"picked":"Cleave"},{"not_picked":["Cleave","Sword Boomerang"],"picked":"Bloodletting"},{"not_picked":["Whirlwind","Evolve"],"picked":"Iron Wave"},{"not_picked":["Wild Strike","Heavy Blade"],"picked":"Flame Barrier"},{"not_picked":["Bludgeon","Demon Form"],"picked":"Limit Break"},{"not_picked":["Clothesline","Rage"],"picked":"Flame Barrier"},{"not_picked":["Clash","Feel No Pain"],"picked":"Barricade"},{"not_picked":["Infernal Blade","Heavy Blade"],"picked":"Flex"},{"not_picked":["Cleave","Armaments"],"picked":"Iron Wave"}],"player_experience":260072,"potions_floor_usage":[14,16,16,18,23],"damage_taken":[{"damage":0,"enemies":"Jaw Worm","floor":1,"turns":1},{"damage":0,"enemies":"Cultist","floor":2,"turns":1},{"damage":0,"enemies":"Gremlin Nob","floor":6,"turns":1},{"damage":2,"enemies":"Small Slimes","floor":7,"turns":4},{"damage":9,"enemies":"2 Fungi Beasts","floor":10,"turns":4},{"damage":39,"enemies":"Lagavulin","floor":12,"turns":8},{"damage":28,"enemies":"Large Slime","floor":13,"turns":4},{"damage":7,"enemies":"Looter","floor":14,"turns":3},{"damage":8,"enemies":"Hexaghost","floor":16,"turns":9},{"damage":0,"enemies":"3 Byrds","floor":18,"turns":5},{"damage":7,"enemies":"2 Thieves","floor":22,"turns":4},{"damage":17,"enemies":"Book of Stabbing","floor":23,"turns":6},{"damage":14,"enemies":"Slaver and Parasite","floor":24,"turns":7},{"damage":20,"enemies":"3 Cultists","floor":27,"turns":8},{"damage":8,"enemies":"Centurion and Healer","floor":29,"turns":9},{"damage":75,"enemies":"Chosen and Byrds","floor":31,"turns":10}],"event_choices":[{"event_name":"Shining Light","player_choice":"Entered Light","floor":3,"damage_taken":0},{"event_name":"Living Wall","player_choice":"Grow","floor":4,"damage_taken":0},{"event_name":"Scrap Ooze","player_choice":"success","floor":5,"damage_taken":7},{"event_name":"The Library","player_choice":"Read","floor":21,"damage_taken":0},{"event_name":"Forgotten Altar","player_choice":"Smashed Altar","floor":28,"damage_taken":0}],"boss_relics":[{"not_picked":["Astrolabe","Lizard Tail"],"picked":"Sozu"}],"potions_floor_spawned":[1,10,12,14,16,22,24,29],"seed_played":"-8696341311061898087","killed_by":"Chosen and Byrds","ascension_level":0,"is_trial":false}