{"path_per_floor":["M","M","?","M","?","E","M","M","T","T","M","R","M","$","R","B",null,"M","$","M","M"],"character_chosen":"DEFECT","items_purchased":["Kunai","Go for the Eyes","Gash","Cold Snap"],"gold_per_floor":[13,32,32,45,120,160,180,193,217,268,289,289,303,2,2,121,121,145,23,33,57,57],"floor_reached":22,"campfire_rested":2,"playtime":1190,"current_hp_per_floor":[69,69,69,69,58,44,32,20,20,20,13,48,29,29,64,31,69,47,47,24,9,0],"items_purged":[],"gold":57,"score":190,"play_id":"2549ab07-a860-49f3-abd8-5479fd14e138","local_time":"20180506155706","is_prod":false,"is_daily":false,"chose_seed":false,"is_ascension_mode":false,"campfire_upgraded":0,"timestamp":1525636626,"path_taken":["M","M","?","M","?","E","M","M","T","?","M","R","M","$","R","BOSS","M","$","?","M","M"],"build_version":"2018-05-03","seed_source_timestamp":2099474015527989,"purchased_purges":0,"victory":false,"master_deck":["Strike_B","Strike_B","Defend_B","Defend_B","Defend_B","Defend_B","Zap","Dualcast","Turbo","Scrape","Buffer","Beam Cell","Rebound","Storm","Ball Lightning","All For One","Reinforced Body","Chaos","Go for the Eyes","Redo","Buffer","Gash","Cold Snap","Streamline+1","Stack"],"max_hp_per_floor":[75,75,69,69,69,69,69,69,69,69,69,69,69,69,69,69,69,69,69,69,69,69],"relics":["Cracked Core","Golden Idol","Bottled Lightning","Omamori","Regal Pillow","Kunai","Runic Pyramid"],"card_choices":[{"not_picked":["Hologram","Capacitor"],"picked":"Buffer","floor":1},{"not_picked":["Skim","Turbo"],"picked":"Beam Cell","floor":2},{"not_picked":["Turbo","Self Repair"],"picked":"Rebound","floor":4},{"not_picked":["Ball Lightning","Genetic Algorithm"],"picked":"Storm","floor":6},{"not_picked":["Conserve Battery","Tempest"],"picked":"Ball Lightning","floor":7},{"not_picked":["Capacitor","Blizzard"],"picked":"All For One","floor":8},{"not_picked":["Barrage","Capacitor"],"picked":"Reinforced Body","floor":11},{"not_picked":["Heatsinks","Sweeping Beam"],"picked":"Chaos","floor":13},{"not_picked":["Biased Cognition","Seek"],"picked":"Redo","floor":16},{"not_picked":["Lockon","Coolheaded"],"picked":"Buffer","floor":18},{"not_picked":["Storm","Hologram"],"picked":"Streamline","floor":20},{"not_picked":["Hologram","Skim"],"picked":"Stack","floor":21}],"player_experience":343416,"potions_floor_usage":[16,21,21],"damage_taken":[{"damage":6,"enemies":"Jaw Worm","floor":1,"turns":3},{"damage":0,"enemies":"Small Slimes","floor":2,"turns":4},{"damage":0,"enemies":"2 Louse","floor":4,"turns":2},{"damage":14,"enemies":"Gremlin Nob","floor":6,"turns":4},{"damage":12,"enemies":"Exordium Thugs","floor":7,"turns":4},{"damage":12,"enemies":"Large Slime","floor":8,"turns":5},{"damage":7,"enemies":"Blue Slaver","floor":11,"turns":2},{"damage":19,"enemies":"Lots of Slimes","floor":13,"turns":4},{"damage":33,"enemies":"The Guardian","floor":16,"turns":9},{"damage":22,"enemies":"Shell Parasite","floor":18,"turns":7},{"damage":23,"enemies":"2 Thieves","floor":20,"turns":4},{"damage":30,"enemies":"Slaver and Parasite","floor":21,"turns":7},{"damage":11,"enemies":"3 Cultists","floor":22,"turns":2}],"event_choices":[{"event_name":"Golden Idol","player_choice":"Lose Max HP","floor":3,"damage_taken":0},{"event_name":"World of Goop","player_choice":"Gather Gold","floor":5,"damage_taken":0}],"boss_relics":[{"not_picked":["Inserter","Snecko Eye"],"picked":"Runic Pyramid"}],"potions_floor_spawned":[2,6,8,13,20],"seed_played":"-700815321187996382","killed_by":"3 Cultists","ascension_level":0,"is_trial":false}