{"path_per_floor":["M","?","M","M","M","R","M","E","T","R","M","$","M","?","R","B",null,"M","?","$","M","M","R","M","R","T","M","T","E","R","M","R"],"character_chosen":"IRONCLAD","items_purchased":["Self Forming Clay","Wild Strike","Madness"],"gold_per_floor":[116,194,214,233,251,251,262,288,288,288,304,10,28,58,58,163,163,180,180,76,89,103,103,117,117,117,127,127,159,159,179,179,179],"floor_reached":33,"campfire_rested":4,"playtime":940,"current_hp_per_floor":[74,74,72,72,67,67,63,45,45,45,32,32,26,26,50,50,80,66,66,66,46,41,41,34,58,58,50,50,24,48,38,62,0],"items_purged":[],"gold":179,"score":347,"play_id":"bd4da008-c07f-4df0-b487-853edd279124","local_time":"20180331153129","is_prod":false,"is_daily":false,"is_ascension_mode":false,"campfire_upgraded":3,"timestamp":1522524689,"path_taken":["M","?","M","M","M","R","M","E","T","R","M","$","M","?","R","BOSS","M","?","$","M","M","R","M","R","T","M","?","E","R","M","R","BOSS"],"build_version":"2018-03-29","purchased_purges":1,"victory":false,"master_deck":["Strike_R","Strike_R","Strike_R","Strike_R","Defend_R","Defend_R","Bash","Blood for Blood+1","Carnage+1","Wild Strike+1","Armaments","Wild Strike","Pummel","True Grit+1","Wild Strike","Perfected Strike+1","Flame Barrier","Wild Strike","Offering+1","Feel No Pain+1","Feel No Pain+1","Madness","Havoc+1","Corruption","True Grit","Thunderclap","Limit Break","Battle Trance"],"max_hp_per_floor":[80,80,80,80,80,80,80,80,80,80,80,80,80,80,80,80,80,80,80,80,80,80,80,80,80,80,80,80,80,80,80,80,80],"relics":["Astrolabe","Pen Nib","Magic Flower","Self Forming Clay","Sozu","Matryoshka","Bag of Marbles","Paper Frog","Peace Pipe"],"card_choices":[{"not_picked":["Warcry","Havoc"],"picked":"Armaments","floor":1},{"not_picked":["Cleave","Berserk"],"picked":"Wild Strike","floor":3},{"not_picked":["Wild Strike","Iron Wave"],"picked":"Pummel","floor":4},{"not_picked":["Shockwave","Thunderclap"],"picked":"True Grit","floor":5},{"not_picked":["Warcry","Thunderclap"],"picked":"Wild Strike","floor":7},{"not_picked":["Heavy Blade","Anger"],"picked":"Perfected Strike","floor":8},{"not_picked":["Fiend Fire","Whirlwind"],"picked":"Flame Barrier","floor":11},{"not_picked":["Barricade","Juggernaut"],"picked":"Offering","floor":16},{"not_picked":["Shrug It Off","Shockwave"],"picked":"Feel No Pain","floor":18},{"not_picked":["Whirlwind","Dropkick"],"picked":"Havoc","floor":21},{"not_picked":["Armaments","True Grit"],"picked":"Corruption","floor":22},{"not_picked":["Warcry","Rupture"],"picked":"True Grit","floor":24},{"not_picked":["Rupture","Anger"],"picked":"Thunderclap","floor":27},{"not_picked":["Anger","Iron Wave"],"picked":"Limit Break","floor":29},{"not_picked":["Ghostly Armor","Rampage"],"picked":"Battle Trance","floor":31}],"player_experience":33308,"potions_floor_usage":[8,22,22,31],"damage_taken":[{"damage":6,"enemies":"Jaw Worm","floor":1,"turns":2},{"damage":2,"enemies":"Small Slimes","floor":3,"turns":2},{"damage":0,"enemies":"2 Louse","floor":4,"turns":2},{"damage":5,"enemies":"Looter","floor":5,"turns":2},{"damage":4,"enemies":"2 Fungi Beasts","floor":7,"turns":3},{"damage":18,"enemies":"Lagavulin","floor":8,"turns":3},{"damage":13,"enemies":"Red Slaver","floor":11,"turns":2},{"damage":6,"enemies":"Exordium Wildlife","floor":13,"turns":2},{"damage":0,"enemies":"Slime Boss","floor":16,"turns":5},{"damage":14,"enemies":"3 Byrds","floor":18,"turns":3},{"damage":20,"enemies":"2 Thieves","floor":21,"turns":3},{"damage":20,"enemies":"Sentry and Sphere","floor":22,"turns":4},{"damage":7,"enemies":"Centurion and Healer","floor":24,"turns":5},{"damage":8,"enemies":"Snake Plant","floor":27,"turns":3},{"damage":26,"enemies":"Gremlin Leader","floor":29,"turns":4},{"damage":10,"enemies":"Chosen and Byrds","floor":31,"turns":2},{"damage":62,"enemies":"Champ","floor":33,"turns":8}],"event_choices":[{"event_name":"Golden Wing","player_choice":"Gained Gold","floor":2,"damage_taken":0},{"event_name":"Dead Adventurer","player_choice":"Searched \u00271\u0027 times","floor":14,"damage_taken":0},{"event_name":"Duplicator","player_choice":"One dupe","floor":19,"damage_taken":0}],"boss_relics":[{"not_picked":["Runic Pyramid","Orrery"],"picked":"Sozu"}],"potions_floor_spawned":[5,7,11,16,18,31],"seed_played":"-1134973169099582778","killed_by":"Champ","ascension_level":0,"is_trial":false}