{"gold_per_floor":[215,34,34,51,51,51,63,88,88,116,116,151,151,170,170,270,270,270,270,270,270,270,270,270,270,270,270,270,270,185,2,2,2,2,2,2,2,2,2,2,2,2,2,2,2,2,2,2,2,2,2,2,2,2,2],"floor_reached":55,"playtime":2418,"items_purged":[],"score":1023,"play_id":"11a41122-ff51-4955-b0f1-9b37d3389b5d","local_time":"20190126221020","is_ascension_mode":true,"campfire_choices":[{"data":"Skewer","floor":6,"key":"SMITH"},{"floor":11,"key":"REST"},{"data":"Noxious Fumes","floor":13,"key":"SMITH"},{"data":"Noxious Fumes","floor":15,"key":"SMITH"},{"data":"A Thousand Cuts","floor":23,"key":"SMITH"},{"floor":29,"key":"REST"},{"floor":32,"key":"REST"},{"data":"Glass Knife","floor":41,"key":"SMITH"},{"floor":47,"key":"REST"},{"floor":49,"key":"RECALL"},{"floor":52,"key":"REST"}],"neow_cost":"NONE","seed_source_timestamp":541871076789917,"circlet_count":0,"master_deck":["Defend_G","Defend_G","Defend_G","Defend_G","Defend_G","Strike_G","Strike_G","Strike_G","Survivor","Neutralize","Sucker Punch","Noxious Fumes+1","Glass Knife+1","Skewer+1","Wraith Form v2+1","Escape Plan","Deflect+1","Catalyst+1","Noxious Fumes+1","A Thousand Cuts+1","Acrobatics+1","Footwork","PiercingWail+1","Cloak And Dagger+1","Calculated Gamble+1","Backflip+1","Catalyst+1","Backstab","Venomology+1","Acrobatics+1","Backstab+1","Leg Sweep+1","Noxious Fumes+1","Backflip+1"],"relics":["Ring of the Snake","Ornamental Fan","Toxic Egg 2","Torii","Tough Bandages","Ectoplasm","Pear","Regal Pillow","Pantograph","Omamori","PreservedInsect","Snake Skull","Sozu","Bag of Marbles","Juzu Bracelet","Bronze Scales"],"potions_floor_usage":[12,18,22,25,33,55,55],"damage_taken":[{"damage":0,"enemies":"Cultist","floor":1,"turns":5},{"damage":0,"enemies":"Jaw Worm","floor":4,"turns":3},{"damage":0,"enemies":"2 Louse","floor":7,"turns":2},{"damage":12,"enemies":"Gremlin Nob","floor":8,"turns":4},{"damage":22,"enemies":"3 Sentries","floor":10,"turns":11},{"damage":13,"enemies":"Gremlin Nob","floor":12,"turns":4},{"damage":1,"enemies":"Exordium Thugs","floor":14,"turns":4},{"damage":5,"enemies":"Hexaghost","floor":16,"turns":9},{"damage":18,"enemies":"Shell Parasite","floor":18,"turns":6},{"damage":11,"enemies":"Spheric Guardian","floor":20,"turns":6},{"damage":8,"enemies":"Chosen and Byrds","floor":21,"turns":7},{"damage":10,"enemies":"Centurion and Healer","floor":22,"turns":6},{"damage":25,"enemies":"Slavers","floor":24,"turns":5},{"damage":0,"enemies":"3 Cultists","floor":25,"turns":5},{"damage":18,"enemies":"Book of Stabbing","floor":27,"turns":5},{"damage":2,"enemies":"Snecko","floor":28,"turns":4},{"damage":18,"enemies":"Collector","floor":33,"turns":6},{"damage":15,"enemies":"3 Darklings","floor":35,"turns":6},{"damage":8,"enemies":"Orb Walker","floor":39,"turns":6},{"damage":8,"enemies":"Reptomancer","floor":40,"turns":6},{"damage":9,"enemies":"Sphere and 2 Shapes","floor":42,"turns":5},{"damage":6,"enemies":"4 Shapes","floor":45,"turns":4},{"damage":1,"enemies":"Giant Head","floor":46,"turns":6},{"damage":44,"enemies":"Donu and Deca","floor":50,"turns":8},{"damage":64,"enemies":"Shield and Spear","floor":54,"turns":5},{"damage":41,"enemies":"The Heart","floor":55,"turns":3}],"seed_played":"-8576278751353237918","potions_obtained":[{"floor":4,"key":"Weak Potion"},{"floor":7,"key":"Dexterity Potion"},{"floor":12,"key":"Regen Potion"},{"floor":16,"key":"Regen Potion"},{"floor":21,"key":"Dexterity Potion"},{"floor":22,"key":"EssenceOfSteel"},{"floor":28,"key":"SkillPotion"}],"is_trial":false,"path_per_floor":["M","$","?","M","?","R","M","E","T","E","R","E","R","M","R","B",null,"M","?","M","M","M","R","E","M","T","E","M","R","?","$","R","B",null,"M","?","$","?","M","E","R","M","T","$","M","E","R","?","R","B",null,"R","$","E","B"],"character_chosen":"THE_SILENT","items_purchased":["Noxious Fumes","Glass Knife","Snake Skull","Backstab"],"campfire_rested":5,"item_purchase_floors":[2,2,31,31],"current_hp_per_floor":[63,63,63,63,63,63,63,51,51,29,50,37,37,36,36,31,60,56,66,55,47,52,52,27,27,27,9,7,46,46,46,80,62,76,61,61,61,61,53,45,45,36,36,36,30,29,68,68,68,36,69,80,80,16,0],"gold":2,"neow_bonus":"HUNDRED_GOLD","is_prod":false,"is_daily":false,"chose_seed":false,"campfire_upgraded":5,"win_rate":0,"timestamp":1548558620,"path_taken":["M","$","?","M","?","R","M","E","T","E","R","E","R","M","R","BOSS","M","?","M","M","M","R","E","M","T","E","M","R","?","$","R","BOSS","M","?","?","?","M","E","R","?","T","$","M","E","R","?","R","BOSS","R","$","E","BOSS"],"build_version":"2019-01-23","purchased_purges":0,"victory":false,"max_hp_per_floor":[70,70,70,70,70,70,70,70,70,70,70,70,70,70,70,70,70,70,80,80,80,80,80,80,80,80,80,80,80,80,80,80,80,80,80,80,80,80,80,80,80,80,80,80,80,80,80,80,80,80,80,80,80,80,80],"card_choices":[{"not_picked":["Prepared","Acrobatics"],"picked":"Sucker Punch","floor":1},{"not_picked":["Quick Slash","Reflex"],"picked":"Skewer","floor":4},{"not_picked":["Deadly Poison","Cloak And Dagger"],"picked":"Wraith Form v2","floor":7},{"not_picked":["Prepared","Outmaneuver"],"picked":"Escape Plan","floor":8},{"not_picked":["Outmaneuver+1","Concentrate+1"],"picked":"Deflect+1","floor":10},{"not_picked":["Outmaneuver+1","Bane"],"picked":"Catalyst+1","floor":12},{"not_picked":["Cloak And Dagger+1","Deflect+1"],"picked":"Noxious Fumes","floor":14},{"not_picked":["Phantasmal Killer+1","Grand Finale"],"picked":"A Thousand Cuts","floor":16},{"not_picked":["Bane+1","Distraction+1"],"picked":"Acrobatics+1","floor":18},{"not_picked":["Dagger Spray+1","Quick Slash","Setup+1"],"picked":"SKIP","floor":20},{"not_picked":["Dagger Throw+1","Terror+1"],"picked":"Footwork","floor":21},{"not_picked":["Dash","Sucker Punch"],"picked":"PiercingWail+1","floor":22},{"not_picked":["Concentrate+1","Outmaneuver+1"],"picked":"Cloak And Dagger+1","floor":24},{"not_picked":["A Thousand Cuts","Deflect+1"],"picked":"Calculated Gamble+1","floor":25},{"not_picked":["Noxious Fumes+1","Endless Agony"],"picked":"Backflip+1","floor":27},{"not_picked":["Flying Knee","Deadly Poison+1"],"picked":"Catalyst+1","floor":28},{"not_picked":["A Thousand Cuts","Storm of Steel+1"],"picked":"Venomology+1","floor":33},{"not_picked":["Quick Slash","Slice"],"picked":"Acrobatics+1","floor":35},{"not_picked":["Finisher+1","Sucker Punch+1","Blade Dance+1"],"picked":"SKIP","floor":39},{"not_picked":["Acrobatics+1","Quick Slash"],"picked":"Backstab+1","floor":40},{"not_picked":["Catalyst+1","Quick Slash"],"picked":"Leg Sweep+1","floor":42},{"not_picked":["Deadly Poison+1","Dagger Spray+1"],"picked":"Noxious Fumes+1","floor":45},{"not_picked":["Deflect+1","Dagger Throw+1"],"picked":"Backflip+1","floor":46},{"not_picked":["Riddle With Holes","Eviscerate+1","Underhanded Strike+1"],"picked":"SKIP","floor":54}],"player_experience":1318476,"relics_obtained":[{"floor":8,"key":"Ornamental Fan"},{"floor":9,"key":"Toxic Egg 2"},{"floor":10,"key":"Torii"},{"floor":12,"key":"Tough Bandages"},{"floor":24,"key":"Regal Pillow"},{"floor":26,"key":"Pantograph"},{"floor":27,"key":"Omamori"},{"floor":40,"key":"Bag of Marbles"},{"floor":46,"key":"Juzu Bracelet"},{"floor":54,"key":"Bronze Scales"}],"event_choices":[{"cards_removed":["Strike_G"],"damage_healed":0,"gold_gain":0,"player_choice":"Forget","damage_taken":0,"max_hp_gain":0,"max_hp_loss":0,"event_name":"Living Wall","floor":3,"gold_loss":0},{"damage_healed":0,"gold_gain":0,"player_choice":"Ignored","damage_taken":0,"max_hp_gain":0,"max_hp_loss":0,"event_name":"Liars Game","floor":5,"gold_loss":0},{"damage_healed":0,"gold_gain":0,"player_choice":"Opened","damage_taken":0,"relics_obtained":["Pear"],"max_hp_gain":0,"max_hp_loss":0,"event_name":"The Mausoleum","floor":19,"gold_loss":0},{"damage_healed":0,"gold_gain":0,"player_choice":"Obtained Relic","damage_taken":0,"relics_obtained":["PreservedInsect"],"max_hp_gain":0,"max_hp_loss":0,"event_name":"Addict","floor":30,"gold_loss":85},{"damage_healed":0,"gold_gain":0,"player_choice":"Upgraded","damage_taken":0,"max_hp_gain":0,"max_hp_loss":0,"event_name":"Upgrade Shrine","floor":36,"gold_loss":0,"cards_upgraded":["Wraith Form v2"]},{"cards_removed":["Strike_G"],"damage_healed":0,"gold_gain":0,"player_choice":"Removed Attack","damage_taken":0,"max_hp_gain":0,"max_hp_loss":0,"event_name":"Falling","floor":38,"gold_loss":0},{"damage_healed":0,"gold_gain":0,"player_choice":"Got Potions","damage_taken":0,"max_hp_gain":0,"max_hp_loss":0,"event_name":"Lab","floor":48,"gold_loss":0}],"is_beta":true,"boss_relics":[{"not_picked":["WristBlade","Orrery"],"picked":"Ectoplasm"},{"not_picked":["Philosopher\u0027s Stone","White Beast Statue"],"picked":"Sozu"}],"items_purged_floors":[],"is_endless":false,"potions_floor_spawned":[4,7,12,16,21,22,24,28,35,40,45,46],"killed_by":"The Heart","ascension_level":7}