{"gold_per_floor":[20,20,34,34,50,85,85,85,108,2,2,2,13,13,13,13],"floor_reached":16,"playtime":400,"items_purged":[],"score":108,"play_id":"ec71d403-5eee-4e7d-9501-3cd6b9b69a68","local_time":"20190120192213","is_ascension_mode":true,"campfire_choices":[{"floor":7,"key":"REST"},{"floor":15,"key":"REST"}],"neow_cost":"NO_GOLD","seed_source_timestamp":15354353022697,"circlet_count":0,"master_deck":["Strike_B","Strike_B+1","Strike_B","Strike_B+1","Defend_B","Defend_B","Defend_B","Defend_B","Zap","Dualcast","Fission","Gash","Go for the Eyes","Capacitor","Auto Shields","Defragment","Genetic Algorithm","Beam Cell"],"relics":["Cracked Core","Ancient Tea Set","Smiling Mask","Whetstone"],"potions_floor_usage":[],"damage_taken":[{"damage":4,"enemies":"Jaw Worm","floor":1,"turns":3},{"damage":10,"enemies":"Small Slimes","floor":3,"turns":4},{"damage":0,"enemies":"2 Louse","floor":5,"turns":2},{"damage":43,"enemies":"Gremlin Nob","floor":6,"turns":5},{"damage":1,"enemies":"Looter","floor":13,"turns":3},{"damage":53,"enemies":"Slime Boss","floor":16,"turns":7}],"seed_played":"-787733846442281532","potions_obtained":[{"floor":1,"key":"FocusPotion"},{"floor":13,"key":"Poison Potion"}],"is_trial":false,"path_per_floor":["M","?","M","$","M","E","R","?","T","$","?","$","M","$","R","B"],"character_chosen":"DEFECT","items_purchased":["Defragment","Genetic Algorithm"],"campfire_rested":2,"item_purchase_floors":[10,10],"current_hp_per_floor":[71,59,49,49,49,6,28,28,28,28,28,28,27,27,49,0],"gold":13,"neow_bonus":"THREE_RARE_CARDS","is_prod":false,"is_daily":false,"chose_seed":false,"campfire_upgraded":0,"win_rate":0,"timestamp":1548030133,"path_taken":["M","?","M","$","M","E","R","?","T","?","?","$","M","?","R","BOSS"],"build_version":"2019-01-19","purchased_purges":0,"victory":false,"max_hp_per_floor":[75,75,75,75,75,75,75,75,75,75,75,75,75,75,75,75],"card_choices":[{"not_picked":["Rainbow","Buffer"],"picked":"Fission","floor":0},{"not_picked":["Reinforced Body","Heatsinks"],"picked":"Gash","floor":1},{"not_picked":["Streamline","Skim"],"picked":"Go for the Eyes","floor":3},{"not_picked":["Reprogram","Auto Shields"],"picked":"Capacitor","floor":5},{"not_picked":["Barrage","Go for the Eyes"],"picked":"Auto Shields","floor":6},{"not_picked":["Go for the Eyes","Streamline"],"picked":"Beam Cell","floor":13}],"player_experience":1294995,"relics_obtained":[{"floor":6,"key":"Smiling Mask"},{"floor":9,"key":"Whetstone"}],"event_choices":[{"damage_healed":0,"gold_gain":0,"player_choice":"Success","damage_taken":12,"relics_obtained":["Ancient Tea Set"],"max_hp_gain":0,"max_hp_loss":0,"event_name":"Scrap Ooze","floor":2,"gold_loss":0},{"damage_healed":0,"gold_gain":0,"player_choice":"Ignored","damage_taken":0,"max_hp_gain":0,"max_hp_loss":0,"event_name":"Liars Game","floor":8,"gold_loss":0},{"damage_healed":0,"gold_gain":0,"player_choice":"Ignored","damage_taken":0,"max_hp_gain":0,"max_hp_loss":0,"event_name":"Shining Light","floor":11,"gold_loss":0}],"is_beta":true,"boss_relics":[],"items_purged_floors":[],"is_endless":false,"potions_floor_spawned":[1,13],"killed_by":"Slime Boss","ascension_level":2}