{"path_per_floor":["M","M","M","?","?","E","R","M","T","M","M","M","$","$","R","B",null,"M","$","?","M","M","R","M","M","T","M","$","?","R","M","R"],"character_chosen":"DEFECT","items_purchased":["FTL","Capacitor","Capacitor","Tempest","Hyperbeam","Cold Snap","Sunder"],"gold_per_floor":[111,126,141,121,121,154,154,164,164,175,190,205,109,9,9,113,113,131,3,3,15,29,29,47,65,90,109,28,28,28,39,39,39],"floor_reached":33,"campfire_rested":5,"playtime":1058,"current_hp_per_floor":[64,64,64,64,49,39,61,52,52,50,50,27,27,27,49,24,75,73,73,57,57,41,63,53,42,42,22,22,22,44,24,46,0],"items_purged":[],"gold":39,"score":253,"play_id":"14317760-bfc1-4537-8c94-28e5f773be64","local_time":"20180428233829","is_prod":false,"is_daily":false,"chose_seed":false,"is_ascension_mode":false,"campfire_upgraded":0,"timestamp":1524973109,"path_taken":["M","M","M","?","?","E","R","M","T","M","M","?","?","$","R","BOSS","M","$","?","M","M","R","M","M","T","M","?","?","R","M","R","BOSS"],"build_version":"2018-04-27v3","seed_source_timestamp":1436019671945710,"purchased_purges":0,"victory":false,"master_deck":["Strike_B+1","Strike_B+1","Defend_B","Defend_B","Defend_B","Zap","Dualcast","Auto Shields","Glacier","Beam Cell","Barrage","Axe Kick","Coolheaded","FTL","Axe Kick","FTL","Capacitor","Capacitor","Tempest","Redo","White Noise+1","Reprogram+1","Melter+1","Aggregate","Hyperbeam","Cold Snap","Axe Kick+1","Blizzard","Go for the Eyes","Go for the Eyes","FTL+1","Sunder","Writhe","Echo Form"],"max_hp_per_floor":[75,75,75,75,75,75,75,75,75,75,75,75,75,75,75,75,75,75,75,75,75,75,75,75,75,75,75,75,75,75,75,75,75],"relics":["Cracked Core","Pen Nib","Mummified Hand","Shuriken","Astrolabe","Nilry\u0027s Codex","Vajra","Orichalcum"],"card_choices":[{"not_picked":["Flux Capacitor","Rebound"],"picked":"Auto Shields","floor":1},{"not_picked":["Axe Kick","Static Discharge"],"picked":"Glacier","floor":2},{"not_picked":["Gash","Recycle"],"picked":"Beam Cell","floor":3},{"not_picked":["Impulse","Reboot"],"picked":"Barrage","floor":6},{"not_picked":["Leap","Darkness"],"picked":"Axe Kick","floor":8},{"not_picked":["Gash","Streamline"],"picked":"Coolheaded","floor":10},{"not_picked":["Rebound","Hello World"],"picked":"FTL","floor":11},{"not_picked":["Hologram","Barrage"],"picked":"Axe Kick","floor":12},{"not_picked":["Hyperbeam","Nova"],"picked":"Redo","floor":16},{"not_picked":["Hologram","Capacitor"],"picked":"Aggregate","floor":18},{"not_picked":["Coolheaded","Go for the Eyes"],"picked":"Axe Kick","floor":21},{"not_picked":["Impulse","Heatsinks"],"picked":"Blizzard","floor":22},{"not_picked":["Storm","Static Discharge"],"picked":"Go for the Eyes","floor":24},{"not_picked":["Steam Power","Sweeping Beam"],"picked":"Go for the Eyes","floor":25},{"not_picked":["Hologram","Turbo"],"picked":"FTL","floor":27},{"not_picked":["Scrape","Stack"],"picked":"Echo Form","floor":31}],"player_experience":319146,"potions_floor_usage":[6,6,16,18,27,27,33],"damage_taken":[{"damage":11,"enemies":"Jaw Worm","floor":1,"turns":3},{"damage":0,"enemies":"Cultist","floor":2,"turns":3},{"damage":0,"enemies":"2 Louse","floor":3,"turns":3},{"damage":10,"enemies":"Gremlin Nob","floor":6,"turns":3},{"damage":9,"enemies":"2 Fungi Beasts","floor":8,"turns":3},{"damage":2,"enemies":"3 Louse","floor":10,"turns":3},{"damage":0,"enemies":"Red Slaver","floor":11,"turns":2},{"damage":23,"enemies":"Exordium Thugs","floor":12,"turns":5},{"damage":25,"enemies":"Hexaghost","floor":16,"turns":9},{"damage":2,"enemies":"3 Byrds","floor":18,"turns":3},{"damage":0,"enemies":"Spheric Guardian","floor":21,"turns":2},{"damage":16,"enemies":"Centurion and Healer","floor":22,"turns":4},{"damage":10,"enemies":"Sentry and Sphere","floor":24,"turns":3},{"damage":11,"enemies":"Snecko","floor":25,"turns":5},{"damage":20,"enemies":"Cultist and Chosen","floor":27,"turns":4},{"damage":20,"enemies":"Snake Plant","floor":31,"turns":4},{"damage":61,"enemies":"Collector","floor":33,"turns":6}],"event_choices":[{"event_name":"The Woman in Blue","player_choice":"Bought 1 Potion","floor":4,"damage_taken":0},{"event_name":"Shining Light","player_choice":"Entered Light","floor":5,"damage_taken":0},{"event_name":"Cursed Tome","player_choice":"Obtained Book","floor":20,"damage_taken":0},{"event_name":"The Mausoleum","player_choice":"Yes","floor":29,"damage_taken":0}],"boss_relics":[{"not_picked":["White Beast Statue","Orrery"],"picked":"Astrolabe"}],"potions_floor_spawned":[1,2,8,12,18,31],"seed_played":"-7512023413015186614","killed_by":"Collector","ascension_level":0,"is_trial":false}