{"gold_per_floor":[17,17,34,45,45,45,75,75,75,108,118,147,23,33,33,104,104,122,322,337,355,372,372,406,506,506,506,531,531,554,554,554,631,631,643,643,662,712,551,582,562,562,562,213,247,247,280,294,294,294,294,294,294,29,62,62],"floor_reached":57,"playtime":5045,"items_purged":["Strike_G","Strike_G"],"score":3163,"play_id":"b3f51d94-54c3-4bd0-8ec5-2ef4cb5f6592","local_time":"20190217210408","is_ascension_mode":true,"campfire_choices":[{"data":"Poisoned Stab","floor":6.0,"key":"SMITH"},{"floor":8.0,"key":"REST"},{"data":"Footwork","floor":15.0,"key":"SMITH"},{"data":"Neutralize","floor":23,"key":"SMITH"},{"data":"Glass Knife","floor":27,"key":"SMITH"},{"data":"1","floor":29,"key":"LIFT"},{"floor":32,"key":"RECALL"},{"floor":42,"key":"REST"},{"data":"Well Laid Plans","floor":49,"key":"SMITH"},{"data":"Leg Sweep","floor":53,"key":"SMITH"}],"neow_cost":"NO_GOLD","seed_source_timestamp":180093867185186,"circlet_count":0,"master_deck":["AscendersBane","Defend_G","Defend_G","Defend_G","Defend_G","Defend_G","Survivor","Neutralize+1","Dodge and Roll","Corpse Explosion","Poisoned Stab+1","Deadly Poison","Dash","Crippling Poison","Leg Sweep+1","Footwork+1","Well Laid Plans+1","Glass Knife+1","PiercingWail+1","Blur+1","Malaise+1","Catalyst+1","Blur+1","Deadly Poison+1","Calculated Gamble+1","Noxious Fumes+1","Blur+1","Bouncing Flask+1"],"special_seed":0,"relics":["Ring of the Snake","Singing Bowl","Bag of Preparation","Mercury Hourglass","Pear","Girya","Velvet Choker","Paper Crane","Incense Burner","Toxic Egg 2","Sundial","Oddly Smooth Stone","Snecko Eye","Juzu Bracelet","Mummified Hand","Strawberry","Kunai","Frozen Egg 2","Orichalcum","Letter Opener"],"potions_floor_usage":[24,25,51,56],"damage_taken":[{"damage":2.0,"enemies":"Small Slimes","floor":1.0,"turns":4.0},{"damage":0.0,"enemies":"2 Louse","floor":3.0,"turns":3.0},{"damage":0.0,"enemies":"Cultist","floor":4.0,"turns":4.0},{"damage":31.0,"enemies":"Gremlin Nob","floor":7.0,"turns":4.0},{"damage":13.0,"enemies":"Lagavulin","floor":10.0,"turns":7.0},{"damage":0.0,"enemies":"Exordium Thugs","floor":11.0,"turns":3.0},{"damage":22.0,"enemies":"3 Sentries","floor":12.0,"turns":3.0},{"damage":0.0,"enemies":"3 Louse","floor":14.0,"turns":1.0},{"damage":6.0,"enemies":"Hexaghost","floor":16.0,"turns":10.0},{"damage":0.0,"enemies":"Chosen","floor":18.0,"turns":5.0},{"damage":0,"enemies":"3 Byrds","floor":20,"turns":4},{"damage":0,"enemies":"Snecko","floor":21,"turns":6},{"damage":1,"enemies":"Shelled Parasite and Fungi","floor":22,"turns":9},{"damage":0,"enemies":"Gremlin Leader","floor":24,"turns":8},{"damage":1,"enemies":"Colosseum Slavers","floor":25,"turns":4},{"damage":0,"enemies":"Colosseum Nobs","floor":25,"turns":3},{"damage":5,"enemies":"Book of Stabbing","floor":28,"turns":8},{"damage":28,"enemies":"Collector","floor":33,"turns":11},{"damage":0,"enemies":"3 Shapes","floor":35,"turns":4},{"damage":5,"enemies":"3 Darklings","floor":37,"turns":3},{"damage":12,"enemies":"Reptomancer","floor":40,"turns":6},{"damage":0,"enemies":"Giant Head","floor":45,"turns":9},{"damage":0,"enemies":"Reptomancer","floor":47,"turns":5},{"damage":2,"enemies":"Spire Growth","floor":48,"turns":5},{"damage":0,"enemies":"Time Eater","floor":50,"turns":19},{"damage":6,"enemies":"Donu and Deca","floor":51,"turns":12},{"damage":1,"enemies":"Shield and Spear","floor":55,"turns":5},{"damage":0,"enemies":"The Heart","floor":56,"turns":10}],"seed_played":"-8076903862104758506","potions_obtained":[{"floor":1.0,"key":"Fire Potion"},{"floor":3.0,"key":"PowerPotion"},{"floor":14.0,"key":"Explosive Potion"},{"floor":16.0,"key":"AttackPotion"},{"floor":24,"key":"LiquidBronze"},{"floor":28,"key":"Weak Potion"},{"floor":33,"key":"PowerPotion"},{"floor":47,"key":"Energy Potion"},{"floor":48,"key":"Block Potion"}],"is_trial":false,"path_per_floor":["M","?","M","M","?","R","E","R","T","E","M","E","$","M","R","B",null,"M","?","M","M","M","R","E","?","T","R","E","R","T","?","R","B",null,"M","?","M","?","$","E","?","R","T","$","E","?","E","M","R","B","B",null,"R","$","E","B",null],"character_chosen":"THE_SILENT","items_purchased":["Footwork","LiquidBronze","GhostInAJar","Strawberry","Blur+1","Noxious Fumes+1","Blur+1","Bouncing Flask+1","PowerPotion"],"campfire_rested":2,"item_purchase_floors":[13,13,39,44,44,54,54,54,54],"current_hp_per_floor":[57,57,57,57,57,57,28,48,48,45,45,23,23,23,23,17,63,65,65,67,67,68,68,70,71,71,71,68,68,68,68,68,40,78,78,78,75,75,75,65,65,93,93,100,100,100,100,100,100,100,94,101,101,101,102,102],"gold":62,"neow_bonus":"TRANSFORM_TWO_CARDS","is_prod":false,"is_daily":false,"chose_seed":false,"campfire_upgraded":6,"win_rate":0,"timestamp":1550466248,"path_taken":["M","?","M","M","?","R","E","R","T","E","?","E","?","M","R","BOSS","M","?","M","M","?","R","E","?","T","R","E","R","?","?","R","BOSS","M","?","M","?","$","E","?","R","T","?","E","?","E","M","R","BOSS","BOSS","R","$","E","BOSS"],"build_version":"2019-02-06","purchased_purges":2,"victory":true,"max_hp_per_floor":[66,66,66,66,66,66,68,68,68,78,78,78,78,78,78,78,78,80,80,82,82,84,84,86,88,88,88,90,90,90,90,90,90,90,90,90,92,92,92,94,94,94,94,101,101,101,101,103,103,103,103,103,103,103,105,105],"card_choices":[{"not_picked":["Blur","Sucker Punch"],"picked":"Poisoned Stab","floor":1.0},{"not_picked":["Setup","Slice"],"picked":"Deadly Poison","floor":3.0},{"not_picked":["Blade Dance","Escape Plan","Bullet Time"],"picked":"SKIP","floor":4.0},{"not_picked":["Dagger Spray","Distraction","Quick Slash"],"picked":"Singing Bowl","floor":7.0},{"not_picked":["Backflip","Choke"],"picked":"Dash","floor":10.0},{"not_picked":["Backflip","Endless Agony"],"picked":"Crippling Poison","floor":11.0},{"not_picked":["Grand Finale","Quick Slash"],"picked":"Leg Sweep","floor":12.0},{"not_picked":["Distraction","Slice"],"picked":"Well Laid Plans","floor":14.0},{"not_picked":["Storm of Steel","Burst"],"picked":"Glass Knife","floor":16.0},{"not_picked":["Caltrops","Tactician","Endless Agony"],"picked":"Singing Bowl","floor":18.0},{"not_picked":["Finisher","Calculated Gamble","Deadly Poison"],"picked":"Singing Bowl","floor":20},{"not_picked":["Deadly Poison","Poisoned Stab"],"picked":"PiercingWail+1","floor":21},{"not_picked":["Quick Slash","Expertise","Bane"],"picked":"Singing Bowl","floor":22},{"not_picked":["Bane","Choke","Tools of the Trade"],"picked":"Singing Bowl","floor":24},{"not_picked":["Riddle With Holes","Dagger Spray","Infinite Blades+1"],"picked":"Singing Bowl","floor":25},{"not_picked":["Reflex+1","Heel Hook","Dagger Throw+1"],"picked":"Singing Bowl","floor":28},{"not_picked":["Grand Finale","Adrenaline+1"],"picked":"Malaise+1","floor":33},{"not_picked":["Skewer","Acrobatics+1"],"picked":"Catalyst+1","floor":35},{"not_picked":["Escape Plan+1","Flying Knee","Dagger Spray"],"picked":"Singing Bowl","floor":37},{"not_picked":["Prepared+1","Setup+1","Poisoned Stab"],"picked":"Singing Bowl","floor":40},{"not_picked":["Sucker Punch","Calculated Gamble+1"],"picked":"Deadly Poison+1","floor":45},{"not_picked":["Dagger Spray+1","Heel Hook"],"picked":"Calculated Gamble+1","floor":47},{"not_picked":["Bane+1","Underhanded Strike","Quick Slash"],"picked":"Singing Bowl","floor":48},{"not_picked":["Deflect+1","Finisher+1","Outmaneuver+1"],"picked":"Singing Bowl","floor":55}],"player_experience":1337244,"relics_obtained":[{"floor":5.0,"key":"Singing Bowl"},{"floor":7.0,"key":"Bag of Preparation"},{"floor":9.0,"key":"Mercury Hourglass"},{"floor":10.0,"key":"Pear"},{"floor":12.0,"key":"Girya"},{"floor":24,"key":"Paper Crane"},{"floor":25,"key":"Incense Burner"},{"floor":25,"key":"Toxic Egg 2"},{"floor":28,"key":"Sundial"},{"floor":30,"key":"Oddly Smooth Stone"},{"floor":40,"key":"Juzu Bracelet"},{"floor":43,"key":"Mummified Hand"},{"floor":45,"key":"Kunai"},{"floor":47,"key":"Orichalcum"},{"floor":55,"key":"Letter Opener"}],"event_choices":[{"damage_healed":0.0,"max_hp_gain":0.0,"max_hp_loss":0.0,"gold_gain":0.0,"event_name":"Liars Game","player_choice":"Ignored","floor":2.0,"gold_loss":0.0,"damage_taken":0.0},{"damage_healed":0.0,"max_hp_gain":0.0,"max_hp_loss":0.0,"gold_gain":0.0,"event_name":"Wheel of Change","player_choice":"Relic","floor":5.0,"gold_loss":0.0,"damage_taken":0.0},{"damage_healed":0,"gold_gain":250,"player_choice":"Bet on Owner","damage_taken":0,"max_hp_gain":0,"max_hp_loss":0,"event_name":"The Joust","floor":19,"gold_loss":50},{"damage_healed":0,"gold_gain":0,"player_choice":"Fight","damage_taken":0,"max_hp_gain":0,"max_hp_loss":0,"event_name":"Colosseum","floor":25,"gold_loss":0},{"damage_healed":0,"gold_gain":0,"player_choice":"Fought Nobs","damage_taken":0,"max_hp_gain":0,"max_hp_loss":0,"event_name":"Colosseum","floor":25,"gold_loss":0},{"damage_healed":0,"gold_gain":0,"player_choice":"Read","damage_taken":0,"max_hp_gain":0,"max_hp_loss":0,"event_name":"The Library","floor":31,"gold_loss":0,"cards_obtained":["Blur"]},{"cards_removed":["Strike_G"],"damage_healed":0,"gold_gain":0,"player_choice":"Removed Attack","damage_taken":0,"max_hp_gain":0,"max_hp_loss":0,"event_name":"Falling","floor":36,"gold_loss":0},{"damage_healed":0,"gold_gain":50,"player_choice":"Pray","damage_taken":0,"max_hp_gain":0,"max_hp_loss":0,"event_name":"Golden Shrine","floor":38,"gold_loss":0},{"damage_healed":0,"gold_gain":0,"player_choice":"Bought 1 Potion","damage_taken":0,"max_hp_gain":0,"max_hp_loss":0,"event_name":"The Woman in Blue","floor":41,"gold_loss":0},{"damage_healed":0,"gold_gain":0,"player_choice":"Gave Potion","damage_taken":0,"relics_obtained":["Frozen Egg 2"],"max_hp_gain":0,"max_hp_loss":0,"event_name":"WeMeetAgain","floor":46,"gold_loss":0}],"is_beta":true,"boss_relics":[{"not_picked":["Cursed Key","Tiny House"],"picked":"Velvet Choker"},{"not_picked":["Ring of the Serpent","HoveringKite"],"picked":"Snecko Eye"}],"items_purged_floors":[39,44],"is_endless":false,"potions_floor_spawned":[1,3,14,16,20,24,28,33,35,47,48,55],"ascension_level":20}