{"gold_per_floor":[109,121,67,67,67,67,86,127,127,127],"floor_reached":10,"playtime":510,"items_purged":[],"score":132,"play_id":"f20ba5f7-5da6-43bd-b652-2d66e2763e92","local_time":"20190121145842","is_ascension_mode":true,"campfire_choices":[{"data":"Bash","floor":6.0,"key":"SMITH"}],"neow_cost":"NONE","seed_source_timestamp":409456005936486,"circlet_count":0,"master_deck":["AscendersBane","Strike_R","Strike_R","Strike_R","Strike_R","Defend_R","Defend_R","Defend_R","Defend_R","Bash+1","Iron Wave","Headbutt","Anger","Immolate"],"special_seed":0,"relics":["Burning Blood","Golden Idol","Sundial"],"potions_floor_usage":[],"damage_taken":[{"damage":7.0,"enemies":"Small Slimes","floor":1.0,"turns":4.0},{"damage":7.0,"enemies":"Cultist","floor":2.0,"turns":4.0},{"damage":5.0,"enemies":"2 Louse","floor":7.0,"turns":4.0},{"damage":29.0,"enemies":"3 Sentries","floor":8.0,"turns":11.0},{"damage":45,"enemies":"Gremlin Nob","floor":10,"turns":4}],"seed_played":"-5787694576986596388","potions_obtained":[{"floor":2.0,"key":"Dexterity Potion"}],"is_trial":false,"path_per_floor":["?","?"],"character_chosen":"IRONCLAD","items_purchased":["Fire Potion"],"campfire_rested":0,"item_purchase_floors":[3],"current_hp_per_floor":[67,66,66,66,66,66,67,44,44,0],"gold":127,"neow_bonus":"REMOVE_CARD","is_prod":false,"is_daily":false,"chose_seed":false,"campfire_upgraded":1,"win_rate":0,"timestamp":1548111522,"path_taken":["M","M","$","?","?","R","M","E","T","E"],"build_version":"2019-01-20","purchased_purges":0,"victory":false,"max_hp_per_floor":[75,75,75,68,68,68,68,68,68,68],"card_choices":[{"not_picked":["Body Slam","Flex"],"picked":"Iron Wave","floor":1.0},{"not_picked":["Thunderclap","Fire Breathing"],"picked":"Headbutt","floor":2.0},{"not_picked":["Ghostly Armor","Sword Boomerang"],"picked":"Anger","floor":7.0},{"not_picked":["Twin Strike","Combust"],"picked":"Immolate","floor":8.0}],"player_experience":1267911,"relics_obtained":[{"floor":8.0,"key":"Sundial"}],"event_choices":[{"damage_healed":0.0,"max_hp_gain":0.0,"max_hp_loss":7.0,"gold_gain":0.0,"event_name":"Golden Idol","player_choice":"Lose Max HP","floor":4.0,"gold_loss":0.0,"damage_taken":0.0,"relics_obtained":["Golden Idol"]},{"damage_healed":0.0,"max_hp_gain":0.0,"max_hp_loss":0.0,"gold_gain":0.0,"event_name":"Liars Game","player_choice":"Ignored","floor":5.0,"gold_loss":0.0,"damage_taken":0.0}],"is_beta":true,"boss_relics":[],"items_purged_floors":[],"is_endless":false,"potions_floor_spawned":[2],"killed_by":"Gremlin Nob","ascension_level":20}