{"path_per_floor":["M","M","?","?","M","R","M","M","T","M","R","E","M","M","R","B",null,"M","M","?","?","M","R","$","M","T","M","M","$","?","?","R"],"character_chosen":"IRONCLAD","items_purchased":["Offering","Shockwave","Impervious"],"gold_per_floor":[14,28,28,28,48,48,68,82,108,125,125,152,166,186,186,286,286,305,321,246,246,263,263,55,69,69,88,102,22,22,22,22,22],"floor_reached":33,"campfire_rested":2,"playtime":1013,"current_hp_per_floor":[96,95,95,83,89,89,86,90,90,96,96,56,62,68,68,28,96,46,26,26,26,35,63,63,18,18,12,13,13,13,45,73,0],"items_purged":[],"gold":22,"score":278,"play_id":"283f86f9-3f08-48c6-bbf5-083a4cc9aa8d","local_time":"20180421133325","is_prod":false,"is_daily":false,"chose_seed":false,"is_ascension_mode":false,"campfire_upgraded":3,"timestamp":1524332005,"path_taken":["M","M","?","?","M","R","M","M","T","M","R","E","?","M","R","BOSS","M","M","?","?","M","R","$","M","T","M","M","$","?","?","R","BOSS"],"build_version":"2018-04-19","seed_source_timestamp":794902080351936,"purchased_purges":0,"victory":false,"master_deck":["Strike_R","Strike_R","Strike_R","Defend_R","Defend_R","Defend_R","Defend_R","Bash","Reckless Charge","Shrug It Off","Inflame+1","Evolve","True Grit","Heavy Blade+1","Battle Trance","Shrug It Off","Flex+1","Barricade","Wild Strike","Warcry","Armaments+1","Inflame","Offering","Shockwave","Disarm","Armaments","Havoc","Flex","Impervious","Shrug It Off"],"max_hp_per_floor":[96,96,96,96,96,96,96,96,96,96,96,96,96,96,96,96,96,96,96,96,96,96,96,96,96,96,96,96,96,96,96,96,96],"relics":["Burning Blood","Dream Catcher","Prayer Wheel","Bag of Marbles","Black Star","Sundial"],"card_choices":[{"not_picked":["Havoc","Heavy Blade"],"picked":"Reckless Charge","floor":1},{"not_picked":["Sentinel","Blood for Blood"],"picked":"Shrug It Off","floor":2},{"not_picked":["Perfected Strike","Armaments"],"picked":"Inflame","floor":5},{"not_picked":["Twin Strike","Flex"],"picked":"Evolve","floor":7},{"not_picked":["Ghostly Armor","Dual Wield"],"picked":"True Grit","floor":8},{"not_picked":["Battle Trance","Flex"],"picked":"Heavy Blade","floor":10},{"not_picked":["Reckless Charge","Flame Barrier"],"picked":"Battle Trance","floor":12},{"not_picked":["Dropkick","Warcry"],"picked":"Shrug It Off","floor":13},{"not_picked":["Sword Boomerang","Rage"],"picked":"Flex","floor":14},{"not_picked":["Feed","Dark Embrace"],"picked":"Barricade","floor":16},{"not_picked":["Combust","Iron Wave"],"picked":"Wild Strike","floor":18},{"not_picked":["Clothesline","Hemokinesis"],"picked":"Warcry","floor":19},{"not_picked":["Havoc","Searing Blow"],"picked":"Armaments","floor":22},{"not_picked":["Cleave","Evolve"],"picked":"Inflame","floor":23},{"not_picked":["Shrug It Off","Wild Strike"],"picked":"Disarm","floor":25},{"not_picked":["Burning Pact","Shockwave"],"picked":"Armaments","floor":26},{"not_picked":["Perfected Strike","Iron Wave"],"picked":"Havoc","floor":27},{"not_picked":["Flame Barrier","Hemokinesis"],"picked":"Flex","floor":28},{"not_picked":["Twin Strike","Whirlwind"],"picked":"Shrug It Off","floor":32}],"player_experience":268549,"potions_floor_usage":[10,22,33],"damage_taken":[{"damage":6,"enemies":"Jaw Worm","floor":1,"turns":4},{"damage":7,"enemies":"2 Louse","floor":2,"turns":3},{"damage":0,"enemies":"Cultist","floor":5,"turns":3},{"damage":9,"enemies":"Blue Slaver","floor":7,"turns":3},{"damage":2,"enemies":"2 Fungi Beasts","floor":8,"turns":4},{"damage":0,"enemies":"Lots of Slimes","floor":10,"turns":1},{"damage":46,"enemies":"Lagavulin","floor":12,"turns":8},{"damage":0,"enemies":"Large Slime","floor":13,"turns":4},{"damage":0,"enemies":"2 Fungi Beasts","floor":14,"turns":2},{"damage":46,"enemies":"Hexaghost","floor":16,"turns":8},{"damage":56,"enemies":"Spheric Guardian","floor":18,"turns":8},{"damage":26,"enemies":"Shell Parasite","floor":19,"turns":6},{"damage":12,"enemies":"Centurion and Healer","floor":22,"turns":6},{"damage":51,"enemies":"Cultist and Chosen","floor":25,"turns":6},{"damage":12,"enemies":"Snake Plant","floor":27,"turns":3},{"damage":5,"enemies":"Snecko","floor":28,"turns":8},{"damage":76,"enemies":"Collector","floor":33,"turns":9}],"event_choices":[{"event_name":"Shining Light","player_choice":"Ignored","floor":3,"damage_taken":0},{"event_name":"Scrap Ooze","player_choice":"success","floor":4,"damage_taken":12},{"event_name":"Beggar","player_choice":"Gave Gold","floor":20,"damage_taken":0},{"event_name":"Drug Dealer","player_choice":"Ignored","floor":21,"damage_taken":0},{"event_name":"Purifier","player_choice":"One Purge","floor":30,"damage_taken":0},{"event_name":"The Library","player_choice":"Heal","floor":31,"damage_taken":0}],"boss_relics":[{"not_picked":["Philosopher\u0027s Stone","Lizard Tail"],"picked":"Black Star"}],"potions_floor_spawned":[2,5,8,12,16,28],"seed_played":"4935729457231155889","killed_by":"Collector","ascension_level":0,"is_trial":false}