{"gold_per_floor":[213,61,72,72,72,72,72,97,97,97,121,121,160,181,181,181],"floor_reached":16,"playtime":581,"items_purged":[],"score":160,"play_id":"90b95684-630c-4265-be51-ce1c8764cdbd","local_time":"20181216194112","is_ascension_mode":true,"campfire_choices":[{"data":"Bash","floor":6,"key":"SMITH"},{"floor":7,"key":"RECALL"},{"data":"Shrug It Off","floor":12,"key":"SMITH"},{"floor":15,"key":"REST"}],"neow_cost":"NONE","seed_source_timestamp":114490115568792,"circlet_count":0,"master_deck":["AscendersBane","Strike_R","Strike_R","Strike_R","Strike_R","Strike_R","Defend_R","Defend_R","Defend_R","Defend_R","Bash+1","Corruption","Thunderclap+1","Shrug It Off+1","Dark Embrace","Flex","Clothesline"],"relics":["Burning Blood","Bag of Preparation","WingedGreaves","Golden Idol","Dream Catcher","PreservedInsect"],"potions_floor_usage":[11,16],"damage_taken":[{"damage":7,"enemies":"Jaw Worm","floor":1,"turns":6},{"damage":7,"enemies":"2 Louse","floor":3,"turns":4},{"damage":1,"enemies":"Cultist","floor":8,"turns":3},{"damage":17,"enemies":"Exordium Wildlife","floor":11,"turns":5},{"damage":40,"enemies":"3 Sentries","floor":13,"turns":10},{"damage":0,"enemies":"2 Fungi Beasts","floor":14,"turns":3},{"damage":54,"enemies":"Slime Boss","floor":16,"turns":8}],"seed_played":"-5944026761082763455","potions_obtained":[{"floor":1,"key":"Ancient Potion"},{"floor":3,"key":"SkillPotion"}],"is_trial":false,"path_per_floor":["M","$","M","?","?","R","R","M","T","?","M","R","E","M","R","B"],"character_chosen":"IRONCLAD","items_purchased":["Bag of Preparation"],"campfire_rested":1,"item_purchase_floors":[2],"current_hp_per_floor":[71,71,70,63,63,63,63,68,68,68,57,57,23,29,51,0],"gold":181,"neow_bonus":"HUNDRED_GOLD","is_prod":false,"is_daily":false,"chose_seed":false,"campfire_upgraded":2,"win_rate":0,"timestamp":1545007272,"path_taken":["M","$","M","?","?","R","R","M","T","?","?","R","E","M","R","BOSS"],"build_version":"2018-12-13","purchased_purges":0,"victory":false,"max_hp_per_floor":[80,80,80,80,74,74,74,74,74,74,74,74,74,74,74,74],"card_choices":[{"not_picked":["Hemokinesis","Thunderclap"],"picked":"Corruption","floor":1},{"not_picked":["Havoc","Perfected Strike","Bloodletting"],"picked":"SKIP","floor":3},{"not_picked":["Body Slam","Sentinel"],"picked":"Thunderclap","floor":8},{"not_picked":["Intimidate","Power Through"],"picked":"Shrug It Off","floor":11},{"not_picked":["Corruption","Twin Strike"],"picked":"Dark Embrace","floor":13},{"not_picked":["Warcry","Sever Soul"],"picked":"Flex","floor":14},{"not_picked":["Armaments","Flex"],"picked":"Clothesline","floor":15}],"player_experience":996712,"relics_obtained":[{"floor":9,"key":"Dream Catcher"},{"floor":13,"key":"PreservedInsect"}],"event_choices":[{"damage_healed":0,"gold_gain":0,"player_choice":"Success","damage_taken":7,"relics_obtained":["WingedGreaves"],"max_hp_gain":0,"max_hp_loss":0,"event_name":"Scrap Ooze","floor":4,"gold_loss":0},{"damage_healed":0,"gold_gain":0,"player_choice":"Lose Max HP","damage_taken":0,"relics_obtained":["Golden Idol"],"max_hp_gain":0,"max_hp_loss":6,"event_name":"Golden Idol","floor":5,"gold_loss":0},{"damage_healed":0,"gold_gain":0,"player_choice":"Upgraded","damage_taken":0,"max_hp_gain":0,"max_hp_loss":0,"event_name":"Upgrade Shrine","floor":10,"gold_loss":0,"cards_upgraded":["Thunderclap"]}],"is_beta":true,"boss_relics":[],"items_purged_floors":[],"is_endless":false,"potions_floor_spawned":[1,3],"killed_by":"Slime Boss","ascension_level":12}