{"path_per_floor":["M","?","$","M","M","R","T","?","T","M","$","R","E","M","R","B",null,"M","M","?","M","$","M"],"character_chosen":"THE_SILENT","items_purchased":["Apotheosis","Escape Plan","Dagger Spray","Noxious Fumes","Footwork"],"gold_per_floor":[214,289,6,20,31,31,83,83,131,148,0,0,31,46,46,148,148,160,176,176,187,6,23],"floor_reached":24,"campfire_rested":1,"playtime":1498,"current_hp_per_floor":[69,58,58,57,56,56,56,49,49,52,52,52,47,45,66,36,70,62,60,60,41,41,31],"items_purged":["Strike_G","Strike_G"],"gold":23,"score":238,"play_id":"6814417d-2b22-4a48-8997-3b1282dff8b6","local_time":"20180321130238","is_prod":false,"is_daily":false,"is_ascension_mode":true,"campfire_upgraded":2,"timestamp":1521651758,"path_taken":["M","?","$","M","M","R","?","?","T","M","$","R","E","M","R","BOSS","M","M","?","M","$","M","M"],"build_version":"2018-03-15v3","purchased_purges":3,"victory":false,"master_deck":["Defend_G","Defend_G","Defend_G","Defend_G","Defend_G","Strike_G","Strike_G","Survivor","Neutralize","PiercingWail","Apotheosis+1","Escape Plan+1","Dagger Spray","Outmaneuver","Cloak And Dagger","Flechettes","Noxious Fumes","Dodge and Roll","Riddle With Holes","Envenom","Bane","Noxious Fumes","Bouncing Flask","Footwork","Flying Knee"],"max_hp_per_floor":[70,70,70,70,70,70,70,70,70,70,70,70,70,70,70,70,70,70,70,70,70,70,70],"relics":["Ring of the Snake","Ancient Tea Set","Omamori","Juzu Bracelet","The Specimen"],"card_choices":[{"not_picked":["Slice","Phantasmal Killer"],"picked":"PiercingWail"},{"not_picked":["Dagger Spray","Dodge and Roll"],"picked":"Outmaneuver"},{"not_picked":["Blade Dance","Dagger Spray"],"picked":"Cloak And Dagger"},{"not_picked":["Poisoned Stab","Reflex"],"picked":"Flechettes"},{"not_picked":["Bane","PiercingWail"],"picked":"Dodge and Roll"},{"not_picked":["Eviscerate","Dagger Spray"],"picked":"Riddle With Holes"},{"not_picked":["Wraith Form","Bullet Time"],"picked":"Envenom"},{"not_picked":["Outmaneuver","Expertise"],"picked":"Bane"},{"not_picked":["Dodge and Roll","Distraction"],"picked":"Noxious Fumes"},{"not_picked":["Underhanded Strike","Riddle With Holes"],"picked":"Bouncing Flask"},{"not_picked":["Deadly Poison","Poisoned Stab"],"picked":"Flying Knee"}],"player_experience":633042,"potions_floor_usage":[10,16,19,19,23,23],"damage_taken":[{"damage":1,"enemies":"Small Slimes","floor":1,"turns":5},{"damage":1,"enemies":"Jaw Worm","floor":4,"turns":5},{"damage":1,"enemies":"2 Louse","floor":5,"turns":3},{"damage":12,"enemies":"Large Slime","floor":10,"turns":8},{"damage":5,"enemies":"Gremlin Nob","floor":13,"turns":4},{"damage":2,"enemies":"Exordium Wildlife","floor":14,"turns":6},{"damage":30,"enemies":"Hexaghost","floor":16,"turns":13},{"damage":8,"enemies":"Shell Parasite","floor":18,"turns":6},{"damage":2,"enemies":"Chosen","floor":19,"turns":5},{"damage":19,"enemies":"Snake Plant","floor":21,"turns":6},{"damage":10,"enemies":"Chosen and Byrds","floor":23,"turns":5},{"damage":32,"enemies":"Centurion and Healer","floor":24,"turns":2}],"event_choices":[{"event_name":"World of Goop","player_choice":"Gather Gold","floor":2,"damage_taken":0},{"event_name":"Golden Wing","player_choice":"Card Removal","floor":8,"damage_taken":0},{"event_name":"Drug Dealer","player_choice":"Ignored","floor":20,"damage_taken":0}],"boss_relics":[{"not_picked":["Question Card","Pandora\u0027s Box"],"picked":"The Specimen"}],"potions_floor_spawned":[5,10,14,16,18,21],"seed_played":"-6248415807135877528","killed_by":"Centurion and Healer","ascension_level":4,"is_trial":false}