{"path_per_floor":["M","M","M","?","M","R","E","M","T","M","R","E","?","?","R","B",null,"M","?","?","M"],"character_chosen":"IRONCLAD","items_purchased":[],"gold_per_floor":[115,132,147,147,166,166,198,211,211,225,225,253,253,253,253,348,348,364,279,279,290],"floor_reached":22,"campfire_rested":0,"playtime":1206,"current_hp_per_floor":[80,80,78,78,80,80,70,74,74,79,79,63,47,67,67,48,80,80,80,80,59],"items_purged":[],"gold":290,"score":196,"play_id":"2b2528b5-321e-4266-bd0b-23bdf0f5ae1a","local_time":"20180304180841","is_prod":false,"is_daily":false,"is_ascension_mode":false,"campfire_upgraded":3,"timestamp":1520204921,"path_taken":["M","M","M","?","M","R","E","M","T","M","R","E","?","?","R","BOSS","M","?","?","M","M"],"build_version":"2018-03-01-PROD1","purchased_purges":0,"victory":false,"master_deck":["Strike_R","Strike_R+1","Strike_R","Strike_R","Defend_R","Defend_R","Defend_R","Defend_R","Bash+1","Flex","Power Through","Flex","Rampage+1","Evolve+1","Fiend Fire+1","Warcry","Double Tap","Parasite","Feed","Feel No Pain","Sentinel","Thunderclap","Havoc","Headbutt","Cleave","Metallicize"],"max_hp_per_floor":[80,80,80,80,80,80,80,80,80,80,80,80,80,80,80,80,80,80,80,80,83],"relics":["Burning Blood","Mummified Hand","Kunai","Vajra","Orrery","Regal Pillow"],"card_choices":[{"not_picked":["Perfected Strike","Twin Strike"],"picked":"Flex"},{"not_picked":["Warcry","Clash"],"picked":"Power Through"},{"not_picked":["Spot Weakness","Pommel Strike"],"picked":"Flex"},{"not_picked":["Shrug It Off","Warcry"],"picked":"Rampage"},{"not_picked":["Shrug It Off","Iron Wave"],"picked":"Evolve"},{"not_picked":["Cleave","True Grit"],"picked":"Fiend Fire"},{"not_picked":["Clash","Twin Strike"],"picked":"Warcry"},{"not_picked":["Intimidate","Armaments"],"picked":"Double Tap"},{"not_picked":["Impervious","Barricade"],"picked":"Feed"},{"not_picked":["Sever Soul","Searing Blow"],"picked":"Feel No Pain"},{"not_picked":["Disarm","Armaments"],"picked":"Sentinel"},{"not_picked":["Perfected Strike","Hemokinesis"],"picked":"Thunderclap"},{"not_picked":["Spot Weakness","Flex"],"picked":"Havoc"},{"not_picked":["Searing Blow","Clothesline"],"picked":"Headbutt"},{"not_picked":["Body Slam","True Grit"],"picked":"Cleave"},{"not_picked":["Spot Weakness","Warcry"],"picked":"Metallicize"}],"player_experience":401114,"potions_floor_usage":[10,12,22],"damage_taken":[{"damage":6,"enemies":"Jaw Worm","floor":1,"turns":3},{"damage":1,"enemies":"Cultist","floor":2,"turns":3},{"damage":8,"enemies":"Small Slimes","floor":3,"turns":4},{"damage":0,"enemies":"Exordium Wildlife","floor":5,"turns":3},{"damage":16,"enemies":"3 Sentries","floor":7,"turns":10},{"damage":2,"enemies":"2 Fungi Beasts","floor":8,"turns":3},{"damage":1,"enemies":"3 Louse","floor":10,"turns":3},{"damage":22,"enemies":"Gremlin Nob","floor":12,"turns":4},{"damage":25,"enemies":"The Guardian","floor":16,"turns":8},{"damage":0,"enemies":"Chosen","floor":18,"turns":4},{"damage":30,"enemies":"2 Thieves","floor":21,"turns":4},{"damage":71,"enemies":"3 Cultists","floor":22,"turns":5}],"event_choices":[{"event_name":"The Lab","player_choice":"Got Potions","floor":4,"damage_taken":0},{"event_name":"Shining Light","player_choice":"Entered Light","floor":13,"damage_taken":0},{"event_name":"Mushrooms","player_choice":"Healed and dodged fight","floor":14,"damage_taken":0},{"event_name":"Addict","player_choice":"Obtained Relic","floor":19,"damage_taken":0},{"event_name":"Back to Basics","player_choice":"Elegance","floor":20,"damage_taken":0}],"boss_relics":[{"not_picked":["Black Blood","Velvet Choker"],"picked":"Orrery"}],"potions_floor_spawned":[2,3,7,8,16,18],"seed_played":"6237628573883923457","killed_by":"3 Cultists","ascension_level":0,"is_trial":false}