{"gold_per_floor":[113,113,113,113,129,129,145,145,145,160,160,160,186,212,224,236],"floor_reached":16,"playtime":639,"items_purged":[],"score":115,"play_id":"ad51eed6-1787-4004-ae3a-f54aa801aef5","local_time":"20180722133306","is_ascension_mode":true,"campfire_choices":[{"data":"Zap","floor":6,"key":"SMITH"},{"data":"Genetic Algorithm","floor":8,"key":"SMITH"},{"data":"Dualcast","floor":11,"key":"SMITH"},{"floor":15,"key":"REST"}],"neow_cost":"","seed_source_timestamp":93536410588766,"circlet_count":0,"master_deck":["Strike_B","Strike_B","Strike_B+1","Defend_B","Defend_B","Defend_B","Defend_B+1","Zap+1","Dualcast+1","Gash","Coolheaded","Genetic Algorithm+1","Leap","Double Energy","Sunder"],"relics":["Cracked Core","Potion Belt","Omamori","MawBank"],"potions_floor_usage":[14,16],"damage_taken":[{"damage":0,"enemies":"Cultist","floor":1,"turns":3},{"damage":2,"enemies":"2 Louse","floor":5,"turns":3},{"damage":7,"enemies":"Small Slimes","floor":7,"turns":3},{"damage":2,"enemies":"Red Slaver","floor":10,"turns":4},{"damage":12,"enemies":"Lagavulin","floor":13,"turns":6},{"damage":7,"enemies":"Exordium Thugs","floor":14,"turns":6},{"damage":60,"enemies":"Slime Boss","floor":16,"turns":10}],"seed_played":"-832109320431913208","potions_obtained":[{"floor":5,"key":"Energy Potion"},{"floor":10,"key":"Block Potion"},{"floor":14,"key":"LiquidBronze"}],"is_trial":false,"path_per_floor":["M","T","$","?","M","R","M","R","T","M","R","?","E","M","R"],"character_chosen":"DEFECT","items_purchased":[],"campfire_rested":1,"item_purchase_floors":[],"current_hp_per_floor":[75,75,75,60,58,58,51,51,51,49,49,49,37,30,52,0],"gold":236,"neow_bonus":"","is_prod":false,"is_daily":false,"chose_seed":false,"campfire_upgraded":3,"win_rate":0,"timestamp":1532280786,"path_taken":["M","?","$","?","M","R","M","R","T","?","R","?","E","M","R","BOSS"],"build_version":"2018-07-19","purchased_purges":0,"victory":false,"max_hp_per_floor":[75,75,75,75,75,75,75,75,75,75,75,75,75,75,75,75],"card_choices":[{"not_picked":["Stack","Streamline"],"picked":"Gash","floor":1},{"not_picked":["Blizzard","Recycle"],"picked":"Coolheaded","floor":5},{"not_picked":["Turbo","Sweeping Beam"],"picked":"Genetic Algorithm","floor":7},{"not_picked":["Genetic Algorithm","Auto Shields"],"picked":"Leap","floor":10},{"not_picked":["Fusion","Streamline"],"picked":"Double Energy","floor":13},{"not_picked":["Barrage","Coolheaded"],"picked":"Sunder","floor":14}],"player_experience":602218,"relics_obtained":[{"floor":2,"key":"Potion Belt"},{"floor":9,"key":"Omamori"},{"floor":13,"key":"MawBank"}],"event_choices":[{"event_name":"Shining Light","player_choice":"Entered Light","floor":4,"damage_taken":0},{"event_name":"Living Wall","player_choice":"Forget","floor":12,"damage_taken":0}],"is_beta":true,"boss_relics":[],"items_purged_floors":[],"is_endless":false,"potions_floor_spawned":[5,10,14],"killed_by":"Slime Boss","ascension_level":3}