{"gold_per_floor":[117,127,146,146,169,169,208,208,234,269,288,332,332,90,90,179,179,194,194,44,44,44,82,95,128,128,149,149,173,198,221,221,312,312,328,353,366,379,48,48,89,89,89,89,108,108,108],"floor_reached":47,"playtime":2903,"items_purged":["Injury"],"score":1324,"play_id":"35dfc99f-d545-48dc-a9e0-16b9bb2cf353","local_time":"20180715123604","daily_mods":["Draft","Diverse","Heirloom","Time Dilation"],"is_ascension_mode":true,"campfire_choices":[{"data":"Echo Form","floor":6,"key":"SMITH"},{"data":"Demon Form","floor":8,"key":"SMITH"},{"floor":13,"key":"REST"},{"data":"Adrenaline","floor":15,"key":"SMITH"},{"floor":28,"key":"REST"},{"data":"Wraith Form v2","floor":32,"key":"SMITH"},{"floor":40,"key":"REST"},{"data":"True Grit","floor":46,"key":"PURGE"}],"neow_cost":"","seed_source_timestamp":2645355648401515,"circlet_count":0,"master_deck":["Demon Form+1","Wraith Form v2+1","Echo Form+1","AscendersBane","Noxious Fumes","Shrug It Off","Finisher","Infinite Blades","Cleave","Sword Boomerang","Backflip","Rampage","Turbo","Clothesline","Shrug It Off","Caltrops","Reinforced Body","Glacier","Iron Wave","Steam","Beam Cell","Shockwave","Corpse Explosion","Uppercut","Leap","Adrenaline+1","Reaper","Exhume","Cloak And Dagger","Leap","Dodge and Roll","Intimidate","Entrench","Terror","Headbutt","Dagger Spray","Feed","Genetic Algorithm","Choke+1","Whirlwind","Steam+1","Glass Knife","Conserve Battery+1","Buffer","Spot Weakness","Electrodynamics","Inflame"],"relics":["Ring of the Snake","Turnip","Golden Idol","Regal Pillow","Strawberry","Happy Flower","Ginger","Sozu","Vajra","Enchiridion","Ancient Tea Set","Bag of Preparation","Potion Belt","The Specimen","HoveringKite","Tiny Chest","Blue Candle","Ninja Scroll","Peace Pipe"],"potions_floor_usage":[3,11,12,12,23],"damage_taken":[{"damage":1,"enemies":"2 Louse","floor":1,"turns":3},{"damage":0,"enemies":"Small Slimes","floor":2,"turns":4},{"damage":0,"enemies":"Jaw Worm","floor":3,"turns":5},{"damage":0,"enemies":"Blue Slaver","floor":5,"turns":4},{"damage":2,"enemies":"Lagavulin","floor":7,"turns":7},{"damage":17,"enemies":"3 Sentries","floor":10,"turns":5},{"damage":8,"enemies":"Exordium Thugs","floor":11,"turns":4},{"damage":12,"enemies":"Lagavulin","floor":12,"turns":5},{"damage":0,"enemies":"Slime Boss","floor":16,"turns":4},{"damage":0,"enemies":"Shell Parasite","floor":18,"turns":3},{"damage":11,"enemies":"Gremlin Leader","floor":23,"turns":5},{"damage":4,"enemies":"Chosen","floor":24,"turns":3},{"damage":21,"enemies":"Book of Stabbing","floor":25,"turns":6},{"damage":10,"enemies":"Snake Plant","floor":27,"turns":4},{"damage":0,"enemies":"Cultist and Chosen","floor":29,"turns":4},{"damage":12,"enemies":"Slaver and Parasite","floor":30,"turns":6},{"damage":0,"enemies":"Chosen and Byrds","floor":31,"turns":6},{"damage":34,"enemies":"Collector","floor":33,"turns":6},{"damage":2,"enemies":"Flame Bruiser 1 Orb","floor":35,"turns":3},{"damage":30,"enemies":"3 Darklings","floor":36,"turns":3},{"damage":0,"enemies":"4 Shapes","floor":37,"turns":4},{"damage":6,"enemies":"Spire Growth","floor":38,"turns":4},{"damage":20,"enemies":"Nemesis","floor":41,"turns":7},{"damage":1,"floor":44,"turns":7},{"damage":18,"enemies":"Flame Bruiser 2 Orb","floor":45,"turns":5},{"damage":56,"enemies":"2 Orb Walkers","floor":47,"turns":5}],"seed_played":"-7755442424876726699","potions_obtained":[{"floor":1,"key":"Swift Potion"},{"floor":2,"key":"Explosive Potion"},{"floor":10,"key":"SpeedPotion"},{"floor":11,"key":"FearPotion"},{"floor":16,"key":"EntropicBrew"}],"is_trial":true,"path_per_floor":["M","M","M","?","M","R","E","R","T","E","M","E","R","$","R","B",null,"M","?","$","?","T","E","M","E","T","M","R","M","M","M","R","B",null,"M","M","M","M","$","R","E","?","T","?","M","R"],"character_chosen":"THE_SILENT","items_purchased":["Adrenaline","Reaper","Vajra","Glass Knife","Tiny Chest"],"campfire_rested":3,"item_purchase_floors":[14,14,20,39,39],"current_hp_per_floor":[58,58,58,58,58,58,56,56,63,46,38,26,62,62,62,62,70,70,70,70,49,49,59,55,34,34,24,60,60,62,73,73,39,65,63,43,43,37,37,73,73,73,73,72,54,54,0],"gold":108,"neow_bonus":"","is_prod":false,"is_daily":false,"chose_seed":false,"campfire_upgraded":4,"win_rate":0,"timestamp":1531672564,"path_taken":["M","M","M","?","M","R","E","R","T","E","M","E","R","$","R","BOSS","M","?","$","?","?","E","M","E","T","M","R","M","M","M","R","BOSS","M","M","M","M","$","R","E","?","T","?","M","R","E"],"build_version":"2018-07-13","purchased_purges":1,"victory":false,"max_hp_per_floor":[66,66,66,66,66,66,66,66,73,73,73,73,73,73,73,73,73,73,73,73,73,73,73,73,73,73,73,73,73,73,73,73,73,73,73,73,73,73,73,73,73,73,73,73,73,73,73],"card_choices":[{"not_picked":["Hello World","Bane"],"picked":"Noxious Fumes","floor":0},{"not_picked":["Anger","Reflex"],"picked":"Shrug It Off","floor":0},{"not_picked":["Perfected Strike","Inflame"],"picked":"Finisher","floor":0},{"not_picked":["Flex","Underhanded Strike"],"picked":"Infinite Blades","floor":0},{"not_picked":["Flex","Perfected Strike"],"picked":"True Grit","floor":0},{"not_picked":["Melter","Twin Strike"],"picked":"Cleave","floor":0},{"not_picked":["Redo","Rupture"],"picked":"Sword Boomerang","floor":0},{"not_picked":["Searing Blow","Catalyst"],"picked":"Backflip","floor":0},{"not_picked":["Endless Agony","Force Field"],"picked":"Rampage","floor":0},{"not_picked":["Anger","Fusion"],"picked":"Turbo","floor":0},{"not_picked":["Cold Snap","Dagger Spray"],"picked":"Clothesline","floor":0},{"not_picked":["Prepared","Endless Agony"],"picked":"Shrug It Off","floor":0},{"not_picked":["Storm","Lockon"],"picked":"Caltrops","floor":0},{"not_picked":["Pummel","Endless Agony"],"picked":"Reinforced Body","floor":0},{"not_picked":["Chaos","Fusion"],"picked":"Glacier","floor":0},{"not_picked":["Scrape","Reinforced Body"],"picked":"Iron Wave","floor":1},{"not_picked":["Force Field","Deflect"],"picked":"Steam","floor":2},{"not_picked":["Flex","Stack"],"picked":"Beam Cell","floor":3},{"not_picked":["Prepared","Double Energy"],"picked":"Shockwave","floor":5},{"not_picked":["Ball Lightning","White Noise"],"picked":"Corpse Explosion","floor":7},{"not_picked":["Body Slam","Cold Snap"],"picked":"Uppercut","floor":10},{"not_picked":["Shockwave","Deadly Poison"],"picked":"Leap","floor":11},{"not_picked":["Acrobatics","Searing Blow","Quick Slash"],"picked":"SKIP","floor":12},{"not_picked":["Reaper","Juggernaut"],"picked":"Exhume","floor":16},{"not_picked":["Compile Driver","Uppercut"],"picked":"Cloak And Dagger","floor":18},{"not_picked":["Chill","Reprogram"],"picked":"Leap","floor":23},{"not_picked":["Prepared","Bane"],"picked":"Dodge and Roll","floor":24},{"not_picked":["Backflip","Deflect"],"picked":"Intimidate","floor":25},{"not_picked":["Consume","Headbutt"],"picked":"Entrench","floor":27},{"not_picked":["Steam","Thunderclap"],"picked":"Terror","floor":29},{"not_picked":["Turbo","Havoc"],"picked":"Headbutt","floor":30},{"not_picked":["Intimidate","Endless Agony"],"picked":"Dagger Spray","floor":31},{"not_picked":["Electrodynamics","Unload"],"picked":"Feed","floor":33},{"not_picked":["Compile Driver","Go for the Eyes+1"],"picked":"Genetic Algorithm","floor":35},{"not_picked":["Warcry","Combust"],"picked":"Choke+1","floor":36},{"not_picked":["Turbo+1","Combust"],"picked":"Whirlwind","floor":37},{"not_picked":["Rage+1","Endless Agony"],"picked":"Steam+1","floor":38},{"not_picked":["Combust","Dagger Spray"],"picked":"Conserve Battery+1","floor":41},{"not_picked":["Barrage","Anger+1"],"picked":"Electrodynamics","floor":44},{"not_picked":["Clash","Streamline+1"],"picked":"Inflame","floor":45}],"player_experience":572693,"relics_obtained":[{"floor":7,"key":"Regal Pillow"},{"floor":9,"key":"Strawberry"},{"floor":10,"key":"Happy Flower"},{"floor":12,"key":"Ginger"},{"floor":21,"key":"Enchiridion"},{"floor":22,"key":"Ancient Tea Set"},{"floor":23,"key":"Bag of Preparation"},{"floor":25,"key":"Potion Belt"},{"floor":26,"key":"The Specimen"},{"floor":41,"key":"Blue Candle"},{"floor":43,"key":"Ninja Scroll"},{"floor":44,"key":"Peace Pipe"}],"event_choices":[{"event_name":"Golden Idol","player_choice":"Take Wound","floor":4,"damage_taken":0},{"event_name":"Ghosts","player_choice":"Ignored","floor":19,"damage_taken":0},{"event_name":"Cursed Tome","player_choice":"Obtained Book","floor":21,"damage_taken":0},{"event_name":"Match and Keep!","player_choice":"2 cards matched","floor":42,"damage_taken":0},{"event_name":"MindBloom","player_choice":"Fight","floor":44,"damage_taken":0}],"boss_relics":[{"not_picked":["Astrolabe","Coffee Dripper"],"picked":"Sozu"},{"not_picked":["Runic Pyramid","Runic Dome"],"picked":"HoveringKite"}],"items_purged_floors":[39],"is_endless":true,"potions_floor_spawned":[1,2,10,11,16,18,27,29,30,35,37,38,45],"killed_by":"2 Orb Walkers","ascension_level":15}