{"path_per_floor":["M","M","$","?","$","R","E","R","T","M","$","E","R","M","R","B",null,"M","$","?","M"],"character_chosen":"IRONCLAD","items_purchased":["Offering","Thunderclap","Apotheosis"],"gold_per_floor":[209,224,70,70,70,70,103,103,103,122,68,111,111,129,129,257,257,270,57,57,72],"floor_reached":22,"campfire_rested":0,"playtime":1190,"current_hp_per_floor":[80,80,80,80,80,80,65,65,65,67,67,45,45,43,43,13,80,60,60,60,62],"items_purged":[],"gold":72,"score":192,"play_id":"4df4fe7a-1ed1-429c-bab0-c7a94739880c","local_time":"20180312210915","is_prod":false,"is_daily":false,"is_ascension_mode":false,"campfire_upgraded":4,"timestamp":1520903355,"path_taken":["M","M","$","?","$","R","E","R","T","?","$","E","R","M","R","BOSS","M","$","?","?","?"],"build_version":"2018-03-09","purchased_purges":0,"victory":false,"master_deck":["Strike_R","Strike_R","Strike_R","Strike_R","Strike_R","Defend_R","Defend_R","Defend_R","Defend_R","Bash","Feel No Pain+1","Wild Strike","Offering+1","Rampage+1","Evolve+1","Thunderclap","Second Wind","Havoc","Feed","True Grit","Apotheosis","Headbutt"],"max_hp_per_floor":[80,80,80,80,80,80,80,80,80,80,80,80,80,80,80,80,80,80,80,80,83],"relics":["Black Blood","Golden Idol","Champion Belt","Lantern","Blood Vial"],"card_choices":[{"not_picked":["Clothesline","Armaments"],"picked":"Feel No Pain"},{"not_picked":["Dropkick","Anger"],"picked":"Wild Strike"},{"not_picked":["Searing Blow","Ghostly Armor"],"picked":"Rampage"},{"not_picked":["Clash","Entrench"],"picked":"Evolve"},{"not_picked":["Iron Wave","Metallicize"],"picked":"Second Wind"},{"not_picked":["Rupture","Inflame"],"picked":"Havoc"},{"not_picked":["Demon Form","Reaper"],"picked":"Feed"},{"not_picked":["Uppercut","Hemokinesis"],"picked":"True Grit"},{"not_picked":["Clash","Shrug It Off"],"picked":"Headbutt"}],"player_experience":546689,"potions_floor_usage":[16,16],"damage_taken":[{"damage":5,"enemies":"Small Slimes","floor":1,"turns":5},{"damage":3,"enemies":"2 Louse","floor":2,"turns":3},{"damage":21,"enemies":"3 Sentries","floor":7,"turns":10},{"damage":4,"enemies":"Cultist","floor":10,"turns":2},{"damage":28,"enemies":"Lagavulin","floor":12,"turns":6},{"damage":10,"enemies":"3 Louse","floor":14,"turns":3},{"damage":53,"enemies":"Slime Boss","floor":16,"turns":14},{"damage":30,"enemies":"Shell Parasite","floor":18,"turns":7},{"damage":13,"enemies":"2 Thieves","floor":21,"turns":5},{"damage":75,"enemies":"Cultist and Chosen","floor":22,"turns":8}],"event_choices":[{"event_name":"Golden Idol","player_choice":"Take Wound","floor":4,"damage_taken":0},{"event_name":"Back to Basics","player_choice":"Elegance","floor":20,"damage_taken":0}],"boss_relics":[{"not_picked":["Ectoplasm","Runic Pyramid"],"picked":"Black Blood"}],"potions_floor_spawned":[1,7,14,16],"seed_played":"3528816794784944626","killed_by":"Cultist and Chosen","ascension_level":0,"is_trial":false}