{"gold_per_floor":[112,262,187,200,34,34,62,62,62,62,62,86,105,105,105,184,184,200,115,115,128,147,147,174,174,174,193,213,242,242,254,254,327,327,340,340,16,30,80,114,114,145,145,145,145,145,20,20,20,20,20,20,20,47,47],"floor_reached":56,"playtime":1919,"items_purged":["Strike_B","Strike_B"],"score":2032,"play_id":"34120bfd-718f-4ee8-ba50-de6abd5636fa","local_time":"20190208192626","is_ascension_mode":true,"campfire_choices":[{"data":"Defragment","floor":6.0,"key":"SMITH"},{"data":"Glacier","floor":8.0,"key":"SMITH"},{"data":"Dualcast","floor":11.0,"key":"SMITH"},{"data":"Go for the Eyes","floor":15.0,"key":"SMITH"},{"data":"Ball Lightning","floor":23.0,"key":"SMITH"},{"data":"Rainbow","floor":25.0,"key":"SMITH"},{"data":"Beam Cell","floor":30.0,"key":"SMITH"},{"floor":32.0,"key":"REST"},{"floor":41.0,"key":"REST"},{"floor":44.0,"key":"REST"},{"floor":49.0,"key":"RECALL"},{"floor":52.0,"key":"REST"}],"neow_cost":"NONE","seed_source_timestamp":0,"circlet_count":0,"master_deck":["AscendersBane","Strike_B","Strike_B","Defend_B+1","Defend_B","Defend_B+1","Defend_B","Zap+1","Dualcast+1","Beam Cell+1","Go for the Eyes+1","Defragment+1","Glacier+1","Self Repair+1","Defragment+1","Biased Cognition+1","Ball Lightning+1","Static Discharge+1","Rainbow+1","Loop+1","Defragment+1","Loop+1","Buffer+1","Heatsinks+1","Loop+1"],"special_seed":0,"relics":["FrozenCore","NeowsBlessing","Frozen Egg 2","Art of War","Regal Pillow","Odd Mushroom","War Paint","Smiling Mask","Boot","Juzu Bracelet","Fusion Hammer","Gremlin Horn","Potion Belt","Mummified Hand","Bag of Preparation","Orichalcum"],"potions_floor_usage":[],"damage_taken":[{"damage":0.0,"enemies":"Jaw Worm","floor":1.0,"turns":1.0},{"damage":0.0,"enemies":"2 Louse","floor":4.0,"turns":1.0},{"damage":0.0,"enemies":"Gremlin Nob","floor":7.0,"turns":1.0},{"damage":20.0,"enemies":"The Mushroom Lair","floor":12.0,"turns":5.0},{"damage":0.0,"enemies":"Cultist","floor":13.0,"turns":3.0},{"damage":27.0,"enemies":"The Guardian","floor":16.0,"turns":14.0},{"damage":5.0,"enemies":"Shell Parasite","floor":18.0,"turns":9.0},{"damage":0.0,"enemies":"Spheric Guardian","floor":21.0,"turns":5.0},{"damage":6.0,"enemies":"Centurion and Healer","floor":22.0,"turns":10.0},{"damage":5.0,"enemies":"Book of Stabbing","floor":24.0,"turns":6.0},{"damage":4.0,"enemies":"Snake Plant","floor":27.0,"turns":5.0},{"damage":2.0,"enemies":"Cultist and Chosen","floor":28.0,"turns":7.0},{"damage":27.0,"enemies":"Slavers","floor":29.0,"turns":6.0},{"damage":8.0,"enemies":"Shelled Parasite and Fungi","floor":31.0,"turns":6.0},{"damage":27.0,"enemies":"Collector","floor":33.0,"turns":8.0},{"damage":1.0,"enemies":"3 Shapes","floor":35.0,"turns":7.0},{"damage":13.0,"enemies":"3 Darklings","floor":38.0,"turns":6.0},{"damage":48.0,"enemies":"Giant Head","floor":40.0,"turns":8.0},{"damage":11.0,"enemies":"Nemesis","floor":42.0,"turns":9.0},{"damage":45.0,"enemies":"Donu and Deca","floor":50.0,"turns":15.0},{"damage":23.0,"enemies":"Shield and Spear","floor":54.0,"turns":5.0},{"damage":47,"enemies":"The Heart","floor":55,"turns":9}],"seed_played":"2468044675098737971","potions_obtained":[{"floor":1.0,"key":"EntropicBrew"},{"floor":7.0,"key":"Energy Potion"},{"floor":13.0,"key":"PowerPotion"},{"floor":24.0,"key":"GamblersBrew"},{"floor":42.0,"key":"Swift Potion"}],"is_trial":false,"path_per_floor":["M","?","?","M","$","R","E","R","T","?","R","?","M","?","R","B",null,"M","?","?","M","M","R","E","R","T","M","M","E","R","M","R","B",null,"M","?","$","M","?","E","R","E","T","R","T","?","$","?","R","B",null,"R","$","E","B",null],"character_chosen":"DEFECT","items_purchased":["Defragment","Glacier","Gremlin Horn","Loop+1"],"campfire_rested":4,"item_purchase_floors":[5,5,37,47],"current_hp_per_floor":[64,64,64,64,64,64,64,64,64,59,59,39,49,54,54,37,66,71,71,71,76,76,76,76,76,76,76,76,59,59,61,76,49,69,76,76,76,73,73,35,72,71,71,76,76,76,76,72,72,37,63,72,72,59,22],"gold":47,"neow_bonus":"THREE_ENEMY_KILL","is_prod":false,"is_daily":false,"chose_seed":false,"campfire_upgraded":7,"win_rate":0,"timestamp":1549671986,"path_taken":["M","?","?","M","$","R","E","R","T","?","R","?","?","?","R","BOSS","M","?","?","M","M","R","E","R","T","M","M","E","R","M","R","BOSS","M","?","$","M","?","E","R","E","T","R","?","?","$","?","R","BOSS","R","$","E","BOSS"],"build_version":"2019-01-23","purchased_purges":2,"victory":true,"max_hp_per_floor":[71,71,71,71,71,71,71,71,71,71,71,71,71,76,76,76,76,76,76,76,76,76,76,76,76,76,76,76,76,76,76,76,76,76,76,76,76,76,76,76,76,76,76,76,76,76,76,72,72,72,72,72,72,72,72],"card_choices":[{"not_picked":["Recycle","Blizzard"],"picked":"Beam Cell","floor":1.0},{"not_picked":["Tempest","Gash"],"picked":"Go for the Eyes","floor":4.0},{"not_picked":["Genetic Algorithm","Gash","Hologram"],"picked":"SKIP","floor":7.0},{"not_picked":["Force Field","Recycle"],"picked":"Self Repair+1","floor":12.0},{"not_picked":["Stack","Beam Cell"],"picked":"Defragment+1","floor":13.0},{"not_picked":["Thunder Strike","Fission"],"picked":"Biased Cognition+1","floor":16.0},{"not_picked":["Redo","Coolheaded"],"picked":"Ball Lightning","floor":18.0},{"not_picked":["Hello World+1","Compile Driver+1"],"picked":"Static Discharge+1","floor":21.0},{"not_picked":["Darkness+1","Genetic Algorithm","Chaos"],"picked":"SKIP","floor":22.0},{"not_picked":["Fusion","Beam Cell"],"picked":"Rainbow","floor":24.0},{"not_picked":["Static Discharge+1","Storm+1"],"picked":"Loop+1","floor":27.0},{"not_picked":["Streamline","Compile Driver+1"],"picked":"Defragment+1","floor":28.0},{"not_picked":["Undo","Barrage"],"picked":"Loop+1","floor":29.0},{"not_picked":["Turbo+1","Multi-Cast","Go for the Eyes"],"picked":"SKIP","floor":31.0},{"not_picked":["Biased Cognition+1","Multi-Cast"],"picked":"Buffer+1","floor":33.0},{"not_picked":["Lockon","Sweeping Beam","Hologram"],"picked":"SKIP","floor":35.0},{"not_picked":["Barrage","Reprogram","Compile Driver"],"picked":"SKIP","floor":38.0},{"not_picked":["Barrage+1","Hologram+1","Recycle"],"picked":"SKIP","floor":40.0},{"not_picked":["Rebound+1","Meteor Strike"],"picked":"Heatsinks+1","floor":42.0},{"not_picked":["Leap+1","Compile Driver+1","Melter"],"picked":"SKIP","floor":54.0}],"player_experience":256182,"relics_obtained":[{"floor":7.0,"key":"Frozen Egg 2"},{"floor":9.0,"key":"Art of War"},{"floor":12.0,"key":"Odd Mushroom"},{"floor":24.0,"key":"Smiling Mask"},{"floor":26.0,"key":"Boot"},{"floor":29.0,"key":"Juzu Bracelet"},{"floor":40.0,"key":"Potion Belt"},{"floor":42.0,"key":"Mummified Hand"},{"floor":43.0,"key":"Bag of Preparation"},{"floor":54.0,"key":"Orichalcum"}],"event_choices":[{"damage_healed":0.0,"max_hp_gain":0.0,"max_hp_loss":0.0,"gold_gain":150.0,"event_name":"Liars Game","player_choice":"AGREE","floor":2.0,"gold_loss":0.0,"damage_taken":0.0,"cards_obtained":["Doubt"]},{"cards_removed":["Doubt"],"damage_healed":0.0,"max_hp_gain":0.0,"max_hp_loss":0.0,"gold_gain":0.0,"event_name":"The Cleric","player_choice":"Card Removal","floor":3.0,"gold_loss":75.0,"damage_taken":0.0},{"damage_healed":0.0,"max_hp_gain":0.0,"max_hp_loss":0.0,"gold_gain":0.0,"event_name":"Scrap Ooze","player_choice":"Success","floor":10.0,"gold_loss":0.0,"damage_taken":5.0,"relics_obtained":["Regal Pillow"]},{"damage_healed":0.0,"max_hp_gain":0.0,"max_hp_loss":0.0,"gold_gain":0.0,"event_name":"Mushrooms","player_choice":"Fought Mushrooms","floor":12.0,"gold_loss":0.0,"damage_taken":0.0},{"damage_healed":0.0,"max_hp_gain":5.0,"max_hp_loss":0.0,"gold_gain":0.0,"event_name":"Big Fish","player_choice":"Donut","floor":14.0,"gold_loss":0.0,"damage_taken":0.0},{"damage_healed":0.0,"max_hp_gain":0.0,"max_hp_loss":0.0,"gold_gain":0.0,"event_name":"Addict","player_choice":"Obtained Relic","floor":19.0,"gold_loss":85.0,"damage_taken":0.0,"relics_obtained":["War Paint"]},{"damage_healed":0.0,"max_hp_gain":0.0,"max_hp_loss":0.0,"gold_gain":0.0,"event_name":"Upgrade Shrine","player_choice":"Upgraded","floor":20.0,"gold_loss":0.0,"damage_taken":0.0,"cards_upgraded":["Zap"]},{"damage_healed":0.0,"max_hp_gain":0.0,"max_hp_loss":0.0,"gold_gain":0.0,"event_name":"SecretPortal","player_choice":"Ignored","floor":36.0,"gold_loss":0.0,"damage_taken":0.0},{"damage_healed":0.0,"max_hp_gain":0.0,"max_hp_loss":0.0,"gold_gain":50.0,"event_name":"Golden Shrine","player_choice":"Pray","floor":39.0,"gold_loss":0.0,"damage_taken":0.0},{"damage_healed":0.0,"max_hp_gain":0.0,"max_hp_loss":0.0,"gold_gain":0.0,"event_name":"Mysterious Sphere","player_choice":"Ignored","floor":46.0,"gold_loss":0.0,"damage_taken":0.0},{"damage_healed":0.0,"max_hp_gain":0.0,"max_hp_loss":4.0,"gold_gain":0.0,"event_name":"Winding Halls","player_choice":"Max HP","floor":48.0,"gold_loss":0.0,"damage_taken":0.0}],"is_beta":false,"boss_relics":[{"not_picked":["Black Star","Sozu"],"picked":"FrozenCore"},{"not_picked":["Orrery","Runic Pyramid"],"picked":"Fusion Hammer"}],"items_purged_floors":[37,47],"is_endless":false,"potions_floor_spawned":[1,7,13,22,24,38,40,42],"ascension_level":16}