{"path_per_floor":["M","?","$","?","$","M","R","E","T","R","M","R","?","$","R","B",null,"M","M","$","M","?","R","M","R","T","R","M","$","M"],"character_chosen":"IRONCLAD","items_purchased":["Flex","Shrug It Off"],"gold_per_floor":[117,192,70,70,70,88,88,117,117,117,133,133,133,33,33,156,156,180,199,50,69,69,69,89,89,89,89,101,101,112],"floor_reached":31,"campfire_rested":3,"playtime":1847,"current_hp_per_floor":[80,69,69,74,74,73,73,29,29,54,59,84,84,84,84,34,85,77,82,82,65,65,65,42,67,67,67,65,65,47],"items_purged":["Defend_R","Injury","Strike_R"],"gold":112,"score":233,"play_id":"adb4e0db-6aba-4338-96db-c3354559b030","is_prod":false,"is_daily":false,"is_ascension_mode":false,"campfire_upgraded":4,"path_taken":["M","?","$","?","$","M","R","E","T","R","M","R","?","?","R","BOSS","M","M","$","M","?","R","M","R","T","R","M","$","M","E"],"build_version":"2018-02-22-PROD2","purchased_purges":3,"victory":false,"master_deck":["Strike_R","Strike_R","Strike_R","Strike_R","Defend_R","Defend_R","Defend_R","Bash","Brutality","Clothesline","Flex+1","Flex","Anger","Heavy Blade+1","Double Tap+1","Anger+1","Shrug It Off+1","Shrug It Off","Cleave","Armaments+1","Rupture+1","Iron Wave+1"],"max_hp_per_floor":[80,80,80,85,85,85,85,85,85,85,85,85,85,85,85,85,85,85,85,85,85,85,85,85,85,85,85,85,85,85],"relics":["Black Blood","Toolbox","Peace Pipe","Bloody Idol","Meat on the Bone"],"card_choices":[{"not_picked":["Heavy Blade","Flame Barrier"],"picked":"Clothesline"},{"not_picked":["Whirlwind","Evolve"],"picked":"Flex"},{"not_picked":["Carnage","Shockwave"],"picked":"Anger"},{"not_picked":["Barricade","Pommel Strike"],"picked":"Heavy Blade"},{"not_picked":["Exhume","Fiend Fire"],"picked":"Double Tap"},{"not_picked":["Carnage","Clash"],"picked":"Anger"},{"not_picked":["Disarm","Evolve"],"picked":"Shrug It Off"},{"not_picked":["Warcry","Iron Wave"],"picked":"Cleave"},{"not_picked":["Clothesline","Perfected Strike"],"picked":"Armaments"},{"not_picked":["Evolve","Warcry"],"picked":"Rupture"},{"not_picked":["Heavy Blade","Disarm"],"picked":"Iron Wave"}],"player_experience":213335,"potions_floor_usage":[16,24,24,28],"damage_taken":[{"damage":5,"enemies":"2 Louse","floor":1,"turns":3},{"damage":7,"enemies":"Jaw Worm","floor":6,"turns":3},{"damage":50,"enemies":"Lagavulin","floor":8,"turns":7},{"damage":1,"enemies":"Cultist","floor":11,"turns":2},{"damage":56,"enemies":"The Guardian","floor":16,"turns":10},{"damage":18,"enemies":"Spheric Guardian","floor":18,"turns":4},{"damage":5,"enemies":"3 Byrds","floor":19,"turns":5},{"damage":27,"enemies":"Centurion and Healer","floor":21,"turns":5},{"damage":38,"enemies":"Cultist and Chosen","floor":24,"turns":9},{"damage":29,"enemies":"Snake Plant","floor":28,"turns":5},{"damage":45,"enemies":"Centurion and Healer","floor":30,"turns":7},{"damage":63,"enemies":"Slavers","floor":31,"turns":4}],"event_choices":[{"event_name":"World of Goop","player_choice":"Gather Gold","floor":2,"damage_taken":0},{"event_name":"Big Fish","player_choice":"Donut","floor":4,"damage_taken":0},{"event_name":"Golden Idol","player_choice":"Take Wound","floor":13,"damage_taken":0},{"event_name":"Forgotten Altar","player_choice":"Gave Idol","floor":22,"damage_taken":0}],"boss_relics":[{"not_picked":["Question Card","Philosopher\u0027s Stone"],"picked":"Black Blood"}],"potions_floor_spawned":[11,16,18,21,24],"seed_played":"8111466269681168432","killed_by":"Slavers","ascension_level":0,"is_trial":false}