{"path_per_floor":["M","M","?","?","M","E","R","?","T","E","R","M","E","$","R","B",null,"M","?","?","M","M","R","E","R","T","R","M","?","E","$","R","B",null,"M","?","M","?","$","R","E","R","T","E","M","M","E","M","R","B"],"character_chosen":"THE_SILENT","items_purchased":["Gremlin Horn","Infinite Blades","Blood Vial","Panache","Dodge and Roll"],"gold_per_floor":[110,121,121,121,134,162,162,162,207,240,240,250,279,26,26,131,131,142,142,142,156,175,175,204,204,204,204,215,215,250,59,59,164,164,184,184,204,254,27,27,358,358,430,457,475,486,514,530,530,530],"floor_reached":51,"campfire_rested":4,"playtime":3105,"current_hp_per_floor":[70,70,70,75,75,48,48,33,33,7,29,29,29,29,51,11,75,58,58,52,38,52,52,34,34,34,34,41,41,52,52,52,12,52,52,45,52,37,37,52,48,48,48,38,43,47,37,43,61,54],"items_purged":[],"gold":530,"score":905,"play_id":"32b50691-8333-42af-a5dc-66e713fd08d1","local_time":"20180315224049","is_prod":false,"is_daily":false,"is_ascension_mode":true,"campfire_upgraded":6,"timestamp":1521168049,"path_taken":["M","M","?","?","M","E","R","?","T","E","R","M","E","?","R","BOSS","M","?","?","M","M","R","E","R","T","R","M","?","E","?","R","BOSS","M","?","M","?","$","R","E","R","T","E","M","M","E","M","R","BOSS"],"build_version":"2018-03-15","purchased_purges":0,"victory":true,"master_deck":["Defend_G+1","Defend_G+1","Defend_G+1","Defend_G+1","Defend_G+1","Survivor","Neutralize+1","Slice","Dagger Spray","Dodge and Roll","Blade Dance+1","PiercingWail","Cloak And Dagger+1","After Image+1","Terror","Bite+1","Bite","Bite","Bite","Bite","Dagger Spray","Noxious Fumes+1","Cloak And Dagger+1","Flying Knee+1","Infinite Blades+1","Burst","Dodge and Roll+1","Madness","Madness","Skewer+1","Panache","Dodge and Roll","Backflip+1","Injury","Bouncing Flask+1","Infinite Blades+1","Adrenaline","Escape Plan","Acrobatics+1"],"max_hp_per_floor":[70,70,70,75,75,75,75,75,75,75,75,75,75,75,75,75,75,75,75,52,52,52,52,52,52,52,52,52,52,52,52,52,52,52,52,52,52,52,52,52,52,52,52,62,62,62,62,62,62,62],"relics":["Ring of the Snake","Art of War","Orichalcum","Lantern","Bronze Scales","Ginger","Gremlin Horn","Black Star","Kunai","Tough Bandages","Molten Egg 2","Sundial","Frozen Eye","Blood Vial","Cursed Key","Ice Cream","Gambling Chip","Old Coin","Bottled Tornado","Pear","Matryoshka","Juzu Bracelet","Ancient Tea Set"],"card_choices":[{"not_picked":["Deadly Poison","Backflip"],"picked":"Slice"},{"not_picked":["Underhanded Strike","Dash"],"picked":"Dagger Spray"},{"not_picked":["Dagger Throw","Prepared"],"picked":"Dodge and Roll"},{"not_picked":["Accuracy","Dodge and Roll"],"picked":"Blade Dance"},{"not_picked":["Unload","Flechettes"],"picked":"PiercingWail"},{"not_picked":["Dagger Throw","Flying Knee"],"picked":"Cloak And Dagger"},{"not_picked":["Doppelganger","Unload"],"picked":"After Image"},{"not_picked":["Finisher","Noxious Fumes"],"picked":"Terror"},{"not_picked":["Terror","Acrobatics"],"picked":"Dagger Spray"},{"not_picked":["Outmaneuver","Accuracy"],"picked":"Noxious Fumes"},{"not_picked":["Bouncing Flask","Dash"],"picked":"Cloak And Dagger"},{"not_picked":["Calculated Gamble","PiercingWail"],"picked":"Flying Knee"},{"not_picked":["Corpse Explosion","Phantasmal Killer"],"picked":"Burst"},{"not_picked":["Dagger Spray","Deflect"],"picked":"Dodge and Roll"},{"not_picked":["Heel Hook","Deadly Poison"],"picked":"Skewer"},{"not_picked":["Tools of the Trade","Dagger Throw"],"picked":"Backflip"},{"not_picked":["Outmaneuver","Dagger Throw"],"picked":"Bouncing Flask"},{"not_picked":["Dagger Throw","Deflect"],"picked":"Infinite Blades"},{"not_picked":["Concentrate","Caltrops"],"picked":"Adrenaline"},{"not_picked":["Choke","Reflex"],"picked":"Escape Plan"},{"not_picked":["Choke","Underhanded Strike"],"picked":"Acrobatics"}],"player_experience":572436,"potions_floor_usage":[6,16,22,22,28,30,38,41,44,47,50,50],"damage_taken":[{"damage":0,"enemies":"2 Louse","floor":1,"turns":3},{"damage":0,"enemies":"Cultist","floor":2,"turns":4},{"damage":0,"enemies":"Small Slimes","floor":5,"turns":3},{"damage":27,"enemies":"Gremlin Nob","floor":6,"turns":6},{"damage":26,"enemies":"Lagavulin","floor":10,"turns":8},{"damage":0,"enemies":"Exordium Wildlife","floor":12,"turns":3},{"damage":0,"enemies":"3 Sentries","floor":13,"turns":7},{"damage":40,"enemies":"The Guardian","floor":16,"turns":15},{"damage":17,"enemies":"Chosen","floor":18,"turns":6},{"damage":18,"enemies":"Spheric Guardian","floor":21,"turns":6},{"damage":0,"enemies":"Centurion and Healer","floor":22,"turns":7},{"damage":22,"enemies":"Book of Stabbing","floor":24,"turns":6},{"damage":4,"enemies":"Chosen and Byrds","floor":28,"turns":4},{"damage":5,"enemies":"Gremlin Leader","floor":30,"turns":8},{"damage":54,"enemies":"Champ","floor":33,"turns":13},{"damage":0,"enemies":"3 Darklings","floor":35,"turns":5},{"damage":0,"enemies":"Orb Walker","floor":37,"turns":3},{"damage":21,"enemies":"Mysterious Sphere","floor":38,"turns":7},{"damage":6,"enemies":"2 Orb Walkers","floor":41,"turns":5},{"damage":29,"enemies":"Nemesis","floor":44,"turns":7},{"damage":8,"enemies":"Maw","floor":45,"turns":7},{"damage":3,"enemies":"4 Shapes","floor":46,"turns":2},{"damage":21,"enemies":"2 Orb Walkers","floor":47,"turns":5},{"damage":3,"enemies":"3 Darklings","floor":48,"turns":4},{"damage":24,"enemies":"Awakened One","floor":50,"turns":12}],"event_choices":[{"event_name":"Accursed Blacksmith","player_choice":"Forge","floor":3,"damage_taken":0},{"event_name":"Big Fish","player_choice":"Donut","floor":4,"damage_taken":0},{"event_name":"Shining Light","player_choice":"Entered Light","floor":8,"damage_taken":0},{"event_name":"Drug Dealer","player_choice":"Ignored","floor":19,"damage_taken":0},{"event_name":"Vampires","player_choice":"Became a vampire","floor":20,"damage_taken":0},{"event_name":"Back to Basics","player_choice":"Simplicity","floor":29,"damage_taken":0},{"event_name":"Winding Halls","player_choice":"Embrace Madness","floor":36,"damage_taken":0},{"event_name":"Mysterious Sphere","player_choice":"Fight","floor":38,"damage_taken":0}],"boss_relics":[{"not_picked":["The Specimen","Snecko Eye"],"picked":"Black Star"},{"not_picked":["Astrolabe","Lizard Tail"],"picked":"Cursed Key"}],"potions_floor_spawned":[2,10,13,16,22,28,33,38,41,44,45,47],"seed_played":"-5278591322656196060","ascension_level":1,"is_trial":false}