{"gold_per_floor":[112,124,138,158,8,8,36,36,36,46,46,78,88,54,54,153,153,163,262,273,284,284,284,318,318,318,318,68,85,101,119,119,222,222,239,250,305,9,24,24,40,68,95,111,111,128,128,146,146,146,146,146,3,31,31],"floor_reached":55,"playtime":3783,"items_purged":["Strike_G"],"score":733,"play_id":"de9d0889-8b21-4077-a2de-b443dcba5723","local_time":"20190209124149","is_ascension_mode":false,"campfire_choices":[{"data":"Predator","floor":6,"key":"SMITH"},{"data":"Neutralize","floor":11,"key":"SMITH"},{"data":"Noxious Fumes","floor":15,"key":"SMITH"},{"floor":23,"key":"REST"},{"floor":32,"key":"REST"},{"data":"Wraith Form v2","floor":40,"key":"SMITH"},{"data":"Burst","floor":45,"key":"SMITH"},{"floor":49,"key":"RECALL"},{"data":"Malaise","floor":52,"key":"SMITH"}],"neow_cost":"TEN_PERCENT_HP_LOSS","seed_source_timestamp":1091624332347023,"circlet_count":0,"master_deck":["Survivor","Neutralize+1","Wraith Form v2+1","Predator+1","Dagger Spray","Dagger Throw","Blur","Noxious Fumes+1","Venomology","Corpse Explosion+1","Backflip","Caltrops","PiercingWail","Leg Sweep","Bullet Time","Acrobatics","Burst+1","Caltrops","Quick Slash","Deadly Poison","PiercingWail","Backstab","Flying Knee","After Image+1","Well Laid Plans","Terror","Dash","Well Laid Plans","Escape Plan+1","Corpse Explosion","Deflect","Backstab","Infinite Blades+1","Blur","Deflect","Good Instincts","Caltrops","Parasite","Blade Dance+1","Malaise+1","Blur","Acrobatics+1","Deadly Poison+1","Wraith Form v2","Wraith Form v2"],"relics":["Ring of the Snake","Blood Vial","Dream Catcher","Kunai","Pandora\u0027s Box","Boot","Meat on the Bone","Paper Crane","Velvet Choker","Incense Burner","War Paint","Letter Opener","Tingsha"],"potions_floor_usage":[7,12,13,16,20,24,24,30,31,36,37,42,44,48,50,54],"damage_taken":[{"damage":3,"enemies":"Cultist","floor":1,"turns":5},{"damage":0,"enemies":"Jaw Worm","floor":2,"turns":4},{"damage":0,"enemies":"2 Louse","floor":3,"turns":2},{"damage":2,"enemies":"2 Fungi Beasts","floor":4,"turns":3},{"damage":1,"enemies":"3 Sentries","floor":7,"turns":7},{"damage":2,"enemies":"Lots of Slimes","floor":10,"turns":2},{"damage":16,"enemies":"Gremlin Nob","floor":12,"turns":5},{"damage":1,"enemies":"3 Louse","floor":13,"turns":2},{"damage":20,"enemies":"Hexaghost","floor":16,"turns":11},{"damage":0,"enemies":"3 Byrds","floor":18,"turns":3},{"damage":12,"enemies":"2 Thieves","floor":20,"turns":3},{"damage":14,"enemies":"Cultist and Chosen","floor":21,"turns":5},{"damage":4,"enemies":"Gremlin Leader","floor":24,"turns":6},{"damage":6,"enemies":"Centurion and Healer","floor":29,"turns":6},{"damage":0,"enemies":"3 Cultists","floor":30,"turns":4},{"damage":16,"enemies":"Sentry and Sphere","floor":31,"turns":6},{"damage":34,"enemies":"Collector","floor":33,"turns":9},{"damage":0,"enemies":"Orb Walker","floor":35,"turns":5},{"damage":1,"enemies":"3 Shapes","floor":36,"turns":3},{"damage":20,"enemies":"2 Orb Walkers","floor":37,"turns":4},{"damage":3,"enemies":"Writhing Mass","floor":39,"turns":7},{"damage":13,"enemies":"Spire Growth","floor":41,"turns":7},{"damage":5,"enemies":"Reptomancer","floor":42,"turns":8},{"damage":12,"enemies":"Jaw Worm Horde","floor":44,"turns":5},{"damage":18,"enemies":"Maw","floor":46,"turns":9},{"damage":9,"enemies":"Writhing Mass","floor":48,"turns":6},{"damage":45,"enemies":"Awakened One","floor":50,"turns":18},{"damage":48,"enemies":"Shield and Spear","floor":54,"turns":7},{"damage":37,"enemies":"The Heart","floor":55,"turns":5}],"seed_played":"2864787612441736896","potions_obtained":[{"floor":3,"key":"Block Potion"},{"floor":4,"key":"Poison Potion"},{"floor":10,"key":"FairyPotion"},{"floor":12,"key":"Explosive Potion"},{"floor":21,"key":"Energy Potion"},{"floor":30,"key":"SteroidPotion"},{"floor":35,"key":"Fire Potion"},{"floor":42,"key":"Poison Potion"},{"floor":46,"key":"Swift Potion"},{"floor":54,"key":"Block Potion"}],"is_trial":false,"path_per_floor":["M","M","M","M","$","R","E","?","T","M","R","E","M","$","R","B",null,"M","?","M","M","?","R","E","?","T","?","$","M","M","M","R","B",null,"M","M","?","$","M","R","M","E","T","M","R","M","T","M","R","B",null,"R","$","E","B"],"character_chosen":"THE_SILENT","items_purchased":["Noxious Fumes","Leg Sweep","Paper Crane","Blur","Deflect","Good Instincts","Caltrops","Wraith Form v2"],"campfire_rested":2,"item_purchase_floors":[5,14,28,38,38,38,38,53],"current_hp_per_floor":[60,60,60,58,58,58,57,57,57,57,57,43,44,44,44,26,63,63,63,51,39,39,57,55,55,55,55,55,51,53,39,57,37,63,63,62,43,43,42,42,43,40,40,42,42,38,38,43,43,18,63,63,63,27,0],"gold":31,"neow_bonus":"THREE_RARE_CARDS","is_prod":false,"is_daily":false,"chose_seed":false,"campfire_upgraded":6,"win_rate":0,"timestamp":1549734109,"path_taken":["M","?","M","M","$","R","E","?","T","M","R","E","M","$","R","BOSS","M","?","M","M","?","R","E","?","T","?","$","M","?","M","R","BOSS","M","M","?","$","M","R","M","E","T","M","R","M","?","?","R","BOSS","R","$","E","BOSS"],"build_version":"2019-02-06","purchased_purges":1,"victory":false,"max_hp_per_floor":[63,63,63,63,63,63,63,63,63,63,63,63,63,63,63,63,63,63,63,63,63,63,63,63,63,63,63,63,63,63,63,63,63,63,63,63,63,63,63,63,63,63,63,63,63,63,63,63,63,63,63,63,63,63,63],"card_choices":[{"not_picked":["Burst","Tools of the Trade"],"picked":"Wraith Form v2","floor":0},{"not_picked":["Underhanded Strike","Calculated Gamble"],"picked":"Predator","floor":1},{"not_picked":["Poisoned Stab","Calculated Gamble"],"picked":"Dagger Spray","floor":2},{"not_picked":["Blur","Tactician"],"picked":"Dagger Throw","floor":3},{"not_picked":["Dodge and Roll","Bane"],"picked":"Blur","floor":4},{"not_picked":["Skewer","Poisoned Stab"],"picked":"Venomology","floor":7},{"not_picked":["Blade Dance","Flying Knee"],"picked":"Backflip","floor":10},{"not_picked":["Blur","Unload"],"picked":"Caltrops","floor":12},{"not_picked":["Deflect","Expertise"],"picked":"PiercingWail","floor":13},{"not_picked":["Tools of the Trade","Burst"],"picked":"Bullet Time","floor":16},{"not_picked":["Concentrate","Sucker Punch","Slice+1"],"picked":"SKIP","floor":18},{"not_picked":["Calculated Gamble","Bane","Dagger Throw+1"],"picked":"SKIP","floor":20},{"not_picked":["Reflex","Accuracy","Acrobatics"],"picked":"SKIP","floor":21},{"not_picked":["Backflip+1","Acrobatics+1"],"picked":"After Image","floor":23},{"not_picked":["Distraction+1","Skewer+1"],"picked":"Well Laid Plans","floor":24},{"not_picked":["All Out Attack","Deflect"],"picked":"Terror","floor":29},{"not_picked":["Heel Hook","Blade Dance"],"picked":"Dash","floor":30},{"not_picked":["All Out Attack","Choke"],"picked":"Well Laid Plans","floor":31},{"not_picked":["Bane","Riddle With Holes"],"picked":"Escape Plan","floor":32},{"not_picked":["Unload","Storm of Steel"],"picked":"Corpse Explosion","floor":33},{"not_picked":["Poisoned Stab","Underhanded Strike"],"picked":"Deflect","floor":35},{"not_picked":["Dagger Throw+1","Dodge and Roll"],"picked":"Backstab","floor":36},{"not_picked":["Concentrate","Riddle With Holes"],"picked":"Infinite Blades+1","floor":37},{"not_picked":["Underhanded Strike+1","Choke+1"],"picked":"Blade Dance+1","floor":39},{"not_picked":["Choke","Quick Slash+1","Dagger Spray"],"picked":"SKIP","floor":41},{"not_picked":["Bouncing Flask+1","Dagger Throw+1"],"picked":"Malaise","floor":42},{"not_picked":["Deadly Poison","Reflex+1"],"picked":"Blur","floor":44},{"not_picked":["Bane","Sucker Punch+1"],"picked":"Acrobatics+1","floor":46},{"not_picked":["Poisoned Stab+1","Well Laid Plans+1"],"picked":"Deadly Poison+1","floor":48},{"not_picked":["Underhanded Strike+1","Concentrate+1"],"picked":"Wraith Form v2","floor":54}],"player_experience":1377898,"relics_obtained":[{"floor":7,"key":"Blood Vial"},{"floor":9,"key":"Dream Catcher"},{"floor":12,"key":"Kunai"},{"floor":24,"key":"Boot"},{"floor":26,"key":"Meat on the Bone"},{"floor":37,"key":"Incense Burner"},{"floor":42,"key":"War Paint"},{"floor":47,"key":"Letter Opener"},{"floor":54,"key":"Tingsha"}],"event_choices":[{"damage_healed":0,"gold_gain":0,"cards_transformed":["Strike_G"],"player_choice":"Transformed","damage_taken":0,"max_hp_gain":0,"max_hp_loss":0,"event_name":"Transmorgrifier","floor":8,"gold_loss":0,"cards_obtained":["Corpse Explosion"]},{"damage_healed":0,"gold_gain":99,"player_choice":"Stole From Cult","damage_taken":0,"max_hp_gain":0,"max_hp_loss":0,"event_name":"Nest","floor":19,"gold_loss":0},{"damage_healed":0,"gold_gain":0,"player_choice":"Smashed Altar","damage_taken":0,"max_hp_gain":0,"max_hp_loss":0,"event_name":"Forgotten Altar","floor":22,"gold_loss":0,"cards_obtained":["Decay"]},{"cards_removed":["Decay"],"damage_healed":0,"gold_gain":0,"player_choice":"Elegance","damage_taken":0,"max_hp_gain":0,"max_hp_loss":0,"event_name":"Back to Basics","floor":25,"gold_loss":0},{"damage_healed":0,"gold_gain":0,"player_choice":"Upgraded","damage_taken":0,"max_hp_gain":0,"max_hp_loss":0,"event_name":"Upgrade Shrine","floor":27,"gold_loss":0,"cards_upgraded":["After Image"]},{"damage_healed":0,"gold_gain":0,"player_choice":"Fight","damage_taken":0,"max_hp_gain":0,"max_hp_loss":0,"event_name":"Mysterious Sphere","floor":37,"gold_loss":0}],"is_beta":true,"boss_relics":[{"not_picked":["Calling Bell","White Beast Statue"],"picked":"Pandora\u0027s Box"},{"not_picked":["HoveringKite","Ring of the Serpent"],"picked":"Velvet Choker"}],"items_purged_floors":[5],"is_endless":false,"potions_floor_spawned":[3,4,10,12,21,30,35,41,42,46,48,54],"killed_by":"The Heart","ascension_level":0}