{"gold_per_floor":[116,132,82,93,109,109,122,122,122,141,156,186,186,29,29,125,125,135,153,68,84,100,100,112,147,196,196,295,313,313,313],"floor_reached":31,"playtime":3752,"items_purged":[],"score":261,"play_id":"bbd22165-b671-4496-8eca-37f22c207f18","local_time":"20190218214428","is_ascension_mode":false,"campfire_choices":[{"data":"Backflip","floor":6.0,"key":"SMITH"},{"data":"Quick Slash","floor":13.0,"key":"SMITH"},{"data":"Footwork","floor":15.0,"key":"SMITH"},{"floor":23,"key":"REST"}],"neow_cost":"NONE","seed_source_timestamp":0,"circlet_count":0,"master_deck":["Defend_G","Defend_G","Defend_G","Defend_G","Defend_G","Strike_G","Strike_G","Strike_G","Strike_G","Survivor","Neutralize","Deadly Poison","Quick Slash+1","Backflip+1","Dagger Throw+1","Acrobatics","Footwork+1","Leg Sweep","PiercingWail","Prepared","Skewer","Caltrops+1"],"special_seed":0,"relics":["Ring of the Snake","Pantograph","Matryoshka","Sozu","Frozen Egg 2","Kunai","Smiling Mask","Potion Belt"],"potions_floor_usage":[25],"damage_taken":[{"damage":0.0,"enemies":"Small Slimes","floor":1.0,"turns":3.0},{"damage":0.0,"enemies":"2 Louse","floor":2.0,"turns":3.0},{"damage":0.0,"enemies":"Cultist","floor":4.0,"turns":4.0},{"damage":0.0,"enemies":"Looter","floor":5.0,"turns":4.0},{"damage":1.0,"enemies":"Large Slime","floor":7.0,"turns":7.0},{"damage":0.0,"enemies":"3 Louse","floor":10.0,"turns":5.0},{"damage":0.0,"enemies":"Looter","floor":11.0,"turns":4.0},{"damage":12.0,"enemies":"Lagavulin","floor":12.0,"turns":9.0},{"damage":13.0,"enemies":"The Guardian","floor":16.0,"turns":20.0},{"damage":10.0,"enemies":"3 Byrds","floor":18.0,"turns":9.0},{"damage":0.0,"enemies":"Shell Parasite","floor":19.0,"turns":7.0},{"damage":35,"enemies":"Chosen and Byrds","floor":21,"turns":13},{"damage":4,"enemies":"Centurion and Healer","floor":22,"turns":19},{"damage":2,"enemies":"Snake Plant","floor":24,"turns":7},{"damage":36,"enemies":"Slavers","floor":25,"turns":12},{"damage":8,"enemies":"Shelled Parasite and Fungi","floor":29,"turns":7},{"damage":6,"enemies":"Sentry and Sphere","floor":31,"turns":3}],"seed_played":"-8950531710372649682","potions_obtained":[{"floor":2.0,"key":"Poison Potion"},{"floor":4.0,"key":"EssenceOfSteel"},{"floor":16.0,"key":"GamblersBrew"}],"is_trial":false,"path_per_floor":["M","M","?","M","M","R","M","?","T","M","M","E","R","$","R","B",null,"M","M","?","M","M","R","M","E","T","?","?","M","?","M"],"character_chosen":"THE_SILENT","items_purchased":["Footwork","Leg Sweep"],"campfire_rested":1,"item_purchase_floors":[14,14],"current_hp_per_floor":[77,77,77,77,77,77,76,76,76,76,76,64,64,64,64,64,77,67,67,67,32,28,51,49,13,13,13,13,5,5,0],"gold":313,"neow_bonus":"TEN_PERCENT_HP_BONUS","is_prod":false,"is_daily":false,"chose_seed":false,"campfire_upgraded":3,"win_rate":0.0,"timestamp":1550486668,"path_taken":["M","M","?","M","M","R","M","?","T","M","M","E","R","$","R","BOSS","M","M","?","M","M","R","M","E","T","?","?","M","?","M"],"build_version":"2019-01-23","purchased_purges":0,"victory":false,"max_hp_per_floor":[77,77,77,77,77,77,77,77,77,77,77,77,77,77,77,77,77,77,77,77,77,77,77,77,77,77,77,77,77,77,77],"card_choices":[{"not_picked":["Acrobatics","Blade Dance"],"picked":"Deadly Poison","floor":1.0},{"not_picked":["Outmaneuver","Deflect"],"picked":"Quick Slash","floor":2.0},{"not_picked":["Predator","Dagger Throw"],"picked":"Backflip","floor":4.0},{"not_picked":["Acrobatics","Prepared","Terror"],"picked":"SKIP","floor":5.0},{"not_picked":["Deadly Poison","Bullet Time"],"picked":"Dagger Throw","floor":7.0},{"not_picked":["Underhanded Strike","Dagger Throw","Dagger Spray"],"picked":"SKIP","floor":10.0},{"not_picked":["Blade Dance","Eviscerate","Quick Slash"],"picked":"SKIP","floor":11.0},{"not_picked":["Blade Dance","Quick Slash"],"picked":"Acrobatics","floor":12.0},{"not_picked":["Blade Dance+1","Quick Slash","Dodge and Roll"],"picked":"SKIP","floor":18.0},{"not_picked":["Dagger Spray","Bane"],"picked":"PiercingWail","floor":19.0},{"not_picked":["Bane","Deflect"],"picked":"Prepared","floor":21},{"not_picked":["Backstab","Sucker Punch"],"picked":"Skewer","floor":22},{"not_picked":["Flechettes+1","Prepared+1","Dagger Throw"],"picked":"SKIP","floor":24},{"not_picked":["Wraith Form v2+1","Dash+1"],"picked":"Caltrops+1","floor":25},{"not_picked":["Slice+1","PiercingWail","Infinite Blades+1"],"picked":"SKIP","floor":29}],"player_experience":23187,"relics_obtained":[{"floor":9.0,"key":"Pantograph"},{"floor":12.0,"key":"Matryoshka"},{"floor":25,"key":"Kunai"},{"floor":26,"key":"Smiling Mask"},{"floor":26,"key":"Potion Belt"}],"event_choices":[{"cards_removed":["Strike_G"],"damage_healed":0.0,"max_hp_gain":0.0,"max_hp_loss":0.0,"gold_gain":0.0,"event_name":"The Cleric","player_choice":"Card Removal","floor":3.0,"gold_loss":50.0,"damage_taken":0.0},{"damage_healed":0.0,"max_hp_gain":0.0,"max_hp_loss":0.0,"gold_gain":0.0,"event_name":"Living Wall","player_choice":"Grow","floor":8.0,"gold_loss":0.0,"damage_taken":0.0,"cards_upgraded":["Dagger Throw"]},{"damage_healed":0.0,"max_hp_gain":0.0,"max_hp_loss":0.0,"gold_gain":0.0,"event_name":"Addict","player_choice":"Obtained Relic","floor":20.0,"gold_loss":85.0,"damage_taken":0.0,"relics_obtained":["Frozen Egg 2"]},{"damage_healed":0,"gold_gain":0,"player_choice":"Ignored","damage_taken":0,"max_hp_gain":0,"max_hp_loss":0,"event_name":"The Mausoleum","floor":27,"gold_loss":0},{"damage_healed":0,"gold_gain":99,"player_choice":"Stole From Cult","damage_taken":0,"max_hp_gain":0,"max_hp_loss":0,"event_name":"Nest","floor":28,"gold_loss":0},{"damage_healed":0,"gold_gain":0,"player_choice":"Ignored","damage_taken":0,"max_hp_gain":0,"max_hp_loss":0,"event_name":"NoteForYourself","floor":30,"gold_loss":0}],"is_beta":false,"boss_relics":[{"not_picked":["HoveringKite","Coffee Dripper"],"picked":"Sozu"}],"items_purged_floors":[],"is_endless":false,"potions_floor_spawned":[2,4,16,18,21,25],"killed_by":"Sentry and Sphere","ascension_level":0}