{"gold_per_floor":[16,35,35,35,45,45,75,75,102,161,236,250,80,97,97,97],"floor_reached":16,"playtime":707,"items_purged":["Strike_R"],"score":149,"play_id":"a07cd513-aa66-4ab6-9bf6-af29a02dbb68","local_time":"20190202115510","is_ascension_mode":true,"campfire_choices":[{"data":"Bash","floor":6,"key":"SMITH"},{"data":"Spot Weakness","floor":8,"key":"SMITH"},{"floor":15,"key":"REST"}],"neow_cost":"NO_GOLD","seed_source_timestamp":487098065161430,"circlet_count":0,"master_deck":["Strike_R","Strike_R","Strike_R","Defend_R","Defend_R","Defend_R","Bash+1","Battle Trance","Clothesline","Feel No Pain","Spot Weakness+1","Dark Embrace","Sword Boomerang","Corruption","Sword Boomerang","Second Wind"],"relics":["Burning Blood","Lantern","Pear","Potion Belt","Tiny Chest"],"potions_floor_usage":[10,16],"damage_taken":[{"damage":5,"enemies":"Small Slimes","floor":1,"turns":4},{"damage":7,"enemies":"Jaw Worm","floor":2,"turns":3},{"damage":2,"enemies":"2 Louse","floor":5,"turns":2},{"damage":22,"enemies":"3 Sentries","floor":7,"turns":11},{"damage":25,"enemies":"Lagavulin","floor":10,"turns":4},{"damage":20,"enemies":"Gremlin Gang","floor":12,"turns":4},{"damage":23,"enemies":"Lots of Slimes","floor":14,"turns":4},{"damage":46,"enemies":"Slime Boss","floor":16,"turns":5}],"seed_played":"6771264571193168583","potions_obtained":[{"floor":1,"key":"Weak Potion"},{"floor":5,"key":"Poison Potion"}],"is_trial":false,"path_per_floor":["M","M","?","?","M","R","E","R","T","E","?","M","$","M","R","B"],"character_chosen":"IRONCLAD","items_purchased":["Corruption","Sword Boomerang"],"campfire_rested":1,"item_purchase_floors":[13,13],"current_hp_per_floor":[73,72,72,69,73,73,67,67,67,48,39,25,25,8,35,0],"gold":97,"neow_bonus":"REMOVE_TWO","is_prod":false,"is_daily":false,"chose_seed":false,"campfire_upgraded":2,"win_rate":0,"timestamp":1549126510,"path_taken":["M","M","?","?","M","R","E","R","T","E","?","?","$","M","R","BOSS"],"build_version":"2019-01-23","purchased_purges":1,"victory":false,"max_hp_per_floor":[80,80,80,80,80,80,90,90,90,90,90,90,90,90,90,90],"card_choices":[{"not_picked":["Evolve","Seeing Red"],"picked":"Battle Trance","floor":1},{"not_picked":["Armaments","Sword Boomerang"],"picked":"Clothesline","floor":2},{"not_picked":["Sword Boomerang","Sentinel"],"picked":"Feel No Pain","floor":5},{"not_picked":["Pummel","Battle Trance"],"picked":"Spot Weakness","floor":7},{"not_picked":["Carnage","Corruption"],"picked":"Dark Embrace","floor":10},{"not_picked":["Thunderclap","Wild Strike"],"picked":"Sword Boomerang","floor":12},{"not_picked":["Iron Wave","Burning Pact"],"picked":"Second Wind","floor":14}],"player_experience":1355104,"relics_obtained":[{"floor":7,"key":"Pear"},{"floor":9,"key":"Potion Belt"},{"floor":10,"key":"Tiny Chest"}],"event_choices":[{"damage_healed":0,"gold_gain":0,"player_choice":"Leave","damage_taken":0,"max_hp_gain":0,"max_hp_loss":0,"event_name":"The Cleric","floor":3,"gold_loss":0},{"damage_healed":0,"gold_gain":0,"player_choice":"Success","damage_taken":3,"relics_obtained":["Lantern"],"max_hp_gain":0,"max_hp_loss":0,"event_name":"Scrap Ooze","floor":4,"gold_loss":0},{"damage_healed":0,"gold_gain":75,"player_choice":"Touch","damage_taken":9,"max_hp_gain":0,"max_hp_loss":0,"event_name":"FaceTrader","floor":11,"gold_loss":0}],"is_beta":true,"boss_relics":[],"items_purged_floors":[13],"is_endless":false,"potions_floor_spawned":[1,5],"killed_by":"Slime Boss","ascension_level":7}