{"path_per_floor":["M","?","$","M","?","E","R","M","T","M","E","M","?","M","R","B",null,"M","?","M","T","?","R","E","R","T","M","M","$","M","$","R"],"character_chosen":"IRONCLAD","items_purchased":["Anchor","Cleave","Letter Opener","Bronze Scales"],"gold_per_floor":[211,211,38,53,53,85,85,95,121,138,165,176,206,218,218,318,318,336,336,351,376,376,376,411,411,434,447,457,144,154,5,5],"floor_reached":33,"campfire_rested":3,"playtime":1348,"current_hp_per_floor":[80,80,80,80,64,47,47,53,53,58,64,54,54,60,80,26,80,62,62,51,51,51,51,11,35,35,41,45,45,47,47,71],"items_purged":["Strike_R"],"gold":5,"score":302,"play_id":"f53c7ee8-8fbf-415a-8253-f14c6a979486","local_time":"20180314223018","is_prod":false,"is_daily":false,"is_ascension_mode":false,"campfire_upgraded":2,"timestamp":1521081018,"path_taken":["M","?","$","M","?","E","R","M","T","M","E","M","?","?","R","BOSS","M","?","M","?","?","R","E","R","T","M","M","$","M","$","R","BOSS"],"build_version":"2018-03-09","purchased_purges":1,"victory":false,"master_deck":["Strike_R","Strike_R+1","Strike_R","Defend_R+1","Defend_R","Defend_R","Defend_R","Bash","Armaments+1","Cleave+1","Iron Wave","Impervious","Thunderclap","Body Slam","Body Slam+1","Body Slam+1","Juggernaut","Ghostly Armor","Twin Strike","Battle Trance+1","Iron Wave+1","Rampage","Offering","Iron Wave","Corruption"],"max_hp_per_floor":[80,80,80,80,80,80,80,80,80,80,80,80,80,80,80,80,80,80,80,80,80,80,80,80,80,80,80,80,80,80,80,80],"relics":["Burning Blood","Anchor","Pen Nib","Dream Catcher","Lantern","Mark of Pain","Bag of Preparation","Vajra","Art of War","Letter Opener","Bronze Scales"],"card_choices":[{"not_picked":["Metallicize","Body Slam"],"picked":"Armaments"},{"not_picked":["Twin Strike","Spot Weakness"],"picked":"Iron Wave"},{"not_picked":["Perfected Strike","Headbutt"],"picked":"Impervious"},{"not_picked":["Twin Strike","Sword Boomerang"],"picked":"Thunderclap"},{"not_picked":["Sword Boomerang","Clash"],"picked":"Body Slam"},{"not_picked":["Iron Wave","Corruption"],"picked":"Body Slam"},{"not_picked":["Fiend Fire","Pommel Strike"],"picked":"Body Slam"},{"not_picked":["Double Tap","Dark Embrace"],"picked":"Juggernaut"},{"not_picked":["Headbutt","Armaments"],"picked":"Ghostly Armor"},{"not_picked":["Rupture","Burning Pact"],"picked":"Battle Trance"},{"not_picked":["Cleave","Rampage"],"picked":"Iron Wave"},{"not_picked":["Uppercut","Spot Weakness"],"picked":"Rampage"},{"not_picked":["Havoc","Sword Boomerang"],"picked":"Offering"},{"not_picked":["Blood for Blood","Clash"],"picked":"Iron Wave"},{"not_picked":["Sentinel","Combust"],"picked":"Corruption"}],"player_experience":561448,"potions_floor_usage":[6,11,11,24],"damage_taken":[{"damage":6,"enemies":"Jaw Worm","floor":1,"turns":3},{"damage":0,"enemies":"2 Louse","floor":4,"turns":2},{"damage":23,"enemies":"Lagavulin","floor":6,"turns":7},{"damage":0,"enemies":"Small Slimes","floor":8,"turns":3},{"damage":1,"enemies":"Exordium Thugs","floor":10,"turns":4},{"damage":0,"enemies":"3 Sentries","floor":11,"turns":6},{"damage":16,"enemies":"Large Slime","floor":12,"turns":5},{"damage":0,"enemies":"Looter","floor":14,"turns":2},{"damage":60,"enemies":"The Guardian","floor":16,"turns":12},{"damage":24,"enemies":"Shell Parasite","floor":18,"turns":5},{"damage":17,"enemies":"Spheric Guardian","floor":20,"turns":5},{"damage":46,"enemies":"Gremlin Leader","floor":24,"turns":7},{"damage":0,"enemies":"Snake Plant","floor":27,"turns":2},{"damage":2,"enemies":"3 Cultists","floor":28,"turns":4},{"damage":4,"enemies":"Cultist and Chosen","floor":30,"turns":2},{"damage":75,"enemies":"Automaton","floor":33,"turns":10}],"event_choices":[{"event_name":"Living Wall","player_choice":"Grow","floor":2,"damage_taken":0},{"event_name":"Shining Light","player_choice":"Entered Light","floor":5,"damage_taken":0},{"event_name":"Dead Adventurer","player_choice":"Searched \u00271\u0027 times","floor":13,"damage_taken":0},{"event_name":"Transmorgrifier","player_choice":"Transform","floor":19,"damage_taken":0},{"event_name":"Upgrade Shrine","player_choice":"Upgraded","floor":22,"damage_taken":0}],"boss_relics":[{"not_picked":["White Beast Statue","Philosopher\u0027s Stone"],"picked":"Mark of Pain"}],"potions_floor_spawned":[1,4,6,20],"seed_played":"-373396321147324910","killed_by":"Automaton","ascension_level":0,"is_trial":false}