{"gold_per_floor":[210,271,288,58,58,58,9,9,9,9,29,58,58,78,78,152,152,168,168,168,31,47,47,64,78,378,378,388,388,400,101,101,178,178,191,191,203,124,124,124,158,158],"floor_reached":42,"playtime":1448,"items_purged":["Strike_B"],"score":746,"play_id":"1dcea129-e163-4b97-bc51-3708579e0ecf","local_time":"20190103211641","is_ascension_mode":true,"campfire_choices":[{"floor":6,"key":"REST"},{"data":"Zap","floor":8,"key":"SMITH"},{"data":"Dualcast","floor":10,"key":"SMITH"},{"floor":15,"key":"REST"},{"floor":23,"key":"REST"},{"floor":29,"key":"REST"},{"floor":32,"key":"REST"},{"floor":40,"key":"REST"}],"neow_cost":"NONE","seed_source_timestamp":262676874304197,"circlet_count":0,"master_deck":["AscendersBane","Defend_B","Defend_B","Defend_B","Defend_B","Zap+1","Dualcast+1","Melter","Ball Lightning","Static Discharge+1","Leap","Barrage","Electrodynamics+1","Capacitor","Writhe","Sunder","Double Energy","Ball Lightning+1","Tempest","Coolheaded","Bite","Bite","Bite","Bite","Bite","Steam+1","Chill","Auto Shields","Creative AI","Force Field","Auto Shields","Loop","Cold Snap"],"relics":["Cracked Core","Happy Flower","Turnip","Letter Opener","Fusion Hammer","Orichalcum","Old Coin","DataDisk","Cursed Key","Bag of Preparation"],"potions_floor_usage":[12,16,22,24,25,33,41],"damage_taken":[{"damage":7,"enemies":"Jaw Worm","floor":1,"turns":3},{"damage":9,"enemies":"Small Slimes","floor":3,"turns":3},{"damage":0,"enemies":"Cultist","floor":11,"turns":2},{"damage":16,"enemies":"Gremlin Nob","floor":12,"turns":3},{"damage":0,"enemies":"3 Louse","floor":14,"turns":3},{"damage":33,"enemies":"Slime Boss","floor":16,"turns":6},{"damage":14,"enemies":"2 Thieves","floor":18,"turns":3},{"damage":13,"enemies":"Shell Parasite","floor":22,"turns":4},{"damage":17,"enemies":"Centurion and Healer","floor":24,"turns":5},{"damage":19,"enemies":"Snake Plant","floor":25,"turns":2},{"damage":26,"enemies":"Cultist and Chosen","floor":28,"turns":6},{"damage":25,"enemies":"Centurion and Healer","floor":30,"turns":8},{"damage":41,"enemies":"Collector","floor":33,"turns":9},{"damage":11,"enemies":"Orb Walker","floor":35,"turns":4},{"damage":11,"enemies":"3 Shapes","floor":37,"turns":3},{"damage":66,"enemies":"Reptomancer","floor":41,"turns":7},{"damage":17,"enemies":"Maw","floor":42,"turns":2}],"seed_played":"-4971178634984467283","potions_obtained":[{"floor":1,"key":"GamblersBrew"},{"floor":3,"key":"SpeedPotion"},{"floor":16,"key":"Fire Potion"},{"floor":18,"key":"Poison Potion"},{"floor":24,"key":"GamblersBrew"},{"floor":30,"key":"FocusPotion"},{"floor":33,"key":"SteroidPotion"}],"is_trial":false,"path_per_floor":["M","?","M","$","?","R","$","R","T","R","M","E","?","M","R","B",null,"M","?","?","$","M","R","M","M","T","?","M","R","M","$","R","B",null,"M","?","M","$","?","R","E","M"],"character_chosen":"DEFECT","items_purchased":["Happy Flower","Fire Potion","Sunder","Double Energy","DataDisk","Auto Shields","FocusPotion","Loop"],"campfire_rested":6,"item_purchase_floors":[4,7,21,21,31,31,31,38],"current_hp_per_floor":[57,57,48,48,30,51,51,51,51,51,51,35,35,37,58,27,60,48,48,48,48,37,58,43,26,26,26,10,31,24,24,45,22,59,52,52,41,41,41,62,6,0],"gold":158,"neow_bonus":"HUNDRED_GOLD","is_prod":false,"is_daily":false,"chose_seed":false,"campfire_upgraded":2,"win_rate":0,"timestamp":1546568201,"path_taken":["M","?","M","$","?","R","$","R","T","R","M","E","?","?","R","BOSS","M","?","?","$","?","R","M","M","T","?","M","R","M","$","R","BOSS","M","?","?","$","?","R","E","M"],"build_version":"2019-01-02","purchased_purges":1,"victory":false,"max_hp_per_floor":[71,71,71,71,71,71,71,71,71,71,71,71,71,71,71,71,71,71,71,71,71,71,71,71,71,71,71,71,71,71,71,71,71,71,71,71,71,71,71,71,71,71],"card_choices":[{"not_picked":["Turbo","Chaos"],"picked":"Melter","floor":1},{"not_picked":["Storm","Conserve Battery"],"picked":"Ball Lightning","floor":3},{"not_picked":["Sweeping Beam","Loop"],"picked":"Static Discharge","floor":11},{"not_picked":["Rip and Tear","Hologram"],"picked":"Leap","floor":12},{"not_picked":["Beam Cell","Sweeping Beam"],"picked":"Barrage","floor":14},{"not_picked":["Biased Cognition","Hyperbeam"],"picked":"Electrodynamics","floor":16},{"not_picked":["Aggregate","Go for the Eyes"],"picked":"Capacitor","floor":18},{"not_picked":["Go for the Eyes","Scrape"],"picked":"Ball Lightning+1","floor":22},{"not_picked":["White Noise","FTL"],"picked":"Tempest","floor":24},{"not_picked":["Rebound","Go for the Eyes"],"picked":"Coolheaded","floor":25},{"not_picked":["Redo","Static Discharge"],"picked":"Steam+1","floor":28},{"not_picked":["Steam","Cold Snap"],"picked":"Chill","floor":30},{"not_picked":["Rainbow","Fission"],"picked":"Creative AI","floor":33},{"not_picked":["Fusion","Go for the Eyes"],"picked":"Force Field","floor":35},{"not_picked":["Doom and Gloom","Streamline"],"picked":"Auto Shields","floor":37},{"not_picked":["Hyperbeam","Compile Driver"],"picked":"Cold Snap","floor":41}],"player_experience":1150919,"relics_obtained":[{"floor":9,"key":"Letter Opener"},{"floor":12,"key":"Blood Vial"},{"floor":26,"key":"Old Coin"},{"floor":41,"key":"Bag of Preparation"}],"event_choices":[{"damage_healed":0,"gold_gain":61,"player_choice":"Gained Gold","damage_taken":0,"max_hp_gain":0,"max_hp_loss":0,"event_name":"Golden Wing","floor":2,"gold_loss":0},{"damage_healed":0,"gold_gain":0,"player_choice":"Success","damage_taken":18,"relics_obtained":["Turnip"],"max_hp_gain":0,"max_hp_loss":0,"event_name":"Scrap Ooze","floor":5,"gold_loss":0},{"damage_healed":0,"gold_gain":0,"player_choice":"Grow","damage_taken":0,"max_hp_gain":0,"max_hp_loss":0,"event_name":"Living Wall","floor":13,"gold_loss":0,"cards_upgraded":["Static Discharge"]},{"damage_healed":0,"gold_gain":0,"player_choice":"Opened","damage_taken":0,"relics_obtained":["Orichalcum"],"max_hp_gain":0,"max_hp_loss":0,"event_name":"The Mausoleum","floor":19,"gold_loss":0,"cards_obtained":["Writhe"]},{"damage_healed":0,"gold_gain":0,"player_choice":"Copied","damage_taken":0,"max_hp_gain":0,"max_hp_loss":0,"event_name":"Duplicator","floor":20,"gold_loss":0,"cards_obtained":["Capacitor"]},{"damage_healed":0,"gold_gain":0,"player_choice":"Became a vampire (Vial)","damage_taken":0,"max_hp_gain":0,"max_hp_loss":0,"event_name":"Vampires","floor":27,"relics_lost":["Blood Vial"],"gold_loss":0,"cards_obtained":["Bite","Bite","Bite","Bite","Bite"]},{"damage_healed":0,"gold_gain":0,"player_choice":"Forge","damage_taken":0,"max_hp_gain":0,"max_hp_loss":0,"event_name":"Accursed Blacksmith","floor":36,"gold_loss":0,"cards_upgraded":["Electrodynamics"]},{"cards_removed":["Capacitor"],"damage_healed":0,"gold_gain":0,"player_choice":"Removed Power","damage_taken":0,"max_hp_gain":0,"max_hp_loss":0,"event_name":"Falling","floor":39,"gold_loss":0}],"is_beta":true,"boss_relics":[{"not_picked":["Inserter","Calling Bell"],"picked":"Fusion Hammer"},{"not_picked":["Snecko Eye","White Beast Statue"],"picked":"Cursed Key"}],"items_purged_floors":[4],"is_endless":false,"potions_floor_spawned":[1,3,16,18,24,30,33],"killed_by":"Maw","ascension_level":14}