{"gold_per_floor":[117,131,0,0,0,0,19,19,46,81,6,6,6,6,6,96,96,114,7,32,47,47],"floor_reached":22,"playtime":663,"items_purged":["Strike_R"],"score":337,"play_id":"c5fd2018-338b-4eca-98da-6c561afb374f","local_time":"20190213180503","is_ascension_mode":true,"campfire_choices":[{"floor":6,"key":"REST"},{"data":"Hemokinesis","floor":8,"key":"SMITH"},{"data":"Seeing Red","floor":12,"key":"SMITH"},{"floor":15,"key":"REST"}],"neow_cost":"NONE","seed_source_timestamp":15209562830934,"circlet_count":0,"master_deck":["AscendersBane","Strike_R","Strike_R","Strike_R","Defend_R+1","Defend_R","Defend_R","Defend_R+1","Bash","Flame Barrier","Hemokinesis+1","Feel No Pain","Spot Weakness","Warcry","Iron Wave","Seeing Red+1","Barricade","Sword Boomerang","Clothesline","Inflame","Whirlwind"],"relics":["Black Blood","War Paint","Golden Idol","Art of War","Strawberry"],"potions_floor_usage":[16,18,22,22],"damage_taken":[{"damage":6,"enemies":"Cultist","floor":1,"turns":3},{"damage":12,"enemies":"Small Slimes","floor":2,"turns":4},{"damage":10,"enemies":"Jaw Worm","floor":7,"turns":5},{"damage":33,"enemies":"Gremlin Nob","floor":10,"turns":5},{"damage":53,"enemies":"Slime Boss","floor":16,"turns":10},{"damage":18,"enemies":"Shell Parasite","floor":18,"turns":8},{"damage":15,"enemies":"2 Thieves","floor":20,"turns":4},{"damage":32,"enemies":"Snake Plant","floor":21,"turns":6},{"damage":49,"enemies":"Cultist and Chosen","floor":22,"turns":6}],"seed_played":"-6211285571997180221","potions_obtained":[{"floor":7,"key":"SpeedPotion"},{"floor":16,"key":"SkillPotion"},{"floor":20,"key":"BloodPotion"}],"is_trial":false,"path_per_floor":["M","M","$","?","?","R","M","R","T","E","$","R","?","?","R","B",null,"M","$","M","M","M"],"character_chosen":"IRONCLAD","items_purchased":["Feel No Pain","Spot Weakness","Clothesline","Explosive Potion"],"campfire_rested":2,"item_purchase_floors":[3,3,19,19],"current_hp_per_floor":[68,62,62,36,36,58,54,54,54,34,34,34,39,39,65,18,70,62,62,57,35,0],"gold":47,"neow_bonus":"RANDOM_COMMON_RELIC","is_prod":false,"is_daily":false,"chose_seed":false,"campfire_upgraded":2,"win_rate":0,"timestamp":1550099103,"path_taken":["M","?","$","?","?","R","M","R","T","E","$","R","?","?","R","BOSS","M","$","M","M","M"],"build_version":"2019-01-23","purchased_purges":1,"victory":false,"max_hp_per_floor":[75,75,75,75,75,75,75,75,75,82,82,82,87,87,87,87,87,87,87,87,87,87],"card_choices":[{"not_picked":["Wild Strike","Headbutt"],"picked":"Flame Barrier","floor":1},{"not_picked":["Thunderclap","Warcry"],"picked":"Hemokinesis","floor":2},{"not_picked":["Reckless Charge","Sever Soul"],"picked":"Iron Wave","floor":7},{"not_picked":["Clash","Pommel Strike"],"picked":"Seeing Red","floor":10},{"not_picked":["Limit Break","Juggernaut"],"picked":"Barricade","floor":16},{"not_picked":["Thunderclap","Spot Weakness"],"picked":"Sword Boomerang","floor":18},{"not_picked":["Havoc","Wild Strike"],"picked":"Inflame","floor":20},{"not_picked":["Searing Blow","Spot Weakness"],"picked":"Whirlwind","floor":21}],"player_experience":277289,"relics_obtained":[{"floor":9,"key":"Art of War"},{"floor":10,"key":"Strawberry"}],"event_choices":[{"damage_healed":0,"gold_gain":0,"player_choice":"Take Damage","damage_taken":26,"relics_obtained":["Golden Idol"],"max_hp_gain":0,"max_hp_loss":0,"event_name":"Golden Idol","floor":4,"gold_loss":0},{"damage_healed":0,"gold_gain":0,"cards_transformed":["Strike_R"],"player_choice":"Change","damage_taken":0,"max_hp_gain":0,"max_hp_loss":0,"event_name":"Living Wall","floor":5,"gold_loss":0,"cards_obtained":["Warcry"]},{"damage_healed":0,"gold_gain":0,"player_choice":"Donut","damage_taken":0,"max_hp_gain":5,"max_hp_loss":0,"event_name":"Big Fish","floor":13,"gold_loss":0},{"damage_healed":0,"gold_gain":0,"player_choice":"Ignored","damage_taken":0,"max_hp_gain":0,"max_hp_loss":0,"event_name":"Shining Light","floor":14,"gold_loss":0}],"is_beta":false,"boss_relics":[{"not_picked":["Tiny House","Mark of Pain"],"picked":"Black Blood"}],"items_purged_floors":[11],"is_endless":false,"potions_floor_spawned":[7,16,20,21],"killed_by":"Cultist and Chosen","ascension_level":17}