{"path_per_floor":["M","M","M","M","M","R","M","R","T","M","M","M","?","$","R","B",null,"M","$","M"],"character_chosen":"THE_SILENT","items_purchased":["Poisoned Stab","Lantern"],"gold_per_floor":[115,129,141,156,172,172,192,192,222,242,254,267,267,170,170,267,267,277,25,37],"floor_reached":21,"campfire_rested":1,"playtime":3445,"current_hp_per_floor":[70,70,70,64,40,40,32,32,32,29,29,26,12,12,33,33,70,45,45,32],"items_purged":["Strike_G","Strike_G"],"gold":37,"score":227,"play_id":"184d101d-b3f2-4316-8240-b687380b11b1","is_prod":false,"is_daily":false,"is_ascension_mode":false,"campfire_upgraded":2,"path_taken":["M","M","M","M","M","R","M","R","T","M","M","?","?","$","R","BOSS","M","$","M","M"],"build_version":"2018-02-15-PROD1","purchased_purges":2,"victory":false,"master_deck":["Defend_G","Defend_G","Defend_G","Defend_G","Defend_G","Strike_G","Strike_G","Strike_G","Survivor","Neutralize+1","Flying Knee+1","Well Laid Plans+1","Envenom+1","Bane","Blur","Backflip","Outmaneuver","Sucker Punch+1","After Image","Poisoned Stab","After Image","Catalyst","Blur"],"max_hp_per_floor":[70,70,70,70,70,70,70,70,70,70,70,70,70,70,70,70,70,70,70,70],"relics":["Ring of the Snake","Tiny Chest","The Specimen","Lantern"],"card_choices":[{"not_picked":["Bane","Dagger Throw"],"picked":"Flying Knee"},{"not_picked":["Slice","Dodge and Roll"],"picked":"Well Laid Plans"},{"not_picked":["Infinite Blades","PiercingWail"],"picked":"Envenom"},{"not_picked":["Blade Dance","Deflect"],"picked":"Bane"},{"not_picked":["Sucker Punch","Dagger Spray"],"picked":"Blur"},{"not_picked":["Footwork","Eviscerate"],"picked":"Backflip"},{"not_picked":["Bane","Skewer"],"picked":"Outmaneuver"},{"not_picked":["Prepared","PiercingWail"],"picked":"Sucker Punch"},{"not_picked":["Escape Plan","Dodge and Roll"],"picked":"After Image"},{"not_picked":["Corpse Explosion","A Thousand Cuts"],"picked":"After Image"},{"not_picked":["Flying Knee","Deflect"],"picked":"Catalyst"},{"not_picked":["Heel Hook","Quick Slash"],"picked":"Blur"}],"player_experience":75616,"potions_floor_usage":[4,10,16,18,20],"damage_taken":[{"damage":0,"enemies":"Cultist","floor":1,"turns":5},{"damage":0,"enemies":"Small Slimes","floor":2,"turns":4},{"damage":0,"enemies":"2 Louse","floor":3,"turns":3},{"damage":6,"enemies":"Looter","floor":4,"turns":4},{"damage":24,"enemies":"Large Slime","floor":5,"turns":7},{"damage":8,"enemies":"Exordium Wildlife","floor":7,"turns":6},{"damage":3,"enemies":"Exordium Thugs","floor":10,"turns":7},{"damage":0,"enemies":"2 Fungi Beasts","floor":11,"turns":4},{"damage":3,"enemies":"Blue Slaver","floor":12,"turns":4},{"damage":0,"enemies":"Hexaghost","floor":16,"turns":9},{"damage":25,"enemies":"3 Byrds","floor":18,"turns":10},{"damage":13,"enemies":"Spheric Guardian","floor":20,"turns":9},{"damage":35,"enemies":"Cultist and Chosen","floor":21,"turns":4}],"event_choices":[{"event_name":"Shining Light","player_choice":"Entered Light","floor":13,"damage_taken":0}],"boss_relics":[{"not_picked":["Velvet Choker","Eternal Feather"],"picked":"The Specimen"}],"potions_floor_spawned":[3,7,11,16,18],"seed_played":"6946081028526582861","killed_by":"Cultist and Chosen","ascension_level":0,"is_trial":false}