{"path_per_floor":["M","M","M","M","?","E","R","E","T","M","?","M","R","M","R","B",null,"M","$","M","?"],"character_chosen":"IRONCLAD","items_purchased":["Second Wind","Headbutt"],"gold_per_floor":[119,137,154,173,173,198,198,228,253,266,266,280,280,292,292,393,393,407,280,299,399,399],"floor_reached":22,"campfire_rested":3,"playtime":766,"current_hp_per_floor":[75,74,73,66,63,41,65,44,44,36,36,30,54,56,80,48,80,32,32,14,14,0],"items_purged":[],"gold":399,"score":238,"play_id":"274f03b0-8000-42de-b412-a80b1caf13b3","local_time":"20180412100300","is_prod":false,"is_daily":false,"chose_seed":false,"is_ascension_mode":true,"campfire_upgraded":0,"timestamp":1523541780,"path_taken":["M","M","M","?","?","E","R","E","T","M","?","M","R","M","R","BOSS","M","$","M","?","?"],"build_version":"2018-04-11","seed_source_timestamp":4836165525424,"purchased_purges":0,"victory":false,"master_deck":["Strike_R","Strike_R","Strike_R","Strike_R","Strike_R","Defend_R+1","Defend_R","Defend_R","Defend_R","Bash","Uppercut","Shockwave+1","Shrug It Off","Hemokinesis","Clash","Inflame","Feel No Pain","Spot Weakness","Reaper+1","True Grit","Second Wind","Headbutt+1","Twin Strike+1"],"max_hp_per_floor":[80,80,80,80,80,80,80,80,80,80,80,80,80,80,80,80,80,80,80,80,80,80],"relics":["Burning Blood","Omamori","War Paint","Molten Egg 2","Happy Flower","Mark of Pain"],"card_choices":[{"not_picked":["True Grit","Battle Trance"],"picked":"Uppercut","floor":1},{"not_picked":["Body Slam","Headbutt"],"picked":"Shockwave","floor":2},{"not_picked":["Twin Strike","Burning Pact"],"picked":"Shrug It Off","floor":3},{"not_picked":["Second Wind","True Grit"],"picked":"Hemokinesis","floor":4},{"not_picked":["Iron Wave","Armaments"],"picked":"Clash","floor":6},{"not_picked":["True Grit","Seeing Red"],"picked":"Inflame","floor":8},{"not_picked":["Seeing Red","Burning Pact"],"picked":"Feel No Pain","floor":10},{"not_picked":["Searing Blow","Thunderclap"],"picked":"Spot Weakness","floor":14},{"not_picked":["Berserk","Juggernaut"],"picked":"Reaper","floor":16},{"not_picked":["Armaments","Burning Pact"],"picked":"True Grit","floor":18},{"not_picked":["Flex","Cleave"],"picked":"Twin Strike","floor":20}],"player_experience":170402,"potions_floor_usage":[6,16,18],"damage_taken":[{"damage":11,"enemies":"Cultist","floor":1,"turns":4},{"damage":7,"enemies":"Small Slimes","floor":2,"turns":3},{"damage":7,"enemies":"Jaw Worm","floor":3,"turns":4},{"damage":13,"enemies":"Blue Slaver","floor":4,"turns":5},{"damage":28,"enemies":"Lagavulin","floor":6,"turns":5},{"damage":27,"enemies":"Gremlin Nob","floor":8,"turns":4},{"damage":14,"enemies":"2 Fungi Beasts","floor":10,"turns":3},{"damage":12,"enemies":"Exordium Thugs","floor":12,"turns":4},{"damage":4,"enemies":"Exordium Wildlife","floor":14,"turns":4},{"damage":38,"enemies":"Slime Boss","floor":16,"turns":10},{"damage":62,"enemies":"3 Byrds","floor":18,"turns":7},{"damage":28,"enemies":"Shell Parasite","floor":20,"turns":6}],"event_choices":[{"event_name":"Scrap Ooze","player_choice":"success","floor":5,"damage_taken":3},{"event_name":"Match and Keep!","player_choice":"0 cards matched","floor":11,"damage_taken":0},{"event_name":"Golden Shrine","player_choice":"Pray","floor":21,"damage_taken":0}],"boss_relics":[{"not_picked":["Lizard Tail","Black Star"],"picked":"Mark of Pain"}],"potions_floor_spawned":[1,4,10,16],"seed_played":"-2937397158006345365","ascension_level":4,"is_trial":false}