{"path_per_floor":["M","M","?","M","M","R","?","M","T","E","$","R","$","E","R","B",null,"M","?","M","M","$","M","R","$","T","R","M","$","E","M","R","B",null,"M","?","M","$","M","R"],"character_chosen":"IRONCLAD","items_purchased":["Sundial","Bronze Scales","Flex","Cleave","Inflame","Inflame"],"gold_per_floor":[112,128,128,147,160,160,160,179,479,508,70,70,24,58,58,153,153,170,170,184,197,70,80,80,7,34,34,47,47,75,88,88,192,192,207,207,217,43,62,62],"floor_reached":41,"campfire_rested":5,"playtime":3836,"current_hp_per_floor":[88,88,88,88,82,82,64,64,64,37,37,63,63,43,69,69,88,84,68,64,56,56,42,68,68,68,68,50,50,33,29,55,11,88,82,82,65,65,41,67],"items_purged":["Strike_R","Strike_R"],"gold":62,"score":373,"play_id":"f068c3ce-adcf-4612-8cbf-ddde89e82109","is_prod":false,"is_daily":false,"is_ascension_mode":false,"campfire_upgraded":2,"path_taken":["M","M","?","M","M","R","?","M","T","E","$","R","$","E","R","BOSS","M","?","M","M","$","M","R","?","T","R","M","$","E","?","R","BOSS","M","?","M","$","M","R","?"],"build_version":"2018-02-15-PROD1","purchased_purges":2,"victory":false,"master_deck":["Strike_R","Strike_R","Strike_R","Defend_R","Defend_R+1","Defend_R+1","Defend_R","Bash+1","Wild Strike","Pommel Strike+1","Spot Weakness","Disarm","Power Through","Sword Boomerang","Flex","Wild Strike","Limit Break+1","Inflame","Thunderclap","Dropkick","Cleave","Thunderclap","Twin Strike","Limit Break","Twin Strike","Exhume","Clothesline+1","Headbutt+1","Inflame","Shrug It Off"],"max_hp_per_floor":[88,88,88,88,88,88,88,88,88,88,88,88,88,88,88,88,88,88,88,88,88,88,88,88,88,88,88,88,88,88,88,88,88,88,88,88,88,88,88,88],"relics":["Black Blood","Old Coin","Pantograph","Sundial","Bronze Scales","Dodecahedron","Enchiridion","Prayer Wheel","Peace Pipe","Philosopher\u0027s Stone"],"card_choices":[{"not_picked":["Dual Wield","Clothesline"],"picked":"Wild Strike"},{"not_picked":["Infernal Blade","Whirlwind"],"picked":"Pommel Strike"},{"not_picked":["Clothesline","Pummel"],"picked":"Spot Weakness"},{"not_picked":["Pommel Strike","Whirlwind"],"picked":"Disarm"},{"not_picked":["Feel No Pain","Reckless Charge"],"picked":"Power Through"},{"not_picked":["Rupture","Exhume"],"picked":"Sword Boomerang"},{"not_picked":["Armaments","Brutality"],"picked":"Wild Strike"},{"not_picked":["Dark Embrace","Feed"],"picked":"Limit Break"},{"not_picked":["Iron Wave","Havoc"],"picked":"Inflame"},{"not_picked":["Combust","True Grit"],"picked":"Thunderclap"},{"not_picked":["Clothesline","Blood for Blood"],"picked":"Dropkick"},{"not_picked":["Bloodletting","Perfected Strike"],"picked":"Thunderclap"},{"not_picked":["Inflame","Wild Strike"],"picked":"Twin Strike"},{"not_picked":["Intimidate","Clothesline"],"picked":"Limit Break"},{"not_picked":["Warcry","Anger"],"picked":"Twin Strike"},{"not_picked":["Brutality","Immolate"],"picked":"Exhume"},{"not_picked":["Reckless Charge","Evolve"],"picked":"Clothesline"},{"not_picked":["Anger","Rupture"],"picked":"Headbutt"},{"not_picked":["Clash","Rage"],"picked":"Shrug It Off"}],"player_experience":79061,"potions_floor_usage":[10,16,23,28,30,37],"damage_taken":[{"damage":5,"enemies":"Jaw Worm","floor":1,"turns":5},{"damage":2,"enemies":"2 Louse","floor":2,"turns":3},{"damage":0,"enemies":"Cultist","floor":4,"turns":2},{"damage":12,"enemies":"2 Fungi Beasts","floor":5,"turns":4},{"damage":6,"enemies":"Exordium Wildlife","floor":8,"turns":2},{"damage":33,"enemies":"Gremlin Nob","floor":10,"turns":5},{"damage":26,"enemies":"Lagavulin","floor":14,"turns":8},{"damage":25,"enemies":"The Guardian","floor":16,"turns":7},{"damage":14,"enemies":"Spheric Guardian","floor":18,"turns":4},{"damage":14,"enemies":"Shell Parasite","floor":20,"turns":6},{"damage":18,"enemies":"Centurion and Healer","floor":21,"turns":6},{"damage":24,"enemies":"Snake Plant","floor":23,"turns":4},{"damage":28,"enemies":"Cultist and Chosen","floor":28,"turns":5},{"damage":27,"enemies":"Gremlin Leader","floor":30,"turns":6},{"damage":14,"enemies":"Centurion and Healer","floor":31,"turns":4},{"damage":79,"enemies":"Automaton","floor":33,"turns":7},{"damage":16,"enemies":"Orb Walker","floor":35,"turns":4},{"damage":27,"enemies":"3 Shapes","floor":37,"turns":3},{"damage":34,"enemies":"Maw","floor":39,"turns":8},{"damage":69,"enemies":"3 Darklings","floor":41,"turns":5}],"event_choices":[{"event_name":"Living Wall","player_choice":"Grow","floor":3,"damage_taken":0},{"event_name":"Shining Light","player_choice":"Entered Light","floor":7,"damage_taken":0},{"event_name":"Cursed Tome","player_choice":"Obtained Book","floor":19,"damage_taken":0}],"boss_relics":[{"not_picked":["Eternal Feather","Ectoplasm"],"picked":"Black Blood"},{"not_picked":["Snecko Eye","Astrolabe"],"picked":"Philosopher\u0027s Stone"}],"potions_floor_spawned":[4,8,14,21,23,33,35],"seed_played":"-1359721954654639513","killed_by":"3 Darklings","ascension_level":0,"is_trial":false}