{"path_per_floor":["M","$","M","M","?","E","R","E","T","$","M"],"character_chosen":"THE_SILENT","items_purchased":["Footwork","Skewer","Noxious Fumes","Lantern"],"gold_per_floor":[209,100,116,134,134,167,167,199,244,97,117,117],"floor_reached":12,"campfire_rested":1,"playtime":478,"item_purchase_floors":[2,2,10,10],"current_hp_per_floor":[63,63,63,63,63,46,67,20,20,20,19,0],"items_purged":[],"gold":117,"score":128,"play_id":"400c3d8a-1b95-4e55-8b90-a2ea3a59e256","local_time":"20180528195538","is_prod":false,"is_daily":false,"chose_seed":false,"is_ascension_mode":true,"campfire_upgraded":0,"win_rate":0,"timestamp":1527551738,"campfire_choices":[{"floor":7,"key":"REST"}],"path_taken":["M","$","M","M","?","E","R","E","T","?","M","E"],"build_version":"2018-05-27","seed_source_timestamp":980858372185689,"purchased_purges":0,"victory":false,"master_deck":["Defend_G","Defend_G","Defend_G","Defend_G","Defend_G","Strike_G","Strike_G","Strike_G","Strike_G","Strike_G","Survivor","Neutralize","Poisoned Stab","Footwork","Skewer","Flying Knee","Footwork","Poisoned Stab","Caltrops","Noxious Fumes","Dagger Spray"],"max_hp_per_floor":[70,70,70,70,70,70,70,70,70,70,70,70],"relics":["Ring of the Snake","The Courier","Bag of Preparation","Regal Pillow","Lantern"],"card_choices":[{"not_picked":["Distraction","Reflex"],"picked":"Poisoned Stab","floor":1},{"not_picked":["Calculated Gamble","Dodge and Roll"],"picked":"Flying Knee","floor":3},{"not_picked":["Poisoned Stab","Deadly Poison"],"picked":"Footwork","floor":4},{"not_picked":["Outmaneuver","Deflect"],"picked":"Poisoned Stab","floor":6},{"not_picked":["Setup","Accuracy"],"picked":"Caltrops","floor":8},{"not_picked":["Backstab","Infinite Blades"],"picked":"Dagger Spray","floor":11}],"player_experience":381628,"potions_floor_usage":[3,11],"damage_taken":[{"damage":0,"enemies":"Jaw Worm","floor":1,"turns":4},{"damage":0,"enemies":"2 Louse","floor":3,"turns":3},{"damage":0,"enemies":"Cultist","floor":4,"turns":4},{"damage":17,"enemies":"3 Sentries","floor":6,"turns":10},{"damage":47,"enemies":"Lagavulin","floor":8,"turns":7},{"damage":1,"enemies":"Blue Slaver","floor":11,"turns":4},{"damage":32,"enemies":"Gremlin Nob","floor":12,"turns":3}],"relics_obtained":[{"floor":6,"key":"The Courier"},{"floor":8,"key":"Bag of Preparation"},{"floor":9,"key":"Regal Pillow"}],"event_choices":[{"event_name":"Liars Game","player_choice":"disagreed","floor":5,"damage_taken":0}],"boss_relics":[],"items_purged_floors":[],"potions_floor_spawned":[1,8],"seed_played":"1821932883161187048","killed_by":"Gremlin Nob","ascension_level":9,"potions_obtained":[{"floor":1,"key":"SkillPotion"},{"floor":8,"key":"Strength Potion"}],"is_trial":false}