{"gold_per_floor":[211,211,229,127,144,144,172,184,184,184,38,38,38,100,100,201,201,211,224,224,37,37,71,71,83,83,83,23,23,42,55,55,55],"floor_reached":33,"playtime":1419,"items_purged":["Strike_R"],"score":263,"play_id":"0db0273a-560e-4800-a189-a9fe624307de","local_time":"20181230180655","is_ascension_mode":false,"campfire_choices":[{"data":"Uppercut","floor":6,"key":"SMITH"},{"data":"Armaments","floor":10,"key":"SMITH"},{"data":"Rampage","floor":12,"key":"SMITH"},{"data":"Flame Barrier","floor":15,"key":"SMITH"},{"data":"Strike_R","floor":24,"key":"PURGE"},{"data":"Strike_R","floor":27,"key":"PURGE"},{"data":"Disarm","floor":32,"key":"SMITH"}],"neow_cost":"NONE","seed_source_timestamp":11010685475885,"circlet_count":0,"master_deck":["Strike_R","Defend_R","Defend_R","Defend_R","Defend_R","Bash","Fire Breathing","Uppercut+1","Armaments+1","Thunderclap","Reaper","Shrug It Off","Shrug It Off","Rampage+1","Headbutt","Flame Barrier+1","Immolate+1","Shrug It Off","Warcry","Disarm+1","Dual Wield+1","Armaments","Disarm+1"],"relics":["Burning Blood","Dream Catcher","Mummified Hand","Mark of Pain","MutagenicStrength","PreservedInsect","Peace Pipe","Ornamental Fan"],"potions_floor_usage":[7,14,18,23,25,31,33,33],"damage_taken":[{"damage":1,"enemies":"2 Louse","floor":1,"turns":3},{"damage":1,"enemies":"Cultist","floor":3,"turns":3},{"damage":3,"enemies":"Small Slimes","floor":5,"turns":3},{"damage":4,"enemies":"Gremlin Nob","floor":7,"turns":3},{"damage":10,"enemies":"3 Louse","floor":8,"turns":5},{"damage":15,"enemies":"Lagavulin Event","floor":14,"turns":5},{"damage":16,"enemies":"The Guardian","floor":16,"turns":16},{"damage":8,"enemies":"Spheric Guardian","floor":18,"turns":4},{"damage":19,"enemies":"2 Thieves","floor":19,"turns":5},{"damage":15,"enemies":"Book of Stabbing","floor":23,"turns":6},{"damage":3,"enemies":"Snake Plant","floor":25,"turns":4},{"damage":18,"enemies":"Cultist and Chosen","floor":30,"turns":6},{"damage":12,"enemies":"Centurion and Healer","floor":31,"turns":3},{"damage":95,"enemies":"Champ","floor":33,"turns":19}],"seed_played":"3920412332212446395","potions_obtained":[{"floor":1,"key":"Weak Potion"},{"floor":2,"key":"Fire Potion"},{"floor":2,"key":"BloodPotion"},{"floor":7,"key":"PowerPotion"},{"floor":14,"key":"Weak Potion"},{"floor":19,"key":"Fire Potion"},{"floor":23,"key":"Strength Potion"},{"floor":30,"key":"Dexterity Potion"},{"floor":31,"key":"Fire Potion"}],"is_trial":false,"path_per_floor":["M","?","M","$","M","R","E","M","T","R","$","R","$","?","R","B",null,"M","M","?","$","?","E","R","M","T","R","?","$","M","M","R","B"],"character_chosen":"IRONCLAD","items_purchased":["Armaments","Shrug It Off","Rampage","Headbutt","Disarm","PreservedInsect"],"campfire_rested":0,"item_purchase_floors":[4,11,11,11,21,21],"current_hp_per_floor":[80,80,80,80,80,80,80,79,79,79,79,79,79,70,70,60,80,78,69,69,69,69,60,60,63,63,63,63,63,65,67,67,0],"gold":55,"neow_bonus":"HUNDRED_GOLD","is_prod":false,"is_daily":false,"chose_seed":false,"campfire_upgraded":5,"win_rate":0,"timestamp":1546211215,"path_taken":["M","?","M","?","M","R","E","M","T","R","$","R","$","?","R","BOSS","M","M","?","$","?","E","R","?","T","R","?","$","?","M","R","BOSS"],"build_version":"2018-12-25","purchased_purges":1,"victory":false,"max_hp_per_floor":[80,80,80,80,80,80,80,80,80,80,80,80,80,80,80,80,80,80,80,80,80,80,80,80,80,80,80,80,80,80,80,80,80],"card_choices":[{"not_picked":["Flex","Dropkick"],"picked":"Fire Breathing","floor":1},{"not_picked":["Armaments","True Grit"],"picked":"Uppercut","floor":3},{"not_picked":["Sever Soul","Clash"],"picked":"Thunderclap","floor":5},{"not_picked":["Searing Blow","Havoc"],"picked":"Reaper","floor":7},{"not_picked":["Clash","Uppercut"],"picked":"Shrug It Off","floor":8},{"not_picked":["Heavy Blade","Rage"],"picked":"Flame Barrier","floor":14},{"not_picked":["Double Tap","Exhume"],"picked":"Immolate","floor":16},{"not_picked":["Wild Strike","Hemokinesis"],"picked":"Shrug It Off","floor":18},{"not_picked":["Searing Blow","Flex+1"],"picked":"Warcry","floor":19},{"not_picked":["Wild Strike","Havoc","Sword Boomerang"],"picked":"SKIP","floor":23},{"not_picked":["Clothesline","Twin Strike"],"picked":"Dual Wield+1","floor":25},{"not_picked":["Evolve","Sentinel"],"picked":"Armaments","floor":30},{"not_picked":["Bloodletting","Iron Wave"],"picked":"Disarm+1","floor":31}],"player_experience":1086148,"relics_obtained":[{"floor":7,"key":"Dream Catcher"},{"floor":14,"key":"Mummified Hand"},{"floor":23,"key":"Peace Pipe"},{"floor":26,"key":"Ornamental Fan"}],"event_choices":[{"damage_healed":0,"gold_gain":0,"player_choice":"Got Potions","damage_taken":0,"max_hp_gain":0,"max_hp_loss":0,"event_name":"Lab","floor":2,"gold_loss":0},{"damage_healed":0,"gold_gain":30,"player_choice":"Searched \u00272\u0027 times","damage_taken":0,"max_hp_gain":0,"max_hp_loss":0,"event_name":"Dead Adventurer","floor":14,"gold_loss":0},{"damage_healed":0,"gold_gain":0,"player_choice":"Inject Mutagens","damage_taken":0,"relics_obtained":["MutagenicStrength"],"max_hp_gain":0,"max_hp_loss":0,"event_name":"Drug Dealer","floor":20,"gold_loss":0},{"damage_healed":0,"gold_gain":0,"player_choice":"Upgraded","damage_taken":0,"max_hp_gain":0,"max_hp_loss":0,"event_name":"Upgrade Shrine","floor":22,"gold_loss":0,"cards_upgraded":["Immolate"]},{"cards_removed":["Strike_R"],"damage_healed":0,"gold_gain":0,"player_choice":"Single Remove","damage_taken":0,"max_hp_gain":0,"max_hp_loss":0,"event_name":"Designer","floor":28,"gold_loss":60}],"is_beta":true,"boss_relics":[{"not_picked":["Pandora\u0027s Box","Sozu"],"picked":"Mark of Pain"}],"items_purged_floors":[4],"is_endless":false,"potions_floor_spawned":[1,7,8,14,19,23,30,31],"killed_by":"Champ","ascension_level":0}