{"gold_per_floor":[118,69,69,69,83,108,108,134,134,191,191,222,250,270,270,369,369,387,404,404,419,419,449,449,482,509,509,3,29,29,42,42,146,146,159,159,159,159,213,248,248,282,309,334,344,371,386,416,428,440],"floor_reached":51,"playtime":4356,"items_purged":[],"score":1254,"play_id":"67326ed5-f5b0-472d-9d19-2feb3e66888e","local_time":"20180810211437","daily_mods":["Draft","Diverse","Heirloom","Allstar","Shiny","Elite Swarm","Vintage"],"is_ascension_mode":true,"campfire_choices":[{"data":"Echo Form","floor":7,"key":"SMITH"},{"data":"Wraith Form v2","floor":11,"key":"SMITH"},{"data":"Armaments","floor":15,"key":"SMITH"},{"data":"Wraith Form v2","floor":24,"key":"SMITH"},{"data":"Night Terror","floor":30,"key":"SMITH"},{"data":"Demon Form","floor":32,"key":"SMITH"},{"data":"Feel No Pain","floor":41,"key":"SMITH"},{"data":"Barricade","floor":49,"key":"SMITH"}],"neow_cost":"","seed_source_timestamp":0,"circlet_count":0,"master_deck":["Corpse Explosion","Malaise","Phantasmal Killer","Die Die Die+1","Adrenaline","Envenom","Doppelganger","Burst","Wraith Form v2+1","Tools of the Trade","Night Terror+1","Unload+1","After Image+1","Bullet Time+1","Storm of Steel","Glass Knife","A Thousand Cuts","Grand Finale","Demon Form+1","Wraith Form v2+1","Echo Form+1","Self Repair","Feel No Pain+1","Setup","True Grit","Bouncing Flask","Sucker Punch","Glacier","Armaments+1","Gash","Ghostly Armor","Flying Knee","Clothesline","Entrench","Underhanded Strike","Underhanded Strike","Clothesline","Malaise","Reaper","Dark Embrace","Die Die Die","Crippling Poison","Malaise","Demon Form","Night Terror+1","Feed","Die Die Die+1","Hyperbeam+1","Hyperbeam+1","Barricade+1","Bludgeon+1"],"relics":["Snecko Eye","Unceasing Top","Turnip","Meat on the Bone","Happy Flower","Ancient Tea Set","Tough Bandages","Centennial Puzzle","Pear","Tiny Chest","Boot","Odd Mushroom","Shuriken","Regal Pillow","Sozu","Blood Vial","Strawberry","Ginger","Bronze Scales","Pen Nib","Lantern","CultistMask","ClockworkSouvenir","Snake Skull","Art of War","StoneCalendar","Orichalcum","Bottled Tornado","WristBlade","Oddly Smooth Stone","Kunai","Molten Egg 2","Dead Branch","Nunchaku","Whetstone","Anchor","Bottled Flame","Bag of Preparation","Blue Candle","War Paint","MawBank"],"potions_floor_usage":[8,16,16,50,50],"damage_taken":[{"damage":0,"enemies":"Small Slimes","floor":1,"turns":2},{"damage":2,"enemies":"Jaw Worm","floor":5,"turns":4},{"damage":0,"enemies":"Gremlin Nob","floor":6,"turns":3},{"damage":2,"enemies":"3 Sentries","floor":8,"turns":2},{"damage":0,"enemies":"Gremlin Nob","floor":10,"turns":4},{"damage":0,"enemies":"Lagavulin","floor":12,"turns":4},{"damage":16,"floor":13,"turns":4},{"damage":1,"enemies":"Cultist","floor":14,"turns":3},{"damage":0,"enemies":"Slime Boss","floor":16,"turns":8},{"damage":0,"enemies":"Spheric Guardian","floor":18,"turns":4},{"damage":0,"enemies":"3 Byrds","floor":19,"turns":2},{"damage":0,"enemies":"Snake Plant","floor":21,"turns":4},{"damage":3,"enemies":"Slavers","floor":23,"turns":4},{"damage":10,"enemies":"Book of Stabbing","floor":25,"turns":5},{"damage":0,"enemies":"Gremlin Leader","floor":29,"turns":4},{"damage":0,"enemies":"Cultist and Chosen","floor":31,"turns":4},{"damage":2,"enemies":"Champ","floor":33,"turns":6},{"damage":14,"enemies":"3 Shapes","floor":35,"turns":4},{"damage":1,"floor":39,"turns":3},{"damage":21,"enemies":"2 Orb Walkers","floor":40,"turns":4},{"damage":0,"enemies":"Nemesis","floor":42,"turns":4},{"damage":7,"enemies":"2 Orb Walkers","floor":44,"turns":2},{"damage":0,"enemies":"Orb Walker","floor":45,"turns":3},{"damage":0,"enemies":"Nemesis","floor":46,"turns":5},{"damage":0,"enemies":"Sphere and 2 Shapes","floor":47,"turns":2},{"damage":0,"enemies":"Giant Head","floor":48,"turns":7},{"damage":46,"enemies":"Awakened One","floor":50,"turns":7}],"seed_played":"-1863026805114617074","potions_obtained":[{"floor":1,"key":"LiquidBronze"},{"floor":8,"key":"Dexterity Potion"}],"is_trial":true,"path_per_floor":["M","$","?","?","M","E","R","E","T","E","R","E","?","M","R","B",null,"M","M","?","M","?","E","R","E","T","?","$","E","R","M","R","B",null,"M","T","$","T","?","E","R","E","T","E","M","E","M","E","R","B"],"character_chosen":"THE_SILENT","items_purchased":["Clothesline","ClockworkSouvenir","Snake Skull","Art of War"],"campfire_rested":0,"item_purchase_floors":[2,28,28,28],"current_hp_per_floor":[70,70,58,58,56,56,56,54,64,71,71,75,71,70,70,80,80,80,87,87,87,87,84,84,76,76,76,76,85,85,87,87,87,87,73,73,73,73,84,65,65,74,74,72,85,90,90,90,90,54],"gold":452,"neow_bonus":"","is_prod":false,"is_daily":false,"chose_seed":false,"campfire_upgraded":8,"win_rate":0,"timestamp":1533950077,"path_taken":["M","$","?","?","M","E","R","E","T","E","R","E","?","M","R","BOSS","M","?","?","M","?","E","R","E","T","?","$","E","R","M","R","BOSS","M","?","$","?","?","E","R","E","T","E","M","E","M","E","R","BOSS"],"build_version":"2018-08-08","purchased_purges":0,"victory":true,"max_hp_per_floor":[70,70,70,70,70,70,70,70,80,80,80,80,80,80,80,80,80,80,87,87,87,87,87,87,87,87,87,87,87,87,87,87,87,87,87,87,87,87,87,87,87,87,87,90,90,90,90,90,90,93],"card_choices":[{"not_picked":["Well Laid Plans","Poisoned Stab"],"picked":"Self Repair","floor":0},{"not_picked":["Caltrops","Leg Sweep"],"picked":"Feel No Pain","floor":0},{"not_picked":["Flex","Defragment"],"picked":"Setup","floor":0},{"not_picked":["Blade Dance","Disarm"],"picked":"True Grit","floor":0},{"not_picked":["True Grit","Consume"],"picked":"Bouncing Flask","floor":0},{"not_picked":["Anger","Static Discharge"],"picked":"Sucker Punch","floor":0},{"not_picked":["Sword Boomerang","Corruption"],"picked":"Glacier","floor":0},{"not_picked":["Reprogram","Sever Soul"],"picked":"Armaments","floor":0},{"not_picked":["Outmaneuver","Infernal Blade"],"picked":"Gash","floor":0},{"not_picked":["Heavy Blade","Hologram"],"picked":"Ghostly Armor","floor":0},{"not_picked":["Conserve Battery","Stack"],"picked":"Flying Knee","floor":0},{"not_picked":["Cleave","Wild Strike"],"picked":"Clothesline","floor":0},{"not_picked":["Dagger Throw","Skewer"],"picked":"Entrench","floor":0},{"not_picked":["Warcry","Dodge and Roll"],"picked":"Underhanded Strike","floor":0},{"not_picked":["Armaments","Headbutt"],"picked":"Underhanded Strike","floor":0},{"not_picked":["Core Surge","Envenom"],"picked":"Malaise","floor":6},{"not_picked":["Impervious","Unload"],"picked":"Reaper","floor":8},{"not_picked":["Amplify","Die Die Die"],"picked":"Dark Embrace","floor":10},{"not_picked":["Malaise","A Thousand Cuts"],"picked":"Die Die Die","floor":12},{"not_picked":["Underhanded Strike","Riddle With Holes"],"picked":"Crippling Poison","floor":13},{"not_picked":["Meteor Strike","Storm of Steel"],"picked":"Malaise","floor":16},{"not_picked":["Malaise","Corpse Explosion"],"picked":"Demon Form","floor":23},{"not_picked":["Tools of the Trade","All For One","Unload"],"picked":"SKIP","floor":25},{"not_picked":["Bullet Time","Glass Knife"],"picked":"Night Terror","floor":29},{"not_picked":["Reboot","Creative AI"],"picked":"Feed","floor":33},{"not_picked":["Doppelganger","Venomology"],"picked":"Die Die Die+1","floor":40},{"not_picked":["Biased Cognition","Grand Finale+1"],"picked":"Hyperbeam+1","floor":42},{"not_picked":["Fission","Machine Learning"],"picked":"Hyperbeam+1","floor":44},{"not_picked":["Electrodynamics","Glass Knife+1"],"picked":"Barricade","floor":46},{"not_picked":["Echo Form","Burst"],"picked":"Bludgeon+1","floor":48}],"player_experience":755309,"relics_obtained":[{"floor":1,"key":"Meat on the Bone"},{"floor":5,"key":"Ancient Tea Set"},{"floor":6,"key":"Tough Bandages"},{"floor":8,"key":"Centennial Puzzle"},{"floor":9,"key":"Pear"},{"floor":10,"key":"Tiny Chest"},{"floor":12,"key":"Boot"},{"floor":13,"key":"Odd Mushroom"},{"floor":14,"key":"Shuriken"},{"floor":16,"key":"Regal Pillow"},{"floor":18,"key":"Blood Vial"},{"floor":19,"key":"Strawberry"},{"floor":21,"key":"Ginger"},{"floor":23,"key":"Bronze Scales"},{"floor":25,"key":"Pen Nib"},{"floor":26,"key":"Lantern"},{"floor":29,"key":"StoneCalendar"},{"floor":31,"key":"Orichalcum"},{"floor":33,"key":"Bottled Tornado"},{"floor":35,"key":"Oddly Smooth Stone"},{"floor":36,"key":"Kunai"},{"floor":38,"key":"Molten Egg 2"},{"floor":39,"key":"Dead Branch"},{"floor":40,"key":"Nunchaku"},{"floor":42,"key":"Whetstone"},{"floor":43,"key":"Anchor"},{"floor":44,"key":"Bottled Flame"},{"floor":45,"key":"Bag of Preparation"},{"floor":46,"key":"Blue Candle"},{"floor":47,"key":"War Paint"},{"floor":48,"key":"MawBank"}],"event_choices":[{"event_name":"Scrap Ooze","player_choice":"success","floor":3,"damage_taken":12},{"event_name":"Living Wall","player_choice":"Grow","floor":4,"damage_taken":0},{"event_name":"Mushrooms","player_choice":"Fought Mushrooms","floor":13,"damage_taken":0},{"event_name":"The Woman in Blue","player_choice":"Bought 0 Potions","floor":20,"damage_taken":0},{"event_name":"Back to Basics","player_choice":"Elegance","floor":22,"damage_taken":0},{"event_name":"FaceTrader","player_choice":"Trade","floor":27,"damage_taken":0},{"event_name":"Mysterious Sphere","player_choice":"Fight","floor":39,"damage_taken":0}],"is_beta":true,"boss_relics":[{"not_picked":["Ectoplasm","HoveringKite"],"picked":"Sozu"},{"not_picked":["Runic Pyramid","Pandora\u0027s Box"],"picked":"WristBlade"}],"items_purged_floors":[],"is_endless":false,"potions_floor_spawned":[1,8,10,12,18,21,35,40,46,48],"ascension_level":1}