{"path_per_floor":["M","?","?","?","$","E","R","?","T","R","?","M","R","M","R","B",null,"M","M","T"],"character_chosen":"IRONCLAD","items_purchased":["Double Tap"],"gold_per_floor":[113,113,113,113,39,83,83,83,83,83,118,143,143,157,157,282,282,298,321,321],"floor_reached":21,"campfire_rested":3,"playtime":2066,"current_hp_per_floor":[80,77,61,61,61,29,51,51,51,51,24,28,50,56,74,25,74,74,24,24],"items_purged":[],"gold":321,"score":175,"play_id":"2001ef8c-b38e-40c0-86c6-6edee7963146","is_prod":false,"is_daily":false,"is_ascension_mode":false,"campfire_upgraded":1,"path_taken":["M","?","?","?","$","E","R","?","T","R","?","M","R","M","R","BOSS","M","M","?","M"],"build_version":"2018-02-15-PROD1","purchased_purges":0,"victory":false,"master_deck":["Strike_R","Strike_R","Strike_R+1","Strike_R","Strike_R","Defend_R+1","Defend_R","Defend_R","Defend_R+1","Bash+1","Pommel Strike","Double Tap","Body Slam","Headbutt","Sword Boomerang","Iron Wave","Berserk","Headbutt"],"max_hp_per_floor":[80,80,80,74,74,74,74,74,74,74,74,74,74,74,74,74,74,74,74,74],"relics":["Black Blood","Shuriken","Golden Idol","Ginger","Thread and Needle","Odd Mushroom","Charon\u0027s Ashes"],"card_choices":[{"not_picked":["Cleave","Thunderclap"],"picked":"Pommel Strike"},{"not_picked":["Thunderclap","Hemokinesis"],"picked":"Body Slam"},{"not_picked":["Bloodletting","Sword Boomerang"],"picked":"Headbutt"},{"not_picked":["Feel No Pain","Body Slam"],"picked":"Sword Boomerang"},{"not_picked":["Armaments","Corruption"],"picked":"Iron Wave"},{"not_picked":["Brutality","Barricade"],"picked":"Berserk"},{"not_picked":["Flex","Perfected Strike"],"picked":"Headbutt"}],"player_experience":0,"potions_floor_usage":[16,16,19],"damage_taken":[{"damage":0,"enemies":"Small Slimes","floor":1,"turns":3},{"damage":38,"enemies":"Gremlin Nob","floor":6,"turns":5},{"damage":33,"enemies":"The Mushroom Lair","floor":11,"turns":6},{"damage":2,"enemies":"Jaw Worm","floor":12,"turns":3},{"damage":0,"enemies":"2 Louse","floor":14,"turns":2},{"damage":55,"enemies":"The Guardian","floor":16,"turns":10},{"damage":8,"enemies":"Chosen","floor":18,"turns":5},{"damage":60,"enemies":"3 Byrds","floor":19,"turns":9},{"damage":28,"enemies":"Snake Plant","floor":21,"turns":4}],"event_choices":[{"event_name":"Scrap Ooze","player_choice":"success","floor":2,"damage_taken":3},{"event_name":"Shining Light","player_choice":"Entered Light","floor":3,"damage_taken":0},{"event_name":"Golden Idol","player_choice":"Lose Max HP","floor":4,"damage_taken":0},{"event_name":"Living Wall","player_choice":"Grow","floor":8,"damage_taken":0},{"event_name":"Mushrooms","player_choice":"Fought Mushrooms","floor":11,"damage_taken":0}],"boss_relics":[{"not_picked":["Mark of Pain","Lizard Tail"],"picked":"Black Blood"}],"potions_floor_spawned":[1,12,18],"seed_played":"5276261325287348311","killed_by":"Snake Plant","ascension_level":0,"is_trial":false}