{"gold_per_floor":[109,121,16,16,28,53,53,82,136,136,211,225,254,254,254,325,325,345,345,89,104,114,145,145,155,236,236,264,283,283,295,295,372,372,382,395,395,395,395,395,395,422,422,422,448,275,285,310,310,310,310,310,310,12,39,39],"floor_reached":57,"playtime":5392,"items_purged":["Strike_B","Strike_B"],"score":2742,"play_id":"b2edc91f-5444-49f1-abcb-53f93cadfb3d","local_time":"20190217183842","is_ascension_mode":true,"campfire_choices":[{"data":"Barrage","floor":7.0,"key":"SMITH"},{"floor":10.0,"key":"REST"},{"floor":15.0,"key":"REST"},{"floor":24.0,"key":"REST"},{"floor":30.0,"key":"REST"},{"floor":32.0,"key":"REST"},{"floor":40.0,"key":"RECALL"},{"floor":49.0,"key":"REST"},{"data":"Consume","floor":53.0,"key":"SMITH"}],"neow_cost":"NONE","seed_source_timestamp":0,"circlet_count":0,"master_deck":["AscendersBane","Strike_B","Defend_B+1","Defend_B+1","Defend_B","Defend_B","Zap","Dualcast","Barrage","Tempest","Barrage+1","Capacitor+1","Hologram","Chill","Conserve Battery","Reinforced Body","Leap","Echo Form","Glacier","Hologram","Biased Cognition","Melter+1","Coolheaded+1","Conserve Battery+1","Seek","Coolheaded","Defragment","Capacitor","Static Discharge","Glacier","Consume+1","Reinforced Body","Capacitor","Defragment+1"],"special_seed":0,"relics":["Cracked Core","Darkstone Periapt","Bronze Scales","Happy Flower","Dream Catcher","DataDisk","Nuclear Battery","Membership Card","Unceasing Top","Shuriken","Blue Candle","Snecko Eye","Bottled Tornado","Torii","War Paint","Lantern","Kunai","Orichalcum"],"potions_floor_usage":[56,56],"damage_taken":[{"damage":2.0,"enemies":"2 Louse","floor":1.0,"turns":3.0},{"damage":3.0,"enemies":"Small Slimes","floor":2.0,"turns":3.0},{"damage":1.0,"enemies":"Cultist","floor":5.0,"turns":4.0},{"damage":17.0,"enemies":"Lagavulin","floor":6.0,"turns":6.0},{"damage":17.0,"enemies":"3 Sentries","floor":8.0,"turns":7.0},{"damage":16.0,"enemies":"Blue Slaver","floor":12.0,"turns":3.0},{"damage":11.0,"enemies":"Lagavulin","floor":13.0,"turns":6.0},{"damage":5.0,"enemies":"Hexaghost","floor":16.0,"turns":9.0},{"damage":0.0,"enemies":"Chosen","floor":18.0,"turns":3.0},{"damage":16.0,"enemies":"Shell Parasite","floor":21.0,"turns":5.0},{"damage":0.0,"enemies":"Centurion and Healer","floor":22.0,"turns":5.0},{"damage":12.0,"enemies":"Book of Stabbing","floor":23.0,"turns":5.0},{"damage":10.0,"enemies":"Shelled Parasite and Fungi","floor":25.0,"turns":4.0},{"damage":37.0,"enemies":"Slavers","floor":28.0,"turns":7.0},{"damage":2.0,"enemies":"Snake Plant","floor":29.0,"turns":4.0},{"damage":4.0,"enemies":"Sentry and Sphere","floor":31.0,"turns":3.0},{"damage":20.0,"enemies":"Collector","floor":33.0,"turns":11.0},{"damage":0.0,"enemies":"3 Darklings","floor":35.0,"turns":4.0},{"damage":1.0,"enemies":"Orb Walker","floor":36.0,"turns":4.0},{"damage":0.0,"enemies":"Nemesis","floor":42.0,"turns":6.0},{"damage":17.0,"enemies":"Reptomancer","floor":45.0,"turns":5.0},{"damage":3.0,"enemies":"Jaw Worm Horde","floor":47.0,"turns":5.0},{"damage":6.0,"enemies":"Nemesis","floor":48.0,"turns":5.0},{"damage":19.0,"enemies":"Time Eater","floor":50.0,"turns":15.0},{"damage":19.0,"enemies":"Awakened One","floor":51.0,"turns":21.0},{"damage":27.0,"enemies":"Shield and Spear","floor":55.0,"turns":7.0},{"damage":14,"enemies":"The Heart","floor":56,"turns":12}],"seed_played":"234665062398007622","potions_obtained":[{"floor":1.0,"key":"Weak Potion"},{"floor":5.0,"key":"FairyPotion"},{"floor":6.0,"key":"Dexterity Potion"},{"floor":16.0,"key":"Weak Potion"},{"floor":21.0,"key":"Ancient Potion"},{"floor":25.0,"key":"Swift Potion"},{"floor":29.0,"key":"SpeedPotion"},{"floor":33.0,"key":"Ancient Potion"}],"is_trial":false,"path_per_floor":["M","M","$","?","M","E","R","E","T","R","?","M","E","?","R","B",null,"M","$","$","M","M","E","R","M","T","?","E","M","R","M","R","B",null,"M","M","?","?","?","R","?","E","T","?","E","$","M","E","R","B","B",null,"R","$","E","B",null],"character_chosen":"DEFECT","items_purchased":["Capacitor","Hologram","Membership Card","War Paint","Capacitor","Kunai","Ancient Potion","Dexterity Potion","Reinforced Body","Capacitor"],"campfire_rested":6,"item_purchase_floors":[3,3,20,46,46,54,54,54,54,54],"current_hp_per_floor":[62,59,59,54,53,36,36,19,19,40,29,13,2,2,23,18,58,58,58,58,42,42,30,51,41,41,41,4,2,23,19,40,20,58,58,57,57,57,57,57,57,57,57,57,40,40,37,31,51,32,13,54,54,54,27,13],"gold":39,"neow_bonus":"THREE_CARDS","is_prod":false,"is_daily":false,"chose_seed":false,"campfire_upgraded":2,"win_rate":0,"timestamp":1550457522,"path_taken":["M","M","$","?","M","E","R","E","T","R","?","M","E","?","R","BOSS","M","?","$","M","M","E","R","M","T","?","E","M","R","?","R","BOSS","M","M","?","?","?","R","?","E","T","?","E","?","?","E","R","BOSS","BOSS","R","$","E","BOSS"],"build_version":"2019-02-06","purchased_purges":2,"victory":true,"max_hp_per_floor":[71,71,71,71,71,71,71,71,71,71,71,71,71,71,71,71,71,71,71,71,71,71,71,71,71,71,71,71,71,71,71,71,71,71,71,71,71,71,67,67,67,67,67,67,67,67,67,67,67,67,67,67,67,67,67,67],"card_choices":[{"not_picked":["Steam Power","Leap"],"picked":"Barrage","floor":0.0},{"not_picked":["Steam","Beam Cell"],"picked":"Tempest","floor":1.0},{"not_picked":["Stack","Consume"],"picked":"Barrage","floor":2.0},{"not_picked":["Turbo","Streamline"],"picked":"Ball Lightning","floor":5.0},{"not_picked":["Steam Power","Ball Lightning"],"picked":"Chill","floor":6.0},{"not_picked":["Hologram","Multi-Cast"],"picked":"Conserve Battery","floor":8.0},{"not_picked":["Sweeping Beam","Barrage"],"picked":"Reinforced Body","floor":12.0},{"not_picked":["Compile Driver","Barrage","Genetic Algorithm"],"picked":"SKIP","floor":13.0},{"not_picked":["Heatsinks","Hologram"],"picked":"Leap","floor":15.0},{"not_picked":["Thunder Strike","Core Surge"],"picked":"Echo Form","floor":16.0},{"not_picked":["Beam Cell","Rip and Tear","Storm"],"picked":"SKIP","floor":18.0},{"not_picked":["Scrape","Sweeping Beam"],"picked":"Glacier","floor":21.0},{"not_picked":["Beam Cell+1","Ball Lightning+1"],"picked":"Hologram","floor":22.0},{"not_picked":["Steam","Darkness"],"picked":"Biased Cognition","floor":23.0},{"not_picked":["Ball Lightning","Leap"],"picked":"Melter+1","floor":24.0},{"not_picked":["Heatsinks+1","Redo"],"picked":"Coolheaded+1","floor":25.0},{"not_picked":["Cold Snap","Rebound"],"picked":"Conserve Battery+1","floor":28.0},{"not_picked":["Consume","Barrage"],"picked":"Seek","floor":29.0},{"not_picked":["White Noise","Turbo"],"picked":"Coolheaded","floor":30.0},{"not_picked":["Streamline","Conserve Battery","Glacier"],"picked":"SKIP","floor":31.0},{"not_picked":["Steam","Doom and Gloom","Leap"],"picked":"SKIP","floor":35.0},{"not_picked":["Auto Shields","Leap","Turbo"],"picked":"SKIP","floor":36.0},{"not_picked":["Skim","Streamline"],"picked":"Defragment","floor":42.0},{"not_picked":["Conserve Battery","Hologram","Aggregate"],"picked":"SKIP","floor":45.0},{"not_picked":["Cold Snap","Sweeping Beam"],"picked":"Static Discharge","floor":47.0},{"not_picked":["Sweeping Beam+1","Hello World"],"picked":"Glacier","floor":48.0},{"not_picked":["Conserve Battery","Compile Driver"],"picked":"Consume","floor":49.0},{"not_picked":["Streamline","Beam Cell+1"],"picked":"Defragment+1","floor":55.0}],"player_experience":1329932,"relics_obtained":[{"floor":6.0,"key":"Bronze Scales"},{"floor":8.0,"key":"Happy Flower"},{"floor":9.0,"key":"Dream Catcher"},{"floor":13.0,"key":"DataDisk"},{"floor":23.0,"key":"Unceasing Top"},{"floor":26.0,"key":"Shuriken"},{"floor":28.0,"key":"Blue Candle"},{"floor":42.0,"key":"Bottled Tornado"},{"floor":45.0,"key":"Torii"},{"floor":48.0,"key":"Lantern"},{"floor":55.0,"key":"Orichalcum"}],"event_choices":[{"damage_healed":0.0,"max_hp_gain":0.0,"max_hp_loss":0.0,"gold_gain":0.0,"event_name":"Scrap Ooze","player_choice":"Success","floor":4.0,"gold_loss":0.0,"damage_taken":5.0,"relics_obtained":["Darkstone Periapt"]},{"damage_healed":0.0,"max_hp_gain":0.0,"max_hp_loss":0.0,"gold_gain":75.0,"event_name":"World of Goop","player_choice":"Gather Gold","floor":11.0,"gold_loss":0.0,"damage_taken":11.0},{"cards_removed":["Strike_B"],"damage_healed":0.0,"max_hp_gain":0.0,"max_hp_loss":0.0,"gold_gain":0.0,"event_name":"Purifier","player_choice":"Purged","floor":14.0,"gold_loss":0.0,"damage_taken":0.0},{"damage_healed":0.0,"max_hp_gain":0.0,"max_hp_loss":0.0,"gold_gain":0.0,"event_name":"Accursed Blacksmith","player_choice":"Forge","floor":27.0,"gold_loss":0.0,"damage_taken":0.0,"cards_upgraded":["Capacitor"]},{"damage_healed":0.0,"max_hp_gain":0.0,"max_hp_loss":0.0,"gold_gain":0.0,"event_name":"SensoryStone","player_choice":"Memory 1","floor":37.0,"gold_loss":0.0,"damage_taken":0.0},{"damage_healed":0.0,"max_hp_gain":0.0,"max_hp_loss":0.0,"gold_gain":0.0,"event_name":"Mysterious Sphere","player_choice":"Ignored","floor":38.0,"gold_loss":0.0,"damage_taken":0.0},{"damage_healed":0.0,"max_hp_gain":0.0,"max_hp_loss":4.0,"gold_gain":0.0,"event_name":"Winding Halls","player_choice":"Max HP","floor":39.0,"gold_loss":0.0,"damage_taken":0.0},{"damage_healed":0.0,"max_hp_gain":0.0,"max_hp_loss":0.0,"gold_gain":0.0,"event_name":"Tomb of Lord Red Mask","player_choice":"Ignored","floor":41.0,"gold_loss":0.0,"damage_taken":0.0},{"cards_removed":["Ball Lightning"],"damage_healed":0.0,"max_hp_gain":0.0,"max_hp_loss":0.0,"gold_gain":0.0,"event_name":"Falling","player_choice":"Removed Attack","floor":44.0,"gold_loss":0.0,"damage_taken":0.0}],"is_beta":true,"boss_relics":[{"not_picked":["Runic Dome","Busted Crown"],"picked":"Nuclear Battery"},{"not_picked":["Lizard Tail","Pandora\u0027s Box"],"picked":"Snecko Eye"}],"items_purged_floors":[20,46],"is_endless":false,"potions_floor_spawned":[1,5,6,16,21,25,29,33,42],"ascension_level":20}