{"gold_per_floor":[111,128,145,163,181,181,214,214,241,1,33,51,82,95,95,193,193,204,217,217,237,252,272,298,298,324,356,356,369,15,25,25,123,123,136,36,36,47,64,64,97,97,120,120,120,137,148,167,167,167],"floor_reached":51,"playtime":2190,"items_purged":["Strike_B","Strike_B"],"score":1101,"play_id":"388317bc-539b-4d21-8867-ca66330022c5","local_time":"20180804152220","is_ascension_mode":true,"campfire_choices":[{"data":"Hyperbeam","floor":6,"key":"SMITH"},{"data":"Defragment","floor":8,"key":"SMITH"},{"data":"Go for the Eyes","floor":15,"key":"SMITH"},{"floor":25,"key":"REST"},{"data":"Scrape","floor":28,"key":"SMITH"},{"data":"Capacitor","floor":32,"key":"SMITH"},{"data":"Buffer","floor":40,"key":"SMITH"},{"data":"Capacitor","floor":42,"key":"SMITH"},{"data":"Dualcast","floor":45,"key":"SMITH"},{"floor":49,"key":"REST"}],"neow_cost":"NONE","seed_source_timestamp":1219581542124639,"circlet_count":0,"master_deck":["Strike_B","Strike_B","Defend_B+1","Defend_B","Defend_B","Defend_B","Zap+1","Dualcast+1","Hyperbeam+1","Beam Cell","Go for the Eyes+1","Stack","Glacier","Defragment+1","Double Energy","Steam+1","Hologram+1","Tempest+1","Stack+1","Biased Cognition","Capacitor+1","Scrape+1","Necronomicurse","Glacier+1","Beam Cell","Hello World+1","Steam+1","Hologram+1","Undo+1","Capacitor+1","All For One","Conserve Battery+1","FTL","Reinforced Body+1","Buffer+1","Darkness+1","Madness+1","Madness+1","Redo+1","Barrage+1","Glacier+1","Hologram+1","Hologram+1"],"relics":["Cracked Core","Bottled Flame","War Paint","Toxic Egg 2","Bag of Marbles","Oddly Smooth Stone","Velvet Choker","Necronomicon","Meat on the Bone","Bronze Scales","Happy Flower","Sozu","Bottled Lightning","Pen Nib"],"potions_floor_usage":[16,24,27,27,33,33,33],"damage_taken":[{"damage":0,"enemies":"2 Louse","floor":1,"turns":1},{"damage":0,"enemies":"Small Slimes","floor":2,"turns":2},{"damage":0,"enemies":"Cultist","floor":3,"turns":2},{"damage":3,"enemies":"Looter","floor":4,"turns":3},{"damage":0,"enemies":"2 Fungi Beasts","floor":5,"turns":1},{"damage":6,"enemies":"3 Sentries","floor":7,"turns":3},{"damage":14,"enemies":"Lagavulin","floor":11,"turns":8},{"damage":0,"enemies":"Gremlin Gang","floor":12,"turns":1},{"damage":0,"enemies":"Gremlin Nob","floor":13,"turns":2},{"damage":0,"enemies":"Red Slaver","floor":14,"turns":1},{"damage":14,"enemies":"Hexaghost","floor":16,"turns":10},{"damage":0,"enemies":"2 Thieves","floor":18,"turns":1},{"damage":0,"enemies":"3 Byrds","floor":19,"turns":2},{"damage":0,"enemies":"Snake Plant","floor":21,"turns":1},{"damage":0,"enemies":"Centurion and Healer","floor":22,"turns":1},{"damage":0,"enemies":"Snecko","floor":23,"turns":1},{"damage":13,"enemies":"Book of Stabbing","floor":24,"turns":5},{"damage":0,"enemies":"Gremlin Leader","floor":27,"turns":4},{"damage":0,"enemies":"Sentry and Sphere","floor":29,"turns":1},{"damage":0,"enemies":"Centurion and Healer","floor":31,"turns":1},{"damage":3,"enemies":"Champ","floor":33,"turns":12},{"damage":0,"enemies":"Orb Walker","floor":35,"turns":1},{"damage":0,"enemies":"3 Darklings","floor":38,"turns":1},{"damage":0,"enemies":"Maw","floor":39,"turns":7},{"damage":7,"enemies":"Nemesis","floor":41,"turns":7},{"damage":10,"enemies":"Flame Bruiser 2 Orb","floor":46,"turns":3},{"damage":0,"enemies":"Transient","floor":47,"turns":5},{"damage":0,"enemies":"3 Darklings","floor":48,"turns":1},{"damage":56,"enemies":"Awakened One","floor":50,"turns":20}],"seed_played":"-8201551676770635324","potions_obtained":[{"floor":3,"key":"Strength Potion"},{"floor":4,"key":"EssenceOfSteel"},{"floor":11,"key":"GamblersBrew"},{"floor":12,"key":"PowerPotion"},{"floor":16,"key":"Poison Potion"},{"floor":18,"key":"Strength Potion"},{"floor":22,"key":"PowerPotion"},{"floor":27,"key":"Poison Potion"},{"floor":29,"key":"SpeedPotion"},{"floor":31,"key":"Strength Potion"}],"is_trial":false,"path_per_floor":["M","M","M","M","M","R","E","R","T","$","E","M","E","M","R","B",null,"M","M","?","M","M","M","E","R","T","E","R","M","$","M","R","B",null,"M","$","?","M","M","R","E","R","T","?","R","M","M","M","R","B"],"character_chosen":"DEFECT","items_purchased":["Toxic Egg 2","Capacitor","All For One","Conserve Battery+1","FTL"],"campfire_rested":2,"item_purchase_floors":[10,30,30,30,30],"current_hp_per_floor":[68,68,68,65,65,65,59,59,59,59,45,45,45,45,45,31,64,64,64,48,48,48,48,42,64,64,64,64,64,64,64,64,61,72,72,72,63,63,63,63,56,56,56,56,56,46,46,46,68,24],"gold":167,"neow_bonus":"ONE_RANDOM_RARE_CARD","is_prod":false,"is_daily":false,"chose_seed":true,"campfire_upgraded":8,"win_rate":0,"timestamp":1533410540,"path_taken":["M","M","M","M","M","R","E","R","T","$","E","M","E","M","R","BOSS","M","M","?","M","?","M","E","R","T","E","R","M","$","M","R","BOSS","M","$","?","M","?","R","E","R","T","?","R","M","M","M","R","BOSS"],"build_version":"2018-08-01","purchased_purges":2,"victory":true,"max_hp_per_floor":[75,75,75,75,75,75,75,75,75,75,75,75,75,75,75,75,75,75,75,75,75,75,75,75,75,75,75,75,75,75,75,75,75,75,75,75,75,75,75,75,75,75,75,75,75,75,75,75,75,75],"card_choices":[{"not_picked":["Streamline","Reprogram"],"picked":"Beam Cell","floor":1},{"not_picked":["Beam Cell","Redo"],"picked":"Go for the Eyes","floor":2},{"not_picked":["Streamline","Lockon"],"picked":"Stack","floor":3},{"not_picked":["FTL","Electrodynamics"],"picked":"Glacier","floor":4},{"not_picked":["Go for the Eyes","Glacier"],"picked":"Defragment","floor":5},{"not_picked":["Storm","Rebound"],"picked":"Double Energy","floor":7},{"not_picked":["Reprogram+1","Double Energy+1"],"picked":"Steam+1","floor":11},{"not_picked":["Gash","Beam Cell"],"picked":"Hologram+1","floor":12},{"not_picked":["Go for the Eyes","Force Field+1"],"picked":"Tempest+1","floor":13},{"not_picked":["Steam+1","Skim+1"],"picked":"Stack+1","floor":14},{"not_picked":["All For One","Fission+1"],"picked":"Biased Cognition","floor":16},{"not_picked":["Self Repair","Turbo+1"],"picked":"Capacitor","floor":18},{"not_picked":["Beam Cell","Barrage"],"picked":"Scrape","floor":19},{"not_picked":["Steam+1","Beam Cell"],"picked":"Glacier+1","floor":21},{"not_picked":["Sweeping Beam","Rebound"],"picked":"Beam Cell","floor":22},{"not_picked":["Melter+1","Cold Snap"],"picked":"Hello World+1","floor":23},{"not_picked":["Rainbow+1","Undo+1"],"picked":"Steam+1","floor":24},{"not_picked":["Steam Power+1","Conserve Battery+1"],"picked":"Hologram+1","floor":27},{"not_picked":["Sweeping Beam","Gash"],"picked":"Undo+1","floor":29},{"not_picked":["Conserve Battery+1","Tempest+1"],"picked":"Reinforced Body+1","floor":31},{"not_picked":["Machine Learning","All For One"],"picked":"Buffer","floor":33},{"not_picked":["Gash","Turbo+1"],"picked":"Darkness+1","floor":35},{"not_picked":["Sweeping Beam","Cold Snap+1"],"picked":"Redo+1","floor":38},{"not_picked":["Multi-Cast+1","Fusion+1"],"picked":"Barrage+1","floor":39},{"not_picked":["Streamline+1","Sweeping Beam"],"picked":"Glacier+1","floor":41},{"not_picked":["Conserve Battery+1","Auto Shields+1"],"picked":"Hologram+1","floor":46},{"not_picked":["Redo+1","Compile Driver"],"picked":"Hologram+1","floor":47},{"not_picked":["Sweeping Beam","Melter","Rip and Tear"],"picked":"SKIP","floor":48}],"player_experience":713168,"relics_obtained":[{"floor":7,"key":"Bottled Flame"},{"floor":9,"key":"War Paint"},{"floor":11,"key":"Bag of Marbles"},{"floor":13,"key":"Oddly Smooth Stone"},{"floor":20,"key":"Necronomicon"},{"floor":24,"key":"Meat on the Bone"},{"floor":26,"key":"Bronze Scales"},{"floor":27,"key":"Happy Flower"},{"floor":41,"key":"Bottled Lightning"},{"floor":43,"key":"Pen Nib"}],"event_choices":[{"event_name":"Cursed Tome","player_choice":"Obtained Book","floor":20,"damage_taken":0},{"event_name":"Winding Halls","player_choice":"Embrace Madness","floor":37,"damage_taken":0},{"event_name":"SecretPortal","player_choice":"Rejected Portal.","floor":44,"damage_taken":0}],"is_beta":true,"boss_relics":[{"not_picked":["Lizard Tail","Astrolabe"],"picked":"Velvet Choker"},{"not_picked":["Cursed Key","Eternal Feather"],"picked":"Sozu"}],"items_purged_floors":[30,36],"is_endless":false,"potions_floor_spawned":[3,4,11,12,16,18,22,27,29,31,38,46,48],"ascension_level":6}