{"gold_per_floor":[10,10,25,44,44,44,77,128,178,253,253,24,42,57,57,57],"floor_reached":16,"playtime":487,"items_purged":[],"score":195,"play_id":"060d41ea-a938-434b-a529-072f6f335fec","local_time":"20190214021339","is_ascension_mode":true,"campfire_choices":[{"floor":6,"key":"REST"},{"floor":11,"key":"REST"},{"floor":15,"key":"REST"}],"neow_cost":"NO_GOLD","seed_source_timestamp":44701728160092,"circlet_count":0,"master_deck":["AscendersBane","Strike_B","Strike_B","Strike_B","Strike_B","Defend_B","Defend_B","Defend_B","Defend_B","Zap","Dualcast","Reinforced Body","Streamline","Hologram","Compile Driver","Sweeping Beam","Sunder","Turbo"],"relics":["Cracked Core","Incense Burner","Omamori","Letter Opener","DataDisk","Membership Card"],"potions_floor_usage":[7,16],"damage_taken":[{"damage":1,"enemies":"Cultist","floor":1,"turns":3},{"damage":9,"enemies":"Jaw Worm","floor":3,"turns":5},{"damage":2,"enemies":"2 Louse","floor":4,"turns":2},{"damage":20,"enemies":"3 Sentries","floor":7,"turns":9},{"damage":7,"enemies":"2 Fungi Beasts","floor":13,"turns":3},{"damage":12,"enemies":"Exordium Wildlife","floor":14,"turns":6},{"damage":31,"enemies":"The Guardian","floor":16,"turns":10}],"seed_played":"-7223013562336655293","potions_obtained":[{"floor":1,"key":"FearPotion"},{"floor":2,"key":"SpeedPotion"},{"floor":7,"key":"FearPotion"},{"floor":13,"key":"PowerPotion"}],"is_trial":false,"path_per_floor":["M","?","M","M","?","R","E","?","T","?","R","$","M","M","R","B"],"character_chosen":"DEFECT","items_purchased":["Membership Card","Sweeping Beam"],"campfire_rested":3,"item_purchase_floors":[12,12],"current_hp_per_floor":[63,63,54,52,17,38,18,18,18,7,28,28,21,9,30,0],"gold":57,"neow_bonus":"ONE_RARE_RELIC","is_prod":false,"is_daily":false,"chose_seed":false,"campfire_upgraded":0,"win_rate":0,"timestamp":1550128419,"path_taken":["M","?","?","M","?","R","E","?","T","?","R","$","?","M","R","BOSS"],"build_version":"2019-01-23","purchased_purges":0,"victory":false,"max_hp_per_floor":[71,71,71,71,71,71,71,71,71,71,71,71,71,71,71,71],"card_choices":[{"not_picked":["Loop","Stack"],"picked":"Reinforced Body","floor":1},{"not_picked":["Rebound","Cold Snap"],"picked":"Streamline","floor":3},{"not_picked":["Streamline","Sweeping Beam"],"picked":"Hologram","floor":4},{"not_picked":["Aggregate","Darkness"],"picked":"Compile Driver","floor":7},{"not_picked":["Rebound","Steam"],"picked":"Sunder","floor":13},{"not_picked":["Barrage","Reinforced Body"],"picked":"Turbo","floor":14}],"player_experience":283512,"relics_obtained":[{"floor":7,"key":"Letter Opener"},{"floor":9,"key":"DataDisk"}],"event_choices":[{"damage_healed":0,"gold_gain":0,"player_choice":"Got Potions","damage_taken":0,"max_hp_gain":0,"max_hp_loss":0,"event_name":"Lab","floor":2,"gold_loss":0},{"damage_healed":0,"gold_gain":0,"player_choice":"Success","damage_taken":35,"relics_obtained":["Omamori"],"max_hp_gain":0,"max_hp_loss":0,"event_name":"Scrap Ooze","floor":5,"gold_loss":0},{"damage_healed":0,"gold_gain":51,"player_choice":"Gained Gold","damage_taken":0,"max_hp_gain":0,"max_hp_loss":0,"event_name":"Golden Wing","floor":8,"gold_loss":0},{"damage_healed":0,"gold_gain":75,"player_choice":"Gather Gold","damage_taken":11,"max_hp_gain":0,"max_hp_loss":0,"event_name":"World of Goop","floor":10,"gold_loss":0}],"is_beta":false,"boss_relics":[],"items_purged_floors":[],"is_endless":false,"potions_floor_spawned":[1,7,13],"killed_by":"The Guardian","ascension_level":19}