{"path_per_floor":["M","$","M","?","?","E","R","E","T","M","?","M","E","M","R","B",null,"M","?"],"character_chosen":"IRONCLAD","items_purchased":["Cleave"],"gold_per_floor":[114,66,77,77,77,107,107,139,194,207,207,219,245,262,262,363,363,383,298],"floor_reached":20,"campfire_rested":1,"playtime":1347,"current_hp_per_floor":[80,80,80,80,73,28,52,28,28,36,56,61,43,45,45,25,80,42,42],"items_purged":[],"gold":298,"score":211,"play_id":"6181a281-c3b7-4ef1-9748-6017c9fdddcb","is_prod":false,"is_daily":false,"is_ascension_mode":true,"campfire_upgraded":1,"path_taken":["M","$","M","?","?","E","R","E","T","M","?","M","E","M","R","BOSS","M","?","M"],"build_version":"2018-02-22-PROD2","purchased_purges":0,"victory":false,"master_deck":["Strike_R","Strike_R","Strike_R","Strike_R","Defend_R","Defend_R","Defend_R+1","Bash","Perfected Strike","Cleave","Shrug It Off","Flex+1","Inflame","Shrug It Off","Parasite","Rampage","Battle Trance+1","Double Tap","Parasite","Injury","Parasite","Armaments+1"],"max_hp_per_floor":[80,80,80,80,80,80,80,80,80,80,80,80,80,80,80,80,80,80,80],"relics":["Burning Blood","Lantern","Blue Candle","Prayer Wheel","Blood Vial","Kunai","Calling Bell","Regal Pillow","Shuriken","Paper Frog","War Paint"],"card_choices":[{"not_picked":["Headbutt","Wild Strike"],"picked":"Perfected Strike"},{"not_picked":["Thunderclap","Uppercut"],"picked":"Shrug It Off"},{"not_picked":["Evolve","Heavy Blade"],"picked":"Flex"},{"not_picked":["Metallicize","Pummel"],"picked":"Inflame"},{"not_picked":["Corruption","Sever Soul"],"picked":"Shrug It Off"},{"not_picked":["Sword Boomerang","Seeing Red"],"picked":"Rampage"},{"not_picked":["Shockwave","Cleave"],"picked":"Battle Trance"},{"not_picked":["Limit Break","Bludgeon"],"picked":"Double Tap"},{"not_picked":["Burning Pact","Combust"],"picked":"Armaments"}],"player_experience":288115,"potions_floor_usage":[14,16,16,18,20],"damage_taken":[{"damage":2,"enemies":"Jaw Worm","floor":1,"turns":3},{"damage":0,"enemies":"Small Slimes","floor":3,"turns":3},{"damage":51,"enemies":"Lagavulin","floor":6,"turns":7},{"damage":30,"enemies":"Gremlin Nob","floor":8,"turns":4},{"damage":0,"enemies":"2 Louse","floor":10,"turns":2},{"damage":3,"enemies":"Looter","floor":12,"turns":2},{"damage":26,"enemies":"3 Sentries","floor":13,"turns":7},{"damage":6,"enemies":"2 Fungi Beasts","floor":14,"turns":3},{"damage":43,"enemies":"Slime Boss","floor":16,"turns":11},{"damage":44,"enemies":"Shell Parasite","floor":18,"turns":7},{"damage":44,"enemies":"3 Byrds","floor":20,"turns":5}],"event_choices":[{"event_name":"Living Wall","player_choice":"Forget","floor":4,"damage_taken":0},{"event_name":"Golden Wing","player_choice":"Card Removal","floor":5,"damage_taken":0},{"event_name":"Mushrooms","player_choice":"Healed and dodged fight","floor":11,"damage_taken":0},{"event_name":"Addict","player_choice":"Obtained Relic","floor":19,"damage_taken":0}],"boss_relics":[{"not_picked":["Snecko Eye","Tiny House"],"picked":"Calling Bell"}],"potions_floor_spawned":[8,10,13,14,16],"seed_played":"-4315283382438099077","killed_by":"3 Byrds","ascension_level":2,"is_trial":false}