{"path_per_floor":["M","?","M","M","?","E","R","E","T","E","M","?","$","M","R","B",null,"M","$","M","?","M","R","?","R","T","M","?","M","T","M","R"],"character_chosen":"THE_SILENT","items_purchased":["Footwork","Dash","Noxious Fumes","Bouncing Flask"],"gold_per_floor":[114,114,126,143,143,175,175,206,206,236,250,279,126,140,140,239,239,258,152,167,167,180,180,180,180,180,200,200,215,215,225,225,225],"floor_reached":33,"campfire_rested":5,"playtime":1602,"current_hp_per_floor":[63,63,63,62,55,43,64,57,64,51,34,20,20,16,39,28,65,60,60,33,33,16,39,39,62,72,58,42,31,31,13,39,0],"items_purged":[],"gold":225,"score":399,"play_id":"639cc36e-53aa-4d5f-963f-e7c2acea0a09","local_time":"20180415122835","is_prod":false,"is_daily":false,"chose_seed":true,"is_ascension_mode":true,"campfire_upgraded":0,"timestamp":1523809715,"path_taken":["M","?","M","M","?","E","R","E","T","E","?","?","$","M","R","BOSS","M","$","M","?","M","R","?","R","T","?","?","M","?","M","R","BOSS"],"build_version":"2018-04-13","seed_source_timestamp":271948161471439,"purchased_purges":0,"victory":false,"master_deck":["Defend_G+1","Defend_G+1","Defend_G","Defend_G","Defend_G","Strike_G","Strike_G","Strike_G","Strike_G","Survivor","Neutralize","Sucker Punch","Bouncing Flask+1","Deflect","Slice","Burst","Dagger Spray","Acrobatics","Dagger Spray","Footwork","Dash","Malaise","Envenom","Footwork+1","Noxious Fumes","Bouncing Flask","Blade Dance+1","Dash","Noxious Fumes","Necronomicurse","Venomology","Cloak And Dagger+1"],"max_hp_per_floor":[70,70,70,70,70,70,70,70,77,77,77,77,77,77,77,77,77,77,77,77,77,77,77,77,77,87,87,87,87,87,87,87,87],"relics":["Ring of the Snake","Centennial Puzzle","Bag of Preparation","Strawberry","Bronze Scales","Odd Mushroom","Runic Pyramid","Pear","Necronomicon","War Paint"],"card_choices":[{"not_picked":["Slice","Deflect"],"picked":"Sucker Punch","floor":0},{"not_picked":["Bane","Catalyst"],"picked":"Bouncing Flask","floor":1},{"not_picked":["Eviscerate","Infinite Blades"],"picked":"Deflect","floor":3},{"not_picked":["Prepared","Quick Slash"],"picked":"Slice","floor":4},{"not_picked":["Backflip","Underhanded Strike"],"picked":"Burst","floor":6},{"not_picked":["Crippling Poison","Deadly Poison"],"picked":"Dagger Spray","floor":8},{"not_picked":["Finisher","Dagger Throw"],"picked":"Acrobatics","floor":10},{"not_picked":["Riddle With Holes","Sucker Punch"],"picked":"Dagger Spray","floor":12},{"not_picked":["Flying Knee","PiercingWail"],"picked":"Malaise","floor":14},{"not_picked":["A Thousand Cuts","Tools of the Trade"],"picked":"Envenom","floor":16},{"not_picked":["Slice","Dagger Spray"],"picked":"Footwork","floor":18},{"not_picked":["Infinite Blades","Acrobatics"],"picked":"Blade Dance","floor":20},{"not_picked":["Underhanded Strike","Acrobatics"],"picked":"Dash","floor":22},{"not_picked":["Well Laid Plans","Skewer"],"picked":"Noxious Fumes","floor":27},{"not_picked":["Outmaneuver","Cloak And Dagger"],"picked":"Venomology","floor":29},{"not_picked":["Prepared","Backflip"],"picked":"Cloak And Dagger","floor":31}],"player_experience":206811,"potions_floor_usage":[6,10,12,16,18,27,31,33,33],"damage_taken":[{"damage":0,"enemies":"Jaw Worm","floor":1,"turns":4},{"damage":0,"enemies":"Small Slimes","floor":3,"turns":3},{"damage":1,"enemies":"2 Louse","floor":4,"turns":3},{"damage":12,"enemies":"Gremlin Nob","floor":6,"turns":4},{"damage":7,"enemies":"Lagavulin","floor":8,"turns":5},{"damage":13,"enemies":"Gremlin Nob","floor":10,"turns":3},{"damage":17,"enemies":"Exordium Wildlife","floor":11,"turns":3},{"damage":20,"enemies":"The Mushroom Lair","floor":12,"turns":3},{"damage":4,"enemies":"Looter","floor":14,"turns":3},{"damage":11,"enemies":"Hexaghost","floor":16,"turns":12},{"damage":5,"enemies":"Chosen","floor":18,"turns":7},{"damage":27,"enemies":"Shell Parasite","floor":20,"turns":6},{"damage":17,"enemies":"Snake Plant","floor":22,"turns":4},{"damage":14,"enemies":"Sentry and Sphere","floor":27,"turns":6},{"damage":11,"enemies":"Centurion and Healer","floor":29,"turns":7},{"damage":18,"enemies":"Chosen and Byrds","floor":31,"turns":7},{"damage":45,"enemies":"Collector","floor":33,"turns":11}],"event_choices":[{"event_name":"Living Wall","player_choice":"Grow","floor":2,"damage_taken":0},{"event_name":"Golden Wing","player_choice":"Card Removal","floor":5,"damage_taken":0},{"event_name":"Mushrooms","player_choice":"Fought Mushrooms","floor":12,"damage_taken":0},{"event_name":"Accursed Blacksmith","player_choice":"Forge","floor":21,"damage_taken":0},{"event_name":"Drug Dealer","player_choice":"Ignored","floor":24,"damage_taken":0},{"event_name":"Cursed Tome","player_choice":"Obtained Book","floor":28,"damage_taken":0}],"boss_relics":[{"not_picked":["White Beast Statue","Runic Dome"],"picked":"Runic Pyramid"}],"potions_floor_spawned":[1,6,8,14,16,22,27,31],"seed_played":"1805153721489791785","killed_by":"Collector","ascension_level":8,"is_trial":false}