{"gold_per_floor":[111,186,200,51,51,78,78,111,137,163,163,191,191,206,206,301,301,318,318,49,49,65,65,165,165,165,165,183,196,255,266,266,266],"floor_reached":33,"playtime":1887,"items_purged":["Strike_B","Strike_B"],"score":364,"play_id":"f368e627-4121-4337-815f-4bc11a9e3c1e","local_time":"20180802191921","is_ascension_mode":true,"campfire_choices":[{"data":"Go for the Eyes","floor":7,"key":"SMITH"},{"data":"Dualcast","floor":11,"key":"SMITH"},{"floor":13,"key":"REST"},{"data":"Defragment","floor":15,"key":"SMITH"},{"data":"Echo Form","floor":23,"key":"SMITH"},{"data":"Self Repair","floor":25,"key":"SMITH"},{"data":"Leap","floor":27,"key":"SMITH"},{"floor":32,"key":"REST"}],"neow_cost":"NONE","seed_source_timestamp":1063549382342394,"circlet_count":0,"master_deck":["Strike_B","Defend_B","Defend_B","Defend_B","Defend_B","Zap+1","Dualcast+1","Barrage","Leap+1","Defragment+1","Go for the Eyes+1","Gash","Cold Snap","Scrape","Self Repair+1","Echo Form+1","Static Discharge","Gash","Steam","Steam Power","Strike_B","Tempest+1","Hologram","Ball Lightning","Conserve Battery","Ball Lightning"],"relics":["Cracked Core","Blood Vial","Ornamental Fan","Bag of Preparation","Dodecahedron","Calipers","Nuclear Battery","Emotion Chip","Tiny Chest"],"potions_floor_usage":[6,16,29,31,33],"damage_taken":[{"damage":1,"enemies":"Cultist","floor":1,"turns":4},{"damage":0,"enemies":"2 Louse","floor":3,"turns":3},{"damage":8,"enemies":"3 Sentries","floor":6,"turns":8},{"damage":22,"enemies":"Gremlin Nob","floor":8,"turns":4},{"damage":7,"enemies":"Lagavulin","floor":10,"turns":5},{"damage":14,"enemies":"3 Sentries","floor":12,"turns":7},{"damage":0,"enemies":"Jaw Worm","floor":14,"turns":1},{"damage":18,"enemies":"Hexaghost","floor":16,"turns":10},{"damage":30,"enemies":"2 Thieves","floor":18,"turns":4},{"damage":1,"enemies":"Spheric Guardian","floor":22,"turns":3},{"damage":7,"enemies":"Cultist and Chosen","floor":28,"turns":3},{"damage":14,"enemies":"Snake Plant","floor":29,"turns":5},{"damage":35,"enemies":"Slavers","floor":30,"turns":4},{"damage":7,"enemies":"Sentry and Sphere","floor":31,"turns":3},{"damage":32,"enemies":"Champ","floor":33,"turns":7}],"seed_played":"-7306108932845427946","potions_obtained":[{"floor":10,"key":"SpeedPotion"},{"floor":14,"key":"FocusPotion"},{"floor":22,"key":"Regen Potion"},{"floor":30,"key":"EssenceOfSteel"}],"is_trial":false,"path_per_floor":["M","?","M","$","?","E","R","E","T","E","R","E","R","M","R","B",null,"M","?","$","?","M","R","?","R","T","R","M","M","E","M","R"],"character_chosen":"DEFECT","items_purchased":["Defragment","Gash","Steam","Steam Power"],"campfire_rested":2,"item_purchase_floors":[4,20,20,20],"current_hp_per_floor":[74,63,63,63,63,55,55,35,35,30,30,18,40,42,42,33,65,37,37,37,37,38,38,38,38,38,38,33,45,12,7,29,0],"gold":266,"neow_bonus":"THREE_SMALL_POTIONS","is_prod":false,"is_daily":false,"chose_seed":false,"campfire_upgraded":6,"win_rate":0,"timestamp":1533251961,"path_taken":["M","?","M","$","?","E","R","E","T","E","R","E","R","M","R","BOSS","M","?","$","?","M","R","?","R","T","R","M","M","E","M","R","BOSS"],"build_version":"2018-08-01","purchased_purges":2,"victory":false,"max_hp_per_floor":[75,75,75,75,75,75,75,75,75,75,75,75,75,75,75,75,75,75,75,75,75,75,75,75,75,75,75,75,75,75,75,75,75],"card_choices":[{"not_picked":["Chill","Blizzard"],"picked":"Barrage","floor":1},{"not_picked":["Streamline","Stack"],"picked":"Leap","floor":3},{"not_picked":["Skim","Compile Driver"],"picked":"Go for the Eyes","floor":6},{"not_picked":["Barrage","Loop"],"picked":"Gash","floor":8},{"not_picked":["Stack","Leap"],"picked":"Cold Snap","floor":10},{"not_picked":["Fission","Sweeping Beam"],"picked":"Scrape","floor":12},{"not_picked":["Recycle","Hologram"],"picked":"Self Repair","floor":14},{"not_picked":["Core Surge","Buffer"],"picked":"Echo Form","floor":16},{"not_picked":["Genetic Algorithm","Skim+1"],"picked":"Static Discharge","floor":18},{"not_picked":["Undo","Hologram"],"picked":"Tempest+1","floor":22},{"not_picked":["Streamline","Turbo"],"picked":"Hologram","floor":28},{"not_picked":["Barrage","Scrape"],"picked":"Ball Lightning","floor":29},{"not_picked":["Compile Driver","FTL"],"picked":"Conserve Battery","floor":30},{"not_picked":["Aggregate","Cold Snap"],"picked":"Ball Lightning","floor":31}],"player_experience":695835,"relics_obtained":[{"floor":6,"key":"Blood Vial"},{"floor":8,"key":"Ornamental Fan"},{"floor":9,"key":"Bag of Preparation"},{"floor":10,"key":"Dodecahedron"},{"floor":12,"key":"Calipers"},{"floor":26,"key":"Emotion Chip"},{"floor":30,"key":"Tiny Chest"}],"event_choices":[{"event_name":"World of Goop","player_choice":"Gather Gold","floor":2,"damage_taken":0},{"event_name":"Living Wall","player_choice":"Grow","floor":5,"damage_taken":0},{"event_name":"Ghosts","player_choice":"Ignored","floor":19,"damage_taken":0},{"event_name":"NoteForYourself","player_choice":"Took Card","floor":21,"damage_taken":0},{"event_name":"Golden Shrine","player_choice":"Pray","floor":24,"damage_taken":0}],"is_beta":true,"boss_relics":[{"not_picked":["Philosopher\u0027s Stone","Snecko Eye"],"picked":"Nuclear Battery"}],"items_purged_floors":[4,20],"is_endless":false,"potions_floor_spawned":[1,10,14,22,30],"killed_by":"Champ","ascension_level":5}