{"gold_per_floor":[15,31,106,106,124,124,134,134,160,173,187,211,211,230,230,330,330,349,349,38,38,58,58],"floor_reached":23,"playtime":835,"items_purged":[],"score":284,"play_id":"00a1e8e9-db68-40ef-abb2-600ca559def4","local_time":"20180929183659","is_ascension_mode":true,"campfire_choices":[{"data":"Rainbow","floor":6,"key":"SMITH"},{"floor":8,"key":"REST"},{"floor":13,"key":"REST"},{"data":"Go for the Eyes","floor":15,"key":"SMITH"}],"neow_cost":"NO_GOLD","seed_source_timestamp":1130804747080414,"circlet_count":0,"master_deck":["Strike_B","Strike_B","Strike_B","Defend_B","Defend_B+1","Defend_B","Zap","Dualcast","AscendersBane","Sweeping Beam","Rainbow+1","Sunder","Go for the Eyes+1","Blizzard","Stack+1","White Noise","Electrodynamics","Consume","White Noise","Force Field","Coolheaded","Thunder Strike","Reinforced Body"],"relics":["Cracked Core","Calipers","Dream Catcher","Happy Flower","Busted Crown","War Paint"],"potions_floor_usage":[16,22],"damage_taken":[{"damage":0,"enemies":"Cultist","floor":1,"turns":3},{"damage":1,"enemies":"2 Louse","floor":2,"turns":4},{"damage":9,"enemies":"Small Slimes","floor":5,"turns":4},{"damage":13,"enemies":"Blue Slaver","floor":7,"turns":4},{"damage":5,"enemies":"Exordium Wildlife","floor":10,"turns":3},{"damage":7,"enemies":"3 Louse","floor":11,"turns":3},{"damage":7,"enemies":"Blue Slaver","floor":14,"turns":4},{"damage":37,"enemies":"Hexaghost","floor":16,"turns":11},{"damage":16,"enemies":"Shell Parasite","floor":18,"turns":5},{"damage":29,"enemies":"2 Thieves","floor":22,"turns":4},{"damage":22,"enemies":"Colosseum Slavers","floor":23,"turns":1}],"seed_played":"-8817813954148278111","potions_obtained":[{"floor":2,"key":"GamblersBrew"},{"floor":5,"key":"Weak Potion"},{"floor":18,"key":"PowerPotion"}],"is_trial":false,"path_per_floor":["M","M","?","?","M","R","M","R","T","M","M","T","R","M","R","B",null,"M","?","$","?","M"],"character_chosen":"DEFECT","items_purchased":["Coolheaded","Thunder Strike","War Paint"],"campfire_rested":2,"item_purchase_floors":[20,20,20],"current_hp_per_floor":[68,67,56,49,40,40,27,49,49,44,37,37,59,52,52,15,60,44,44,44,44,15,0],"gold":58,"neow_bonus":"ONE_RARE_RELIC","is_prod":false,"is_daily":false,"chose_seed":false,"campfire_upgraded":2,"win_rate":0,"timestamp":1538260619,"path_taken":["M","M","?","?","M","R","M","R","T","M","M","?","R","M","R","BOSS","M","?","$","?","M","?"],"build_version":"2018-09-27","purchased_purges":0,"victory":false,"max_hp_per_floor":[75,75,75,75,75,75,75,75,75,75,75,75,75,75,75,75,75,75,75,75,75,75,75],"card_choices":[{"not_picked":["Hologram","Steam"],"picked":"Coolheaded","floor":1},{"not_picked":["Reprogram","Steam"],"picked":"Sweeping Beam","floor":2},{"not_picked":["Compile Driver","Barrage"],"picked":"Rainbow","floor":5},{"not_picked":["Conserve Battery","Cold Snap"],"picked":"Sunder","floor":7},{"not_picked":["Turbo","Sweeping Beam"],"picked":"Go for the Eyes","floor":10},{"not_picked":["Barrage","Go for the Eyes"],"picked":"Blizzard","floor":11},{"not_picked":["Hologram","Double Energy"],"picked":"Stack","floor":13},{"not_picked":["Force Field","Conserve Battery"],"picked":"White Noise","floor":14},{"not_picked":["Machine Learning","Hyperbeam"],"picked":"Electrodynamics","floor":16},{"not_picked":[],"picked":"Streamline","floor":18},{"not_picked":[],"picked":"Reinforced Body","floor":22}],"player_experience":877216,"relics_obtained":[{"floor":9,"key":"Dream Catcher"},{"floor":12,"key":"Happy Flower"}],"event_choices":[{"event_name":"World of Goop","player_choice":"Gather Gold","floor":3,"damage_taken":0},{"event_name":"Golden Wing","player_choice":"Card Removal","floor":4,"damage_taken":0},{"event_name":"Drug Dealer","player_choice":"Became Test Subject","floor":19,"damage_taken":0},{"event_name":"Vampires","player_choice":"Ignored","floor":21,"damage_taken":0},{"event_name":"Colosseum","player_choice":"Fight","floor":23,"damage_taken":0}],"is_beta":true,"boss_relics":[{"not_picked":["Black Star","Fusion Hammer"],"picked":"Busted Crown"}],"items_purged_floors":[],"is_endless":false,"potions_floor_spawned":[2,5,10,18],"killed_by":"Colosseum Slavers","ascension_level":11}