{"path_per_floor":["M","M","M","M","M","R","M","R","T","R","?","M","$","M","R","B",null,"M","M","M","?","M","R","?","M","T","$","M","?","M","M","R","B",null,"M","M","$","?","M","R","M","R","T","R","?","M","M","M","R"],"character_chosen":"THE_SILENT","items_purchased":["Apotheosis"],"gold_per_floor":[114,130,149,163,177,177,194,194,218,218,218,230,34,46,46,147,147,147,147,147,147,147,147,147,147,147,72,72,72,72,72,72,72,72,72,72,72,72,72,72,72,72,72,72,72,72,72,72,72],"floor_reached":50,"campfire_rested":4,"playtime":6073,"current_hp_per_floor":[70,68,68,59,59,59,56,56,56,56,56,40,40,31,52,29,70,50,50,49,70,69,69,61,61,68,68,60,53,49,23,38,30,53,53,43,43,36,29,29,11,26,26,26,26,10,36,15,30],"items_purged":["Strike_G"],"gold":72,"score":447,"play_id":"a4929774-3f6c-45b4-b99c-c95eb9df39bc","is_prod":false,"is_daily":false,"is_ascension_mode":false,"campfire_upgraded":6,"path_taken":["M","M","M","?","M","R","M","R","T","R","?","M","?","M","R","BOSS","M","?","M","?","M","R","?","M","T","?","?","?","M","M","R","BOSS","M","M","$","?","M","R","?","R","T","R","?","?","M","M","R","BOSS"],"build_version":"2018-02-15-PROD1","purchased_purges":1,"victory":false,"master_deck":["Defend_G","Defend_G","Defend_G","Defend_G","Survivor","Neutralize+1","Well Laid Plans","Choke","A Thousand Cuts+1","Dash+1","Caltrops+1","Outmaneuver","Leg Sweep","Acrobatics","Apotheosis+1","Backflip","Doppelganger","Sucker Punch","Leg Sweep+1","Dagger Spray+1","Backflip","Caltrops","Acrobatics","Bite","Bite","Bite","Bite","Bite","Flying Knee+1","After Image+1","Tools of the Trade","Madness","Madness","Sucker Punch","Blur+1","PiercingWail+1","Backstab+1","Prepared+1"],"max_hp_per_floor":[70,70,70,70,70,70,70,70,70,70,70,70,70,70,70,70,70,70,70,70,70,70,70,70,70,77,77,77,53,53,53,53,53,53,53,53,53,53,53,53,53,53,53,53,53,53,53,53,53],"relics":["Ring of the Snake","Ancient Tea Set","Ectoplasm","Strawberry","Lizard Tail","Kunai"],"card_choices":[{"not_picked":["Masterful Stab","Infinite Blades"],"picked":"Well Laid Plans"},{"not_picked":["Skewer","Masterful Stab"],"picked":"Choke"},{"not_picked":["Dodge and Roll","Prepared"],"picked":"A Thousand Cuts"},{"not_picked":["Bane","Flechettes"],"picked":"Dash"},{"not_picked":["Backflip","Dodge and Roll"],"picked":"Caltrops"},{"not_picked":["Dash","Riddle With Holes"],"picked":"Outmaneuver"},{"not_picked":["Eviscerate","Finisher"],"picked":"Leg Sweep"},{"not_picked":["Footwork","Catalyst"],"picked":"Acrobatics"},{"not_picked":["Dagger Throw","Malaise"],"picked":"Backflip"},{"not_picked":["Unload","Venomology"],"picked":"Doppelganger"},{"not_picked":["Endless Agony","Deflect"],"picked":"Sucker Punch"},{"not_picked":["Poisoned Stab","Predator"],"picked":"Leg Sweep"},{"not_picked":["Prepared","Bane"],"picked":"Dagger Spray"},{"not_picked":["Slice","Footwork"],"picked":"Backflip"},{"not_picked":["Catalyst","Flying Knee"],"picked":"Caltrops"},{"not_picked":["Prepared","Deflect"],"picked":"Acrobatics"},{"not_picked":["Dodge and Roll","PiercingWail"],"picked":"Flying Knee"},{"not_picked":["Quick Slash","Masterful Stab"],"picked":"After Image"},{"not_picked":["Venomology","Wraith Form"],"picked":"Tools of the Trade"},{"not_picked":["Endless Agony","Slice"],"picked":"Sucker Punch"},{"not_picked":["Dodge and Roll","Flying Knee"],"picked":"Blur"},{"not_picked":["Deadly Poison","Endless Agony"],"picked":"PiercingWail"},{"not_picked":["Poisoned Stab","Flechettes"],"picked":"Backstab"},{"not_picked":["Calculated Gamble","Dagger Spray"],"picked":"Prepared"}],"player_experience":51311,"potions_floor_usage":[5,16,22,25,28,31,33,41,41,41,47,48],"damage_taken":[{"damage":0,"enemies":"Cultist","floor":1,"turns":5},{"damage":2,"enemies":"Small Slimes","floor":2,"turns":4},{"damage":0,"enemies":"2 Louse","floor":3,"turns":3},{"damage":9,"enemies":"Exordium Thugs","floor":4,"turns":6},{"damage":0,"enemies":"3 Louse","floor":5,"turns":2},{"damage":3,"enemies":"Exordium Wildlife","floor":7,"turns":5},{"damage":16,"enemies":"Gremlin Gang","floor":12,"turns":6},{"damage":9,"enemies":"Blue Slaver","floor":14,"turns":4},{"damage":23,"enemies":"Slime Boss","floor":16,"turns":10},{"damage":20,"enemies":"Spheric Guardian","floor":18,"turns":4},{"damage":0,"enemies":"3 Byrds","floor":19,"turns":3},{"damage":1,"enemies":"Snecko","floor":20,"turns":5},{"damage":1,"enemies":"Snake Plant","floor":22,"turns":5},{"damage":0,"enemies":"Centurion and Healer","floor":25,"turns":4},{"damage":8,"enemies":"Snecko","floor":28,"turns":7},{"damage":8,"enemies":"Snake Plant","floor":30,"turns":4},{"damage":30,"enemies":"Chosen and Byrds","floor":31,"turns":7},{"damage":46,"enemies":"Collector","floor":33,"turns":10},{"damage":0,"enemies":"Orb Walker","floor":35,"turns":5},{"damage":14,"enemies":"3 Shapes","floor":36,"turns":6},{"damage":52,"enemies":"Maw","floor":39,"turns":11},{"damage":54,"enemies":"Sphere and 2 Shapes","floor":41,"turns":9},{"damage":28,"enemies":"4 Shapes","floor":46,"turns":7},{"damage":0,"enemies":"Maw","floor":47,"turns":11},{"damage":29,"enemies":"Sphere and 2 Shapes","floor":48,"turns":5},{"damage":37,"enemies":"Awakened One","floor":50,"turns":2}],"event_choices":[{"event_name":"Wheel of Change","player_choice":"Card Removal","floor":11,"damage_taken":0},{"event_name":"Wheel of Change","player_choice":"Full Heal","floor":21,"damage_taken":0},{"event_name":"Knowing Skull","player_choice":"","floor":24,"damage_taken":0},{"event_name":"Vampires","player_choice":"Became a vampire","floor":29,"damage_taken":0},{"event_name":"Winding Halls","player_choice":"Embrace Madness","floor":38,"damage_taken":0},{"event_name":"Mysterious Sphere","player_choice":"Ignore","floor":45,"damage_taken":0}],"boss_relics":[{"not_picked":["Runic Dome","Astrolabe"],"picked":"Ectoplasm"},{"not_picked":["Eternal Feather","Sozu"],"picked":"Lizard Tail"}],"potions_floor_spawned":[2,3,4,14,20,22,25,28,33,39,41,47,48],"seed_played":"-6217423238917201669","killed_by":"Awakened One","ascension_level":0,"is_trial":false}