{"path_per_floor":["M","?","M","?","M","E","M","R","T","M","R","M","M","E","R","B",null,"M","?","M","?","M","R","E","R","T","E","M","$","E","?","R","B",null,"M","?","M","?","?","R","M","M","T","R","?","E","?","M","R","B"],"character_chosen":"THE_SILENT","items_purchased":["Envenom"],"gold_per_floor":[114,114,130,130,142,169,186,186,186,203,203,213,227,255,255,358,358,358,273,273,173,173,173,173,173,173,173,173,12,12,12,12,12,12,12,12,12,12,12,12,12,12,12,12,0,0,0,0,0,0],"floor_reached":51,"campfire_rested":5,"playtime":2466,"current_hp_per_floor":[70,70,70,70,70,36,34,55,55,54,54,54,52,64,64,43,70,69,69,59,59,56,56,34,55,55,55,52,52,44,44,65,31,70,62,62,49,49,40,70,70,67,67,70,70,64,64,36,70,5],"items_purged":[],"gold":0,"score":797,"play_id":"4b446317-89f3-4844-9000-f9793e210ca2","local_time":"20180326235152","is_prod":false,"is_daily":false,"is_ascension_mode":false,"campfire_upgraded":0,"timestamp":1522122712,"path_taken":["M","?","?","?","M","E","M","R","T","M","R","M","M","E","R","BOSS","M","?","M","?","M","R","E","R","T","E","M","$","E","?","R","BOSS","M","?","M","?","?","R","M","M","T","R","?","E","?","M","R","BOSS"],"build_version":"2018-03-25","purchased_purges":0,"victory":true,"master_deck":["Defend_G","Defend_G","Defend_G","Defend_G","Defend_G+1","Strike_G","Strike_G","Strike_G","Strike_G+1","Survivor","Neutralize+1","Dash","Caltrops","PiercingWail","Riddle With Holes","Escape Plan","Malaise+1","Skewer","Infinite Blades","Blade Dance","Venomology","Backflip","Dagger Spray","J.A.X.","Well Laid Plans","All Out Attack+1","Calculated Gamble+1","Envenom","Deflect+1","Sucker Punch+1","Tactician","Catalyst","Dodge and Roll+1","Madness","Madness","Escape Plan+1","Finisher+1","Footwork","Blur+1","Backflip"],"max_hp_per_floor":[70,70,70,70,70,70,70,70,70,70,70,70,70,70,70,70,70,70,70,70,70,70,70,70,70,70,70,70,70,70,70,70,70,70,70,70,70,70,70,70,70,70,70,70,70,70,70,70,70,70],"relics":["Ring of the Snake","NeowsBlessing","Mummified Hand","Girya","Bag of Marbles","Ectoplasm","Juzu Bracelet","War Paint","Whetstone","Ninja Scroll","Dream Catcher","Eternal Feather","Shovel","Blood Vial","Red Mask","Happy Flower"],"card_choices":[{"not_picked":["Outmaneuver","PiercingWail"],"picked":"Dash","floor":1},{"not_picked":["Dodge and Roll","Predator"],"picked":"Caltrops","floor":3},{"not_picked":["Flying Knee","Doppelganger"],"picked":"PiercingWail","floor":5},{"not_picked":["Calculated Gamble","All Out Attack"],"picked":"Riddle With Holes","floor":6},{"not_picked":["PiercingWail","Endless Agony"],"picked":"Escape Plan","floor":7},{"not_picked":["Caltrops","Dodge and Roll"],"picked":"Malaise","floor":10},{"not_picked":["Underhanded Strike","Dodge and Roll"],"picked":"Skewer","floor":12},{"not_picked":["Prepared","Dash"],"picked":"Infinite Blades","floor":13},{"not_picked":["Venomology","Sucker Punch"],"picked":"Blade Dance","floor":14},{"not_picked":["Wraith Form","Night Terror"],"picked":"Venomology","floor":16},{"not_picked":["Dodge and Roll","Eviscerate"],"picked":"Backflip","floor":18},{"not_picked":["Infinite Blades","Noxious Fumes"],"picked":"Dagger Spray","floor":20},{"not_picked":["Outmaneuver","Dagger Throw"],"picked":"Well Laid Plans","floor":22},{"not_picked":["Deflect","Poisoned Stab"],"picked":"All Out Attack","floor":24},{"not_picked":["Prepared","Catalyst"],"picked":"Calculated Gamble","floor":28},{"not_picked":["Acrobatics","Sucker Punch"],"picked":"Deflect","floor":30},{"not_picked":["Deflect","Outmaneuver"],"picked":"Sucker Punch","floor":32},{"not_picked":["Bullet Time","Envenom"],"picked":"Tactician","floor":33},{"not_picked":["Flying Knee","Underhanded Strike"],"picked":"Catalyst","floor":35},{"not_picked":["Quick Slash","Calculated Gamble"],"picked":"Dodge and Roll","floor":37},{"not_picked":["Deadly Poison","Outmaneuver"],"picked":"Escape Plan","floor":41},{"not_picked":["Catalyst","Dodge and Roll"],"picked":"Finisher","floor":42},{"not_picked":["Acrobatics","Underhanded Strike"],"picked":"Footwork","floor":46},{"not_picked":["Tactician","Acrobatics"],"picked":"Blur","floor":48},{"not_picked":["Outmaneuver","Calculated Gamble"],"picked":"Backflip","floor":49}],"player_experience":18275,"potions_floor_usage":[6,14,18,18,20,20,22,24,27,27,27,30,33,33,37,42,46,48,50,50,50,50],"damage_taken":[{"damage":0,"enemies":"2 Louse","floor":1,"turns":1},{"damage":0,"enemies":"Cultist","floor":3,"turns":1},{"damage":0,"enemies":"Small Slimes","floor":5,"turns":1},{"damage":34,"enemies":"Lagavulin","floor":6,"turns":10},{"damage":2,"enemies":"3 Louse","floor":7,"turns":4},{"damage":1,"enemies":"2 Fungi Beasts","floor":10,"turns":3},{"damage":0,"enemies":"Red Slaver","floor":12,"turns":4},{"damage":2,"enemies":"Blue Slaver","floor":13,"turns":4},{"damage":3,"enemies":"3 Sentries","floor":14,"turns":6},{"damage":21,"enemies":"The Guardian","floor":16,"turns":10},{"damage":1,"enemies":"Shell Parasite","floor":18,"turns":5},{"damage":10,"enemies":"Spheric Guardian","floor":20,"turns":4},{"damage":3,"enemies":"Snecko","floor":22,"turns":4},{"damage":22,"enemies":"Book of Stabbing","floor":24,"turns":4},{"damage":0,"enemies":"Slavers","floor":27,"turns":3},{"damage":3,"enemies":"Centurion and Healer","floor":28,"turns":4},{"damage":8,"enemies":"Gremlin Leader","floor":30,"turns":3},{"damage":34,"enemies":"Automaton","floor":33,"turns":7},{"damage":8,"enemies":"3 Darklings","floor":35,"turns":6},{"damage":16,"enemies":"Orb Walker","floor":37,"turns":3},{"damage":0,"enemies":"4 Shapes","floor":41,"turns":2},{"damage":3,"enemies":"Spire Growth","floor":42,"turns":2},{"damage":6,"enemies":"2 Orb Walkers","floor":46,"turns":4},{"damage":30,"enemies":"Maw","floor":48,"turns":8},{"damage":65,"enemies":"Time Eater","floor":50,"turns":14}],"event_choices":[{"event_name":"The Woman in Blue","player_choice":"Bought 0 Potions","floor":2,"damage_taken":0},{"event_name":"Liars Game","player_choice":"disagreed","floor":4,"damage_taken":0},{"event_name":"Addict","player_choice":"Obtained Relic","floor":19,"damage_taken":0},{"event_name":"Drug Dealer","player_choice":"Got JAXXED","floor":21,"damage_taken":0},{"event_name":"The Lab","player_choice":"Got Potions","floor":31,"damage_taken":0},{"event_name":"Mysterious Sphere","player_choice":"Ignore","floor":38,"damage_taken":0},{"event_name":"Winding Halls","player_choice":"Embrace Madness","floor":39,"damage_taken":0},{"event_name":"Tomb of Lord Red Mask","player_choice":"Paid","floor":45,"damage_taken":0},{"event_name":"Golden Shrine","player_choice":"Pray","floor":47,"damage_taken":0}],"boss_relics":[{"not_picked":["Orrery","Runic Pyramid"],"picked":"Ectoplasm"},{"not_picked":["Black Star","Sozu"],"picked":"Eternal Feather"}],"potions_floor_spawned":[5,10,12,13,16,18,24,30,33,35,42,48],"seed_played":"-543970904659835276","ascension_level":0,"is_trial":false}