{"gold_per_floor":[109,34,84,101,117,117,128,138,214,249,249,275,275,288,288,288],"floor_reached":16,"playtime":552,"items_purged":[],"score":207,"play_id":"13a353f0-6400-42b0-a1f0-62585eafb5de","local_time":"20190212140846","is_ascension_mode":true,"campfire_choices":[{"data":"Dualcast","floor":6,"key":"SMITH"},{"data":"Rainbow","floor":11,"key":"SMITH"},{"floor":15,"key":"REST"}],"neow_cost":"NONE","seed_source_timestamp":50194251969209,"circlet_count":0,"master_deck":["AscendersBane","Strike_B","Strike_B+1","Strike_B","Defend_B","Defend_B","Defend_B","Defend_B","Zap","Dualcast+1","Cold Snap+1","Undo","Chill","Rainbow+1","BootSequence","Capacitor+1","Conserve Battery","Consume"],"relics":["Cracked Core","NeowsBlessing","Ornamental Fan","Ice Cream","Whetstone"],"potions_floor_usage":[12,16,16],"damage_taken":[{"damage":0,"enemies":"2 Louse","floor":1,"turns":1},{"damage":0,"enemies":"Cultist","floor":4,"turns":1},{"damage":0,"enemies":"Small Slimes","floor":5,"turns":1},{"damage":0,"enemies":"Looter","floor":7,"turns":4},{"damage":3,"enemies":"Exordium Thugs","floor":8,"turns":4},{"damage":8,"enemies":"3 Sentries","floor":10,"turns":9},{"damage":40,"enemies":"Gremlin Nob","floor":12,"turns":5},{"damage":0,"enemies":"3 Louse","floor":14,"turns":4},{"damage":38,"enemies":"The Guardian","floor":16,"turns":9}],"seed_played":"5060193703308006301","potions_obtained":[{"floor":4,"key":"SkillPotion"},{"floor":5,"key":"SneckoOil"},{"floor":14,"key":"Weak Potion"}],"is_trial":false,"path_per_floor":["M","?","?","M","M","R","M","M","T","E","R","E","?","M","R","B"],"character_chosen":"DEFECT","items_purchased":[],"campfire_rested":1,"item_purchase_floors":[],"current_hp_per_floor":[64,64,64,64,64,64,64,61,61,53,53,13,13,13,34,0],"gold":288,"neow_bonus":"THREE_ENEMY_KILL","is_prod":false,"is_daily":false,"chose_seed":false,"campfire_upgraded":2,"win_rate":0,"timestamp":1549998526,"path_taken":["M","?","?","M","?","R","M","?","T","E","R","E","?","M","R","BOSS"],"build_version":"2019-01-23","purchased_purges":0,"victory":false,"max_hp_per_floor":[71,71,71,71,71,71,71,71,71,71,71,71,71,71,71,71],"card_choices":[{"not_picked":["Genetic Algorithm","Fusion"],"picked":"Cold Snap","floor":1},{"not_picked":["Hologram","Steam"],"picked":"Undo","floor":4},{"not_picked":["Sweeping Beam","Rebound"],"picked":"Chill","floor":5},{"not_picked":["Streamline","Conserve Battery"],"picked":"Rainbow","floor":7},{"not_picked":["Steam","Sweeping Beam"],"picked":"BootSequence","floor":8},{"not_picked":["Self Repair","BootSequence"],"picked":"Capacitor","floor":10},{"not_picked":["Beam Cell","Capacitor"],"picked":"Conserve Battery","floor":12},{"not_picked":["Static Discharge","Doom and Gloom"],"picked":"Consume","floor":14}],"player_experience":268514,"relics_obtained":[{"floor":9,"key":"Ornamental Fan"},{"floor":10,"key":"Ice Cream"},{"floor":12,"key":"Whetstone"}],"event_choices":[{"cards_removed":["Strike_B"],"damage_healed":0,"gold_gain":0,"player_choice":"Card Removal","damage_taken":0,"max_hp_gain":0,"max_hp_loss":0,"event_name":"The Cleric","floor":2,"gold_loss":75},{"damage_healed":0,"gold_gain":50,"player_choice":"Pray","damage_taken":0,"max_hp_gain":0,"max_hp_loss":0,"event_name":"Golden Shrine","floor":3,"gold_loss":0},{"damage_healed":0,"gold_gain":0,"player_choice":"Grow","damage_taken":0,"max_hp_gain":0,"max_hp_loss":0,"event_name":"Living Wall","floor":13,"gold_loss":0,"cards_upgraded":["Capacitor"]}],"is_beta":false,"boss_relics":[],"items_purged_floors":[],"is_endless":false,"potions_floor_spawned":[4,5,14],"killed_by":"The Guardian","ascension_level":17}