{"path_per_floor":["M","?","?","M","M","E","R","M","T","?","M","R","M","M","R"],"character_chosen":"DEFECT","items_purchased":[],"gold_per_floor":[111,111,111,125,141,170,170,182,228,199,213,213,230,249,249,249],"floor_reached":16,"campfire_rested":3,"playtime":698,"current_hp_per_floor":[75,75,75,73,71,35,57,23,23,23,7,29,30,16,38,0],"items_purged":[],"gold":249,"score":104,"play_id":"cd03dbbd-aa54-4975-b1ff-7998783a639e","local_time":"20180426215756","is_prod":false,"is_daily":false,"chose_seed":false,"is_ascension_mode":false,"campfire_upgraded":0,"timestamp":1524794276,"path_taken":["M","?","?","?","M","E","R","M","T","?","M","R","M","M","R","BOSS"],"build_version":"2018-04-26","seed_source_timestamp":1257539105963416,"purchased_purges":0,"victory":false,"master_deck":["Strike_B","Strike_B","Strike_B","Strike_B","Defend_B","Defend_B","Defend_B","Defend_B","Zap","Dualcast","Leap","Cold Snap","Hello World","Double Energy","Streamline","FTL","Hello World","Defragment"],"max_hp_per_floor":[75,75,75,75,75,75,75,75,75,75,75,75,75,75,75,75],"relics":["Cracked Core","Darkstone Periapt","Orichalcum"],"card_choices":[{"not_picked":["Capacitor","Ball Lightning"],"picked":"Leap","floor":1},{"not_picked":["Hologram","Conserve Battery"],"picked":"Cold Snap","floor":4},{"not_picked":["Double Energy","Rip and Tear"],"picked":"Hello World","floor":5},{"not_picked":["Sweeping Beam","Capacitor"],"picked":"Double Energy","floor":6},{"not_picked":["Sweeping Beam","Ball Lightning"],"picked":"Streamline","floor":8},{"not_picked":["Go for the Eyes","Allocate"],"picked":"FTL","floor":11},{"not_picked":["Stack","Double Energy"],"picked":"Hello World","floor":13},{"not_picked":["Hello World","Force Field"],"picked":"Defragment","floor":14}],"player_experience":299645,"potions_floor_usage":[11,13,16],"damage_taken":[{"damage":0,"enemies":"Cultist","floor":1,"turns":4},{"damage":2,"enemies":"Small Slimes","floor":4,"turns":3},{"damage":2,"enemies":"2 Louse","floor":5,"turns":2},{"damage":36,"enemies":"Lagavulin","floor":6,"turns":9},{"damage":34,"enemies":"Lots of Slimes","floor":8,"turns":5},{"damage":16,"enemies":"Blue Slaver","floor":11,"turns":5},{"damage":5,"enemies":"Looter","floor":13,"turns":3},{"damage":14,"enemies":"Lots of Slimes","floor":14,"turns":5},{"damage":41,"enemies":"Hexaghost","floor":16,"turns":11}],"event_choices":[{"event_name":"Liars Game","player_choice":"disagreed","floor":2,"damage_taken":0},{"event_name":"Golden Wing","player_choice":"Ignored","floor":3,"damage_taken":0},{"event_name":"World of Goop","player_choice":"Left","floor":10,"damage_taken":0}],"boss_relics":[],"potions_floor_spawned":[4,5,8,11],"seed_played":"7301823820602571202","killed_by":"Hexaghost","ascension_level":0,"is_trial":false}