{"path_per_floor":["M","M","?","M","M","E","R","E","T","M","M","R","?","M","R","B",null,"M","$","?","M","M","R","E","R","T","M","M"],"character_chosen":"IRONCLAD","items_purchased":["Apotheosis","Inflame","Clash"],"gold_per_floor":[119,131,131,144,155,187,187,221,221,239,252,252,252,264,264,367,367,367,47,47,47,47,47,47,47,47,47,47],"floor_reached":29,"campfire_rested":4,"playtime":2200,"current_hp_per_floor":[80,80,80,78,62,47,71,42,42,29,34,58,58,33,57,7,80,68,68,80,69,54,54,17,41,41,34,37],"items_purged":["Strike_R"],"gold":47,"score":259,"play_id":"dc236886-2e6e-4cbc-8a55-04dd585314a6","is_prod":false,"is_daily":false,"is_ascension_mode":false,"campfire_upgraded":1,"path_taken":["M","M","?","M","M","E","R","E","T","M","M","R","?","M","R","BOSS","M","$","?","?","M","R","E","R","T","M","M","E"],"build_version":"2018-02-15-PROD1","purchased_purges":1,"victory":false,"master_deck":["Strike_R","Strike_R","Strike_R","Defend_R","Defend_R","Defend_R","Defend_R","Bash","Sword Boomerang","Rampage","Thunderclap","Decay","Headbutt","Flex","Cleave","Pommel Strike","Flex","Berserk","Iron Wave","Demon Form","Clash","Apotheosis+1","Inflame","Clash","Shrug It Off+1","Inflame+1","Metallicize+1","Cleave","Flame Barrier"],"max_hp_per_floor":[80,80,80,80,80,80,80,80,80,80,80,80,80,80,80,80,80,80,80,80,80,80,80,80,80,80,80,80],"relics":["Burning Blood","Bottled Flame","Pen Nib","The Courier","Ectoplasm","Juzu Bracelet","Lantern"],"card_choices":[{"not_picked":["Power Through","Sentinel"],"picked":"Sword Boomerang"},{"not_picked":["Shrug It Off","Warcry"],"picked":"Rampage"},{"not_picked":["Havoc","Blood for Blood"],"picked":"Thunderclap"},{"not_picked":["Armaments","Seeing Red"],"picked":"Headbutt"},{"not_picked":["Corruption","Combust"],"picked":"Flex"},{"not_picked":["Berserk","Barricade"],"picked":"Cleave"},{"not_picked":["Evolve","Twin Strike"],"picked":"Pommel Strike"},{"not_picked":["Twin Strike","Combust"],"picked":"Flex"},{"not_picked":["Clash","Clothesline"],"picked":"Iron Wave"},{"not_picked":["Barricade","Dark Embrace"],"picked":"Demon Form"},{"not_picked":["Anger","Dual Wield"],"picked":"Clash"},{"not_picked":["Rupture","Sword Boomerang"],"picked":"Shrug It Off"},{"not_picked":["Shrug It Off","Clash"],"picked":"Inflame"},{"not_picked":["Feel No Pain","Perfected Strike"],"picked":"Metallicize"},{"not_picked":["True Grit","Infernal Blade"],"picked":"Cleave"},{"not_picked":["Berserk","Burning Pact"],"picked":"Flame Barrier"}],"player_experience":153583,"potions_floor_usage":[6,16,16,22,24,28],"damage_taken":[{"damage":1,"enemies":"Cultist","floor":1,"turns":4},{"damage":0,"enemies":"2 Louse","floor":2,"turns":3},{"damage":8,"enemies":"Jaw Worm","floor":4,"turns":4},{"damage":22,"enemies":"Exordium Thugs","floor":5,"turns":4},{"damage":21,"enemies":"Gremlin Nob","floor":6,"turns":4},{"damage":35,"enemies":"3 Sentries","floor":8,"turns":6},{"damage":19,"enemies":"Blue Slaver","floor":10,"turns":4},{"damage":1,"enemies":"2 Fungi Beasts","floor":11,"turns":2},{"damage":31,"enemies":"Exordium Thugs","floor":14,"turns":5},{"damage":56,"enemies":"The Guardian","floor":16,"turns":7},{"damage":18,"enemies":"3 Byrds","floor":18,"turns":5},{"damage":17,"enemies":"Spheric Guardian","floor":21,"turns":4},{"damage":21,"enemies":"Snake Plant","floor":22,"turns":3},{"damage":43,"enemies":"Gremlin Leader","floor":24,"turns":7},{"damage":13,"enemies":"Centurion and Healer","floor":27,"turns":3},{"damage":12,"enemies":"Chosen and Byrds","floor":28,"turns":5},{"damage":41,"enemies":"Slavers","floor":29,"turns":4}],"event_choices":[{"event_name":"Wheel of Change","player_choice":"Curse","floor":3,"damage_taken":0},{"event_name":"Transmorgrifier","player_choice":"Transform","floor":13,"damage_taken":0},{"event_name":"The Library","player_choice":"Heal","floor":20,"damage_taken":0}],"boss_relics":[{"not_picked":["White Beast Statue","Snecko Eye"],"picked":"Ectoplasm"}],"potions_floor_spawned":[4,8,10,11,16,21,27,28],"seed_played":"-5791513788972318460","killed_by":"Slavers","ascension_level":0,"is_trial":false}