{"gold_per_floor":[213,15,15,29,44,70,35,35,62,62,74,93,120,130,130,229,229,241,241,38,38,38,38,38,38,38,38,65,65,65,47,47,47],"floor_reached":33,"playtime":1262,"items_purged":[],"score":443,"play_id":"10c24700-f094-4dda-9283-e69ec5231ebf","local_time":"20181216211639","is_ascension_mode":true,"campfire_choices":[{"data":"Feel No Pain","floor":8,"key":"SMITH"},{"data":"Flame Barrier","floor":10,"key":"SMITH"},{"floor":15,"key":"REST"},{"data":"Immolate","floor":23,"key":"SMITH"},{"data":"Whirlwind","floor":30,"key":"SMITH"},{"data":"Metallicize","floor":32,"key":"SMITH"}],"neow_cost":"NONE","seed_source_timestamp":119536320961736,"circlet_count":0,"master_deck":["AscendersBane","Strike_R","Strike_R","Strike_R","Strike_R","Strike_R+1","Defend_R","Defend_R","Defend_R","Defend_R","Bash","Battle Trance","True Grit+1","Feed+1","Feel No Pain+1","Flame Barrier+1","Metallicize+1","Sever Soul","Immolate+1","Whirlwind+1","Feed","Flame Barrier+1","Ghostly+1","Ghostly+1","Ghostly+1","Ghostly+1","Ghostly+1","Flame Barrier+1","Blind+1"],"relics":["Burning Blood","Juzu Bracelet","Whetstone","Odd Mushroom","Mark of Pain","Toxic Egg 2","DollysMirror","Paper Frog","NlothsMask","Boot"],"potions_floor_usage":[12,16,33,33,33],"damage_taken":[{"damage":19,"enemies":"Small Slimes","floor":1,"turns":5},{"damage":7,"enemies":"Cultist","floor":4,"turns":5},{"damage":3,"enemies":"Jaw Worm","floor":5,"turns":5},{"damage":46,"enemies":"Gremlin Nob","floor":6,"turns":5},{"damage":21,"enemies":"Blue Slaver","floor":11,"turns":6},{"damage":7,"enemies":"Exordium Thugs","floor":12,"turns":6},{"damage":15,"enemies":"The Mushroom Lair","floor":13,"turns":6},{"damage":3,"enemies":"2 Fungi Beasts","floor":14,"turns":6},{"damage":69,"enemies":"Slime Boss","floor":16,"turns":10},{"damage":19,"enemies":"Spheric Guardian","floor":18,"turns":6},{"damage":6,"enemies":"Slavers","floor":28,"turns":7},{"damage":0,"enemies":"2 Thieves","floor":31,"turns":4},{"damage":49,"enemies":"Collector","floor":33,"turns":8}],"seed_played":"-3791209249092169817","potions_obtained":[{"floor":4,"key":"Energy Potion"},{"floor":12,"key":"SpeedPotion"},{"floor":13,"key":"AttackPotion"},{"floor":16,"key":"EntropicBrew"}],"is_trial":false,"path_per_floor":["M","$","?","M","M","E","?","R","T","R","M","M","?","M","R","B",null,"M","?","$","?","?","R","?","$","T","?","E","?","R","M","R","B"],"character_chosen":"IRONCLAD","items_purchased":["Juzu Bracelet","True Grit","DollysMirror"],"campfire_rested":1,"item_purchase_floors":[2,2,20],"current_hp_per_floor":[59,59,80,79,83,43,63,63,63,63,52,55,50,57,86,23,80,67,67,67,47,47,47,47,47,47,47,51,39,39,49,49,0],"gold":47,"neow_bonus":"HUNDRED_GOLD","is_prod":false,"is_daily":false,"chose_seed":false,"campfire_upgraded":5,"win_rate":0,"timestamp":1545012999,"path_taken":["M","$","?","M","M","E","?","R","T","R","M","M","?","M","R","BOSS","M","?","$","?","?","R","?","$","T","?","E","?","R","M","R","BOSS"],"build_version":"2018-12-13","purchased_purges":0,"victory":false,"max_hp_per_floor":[80,80,80,80,83,83,83,83,83,83,87,91,95,99,99,99,99,99,99,99,104,52,52,52,52,52,52,56,56,56,60,60,60],"card_choices":[{"not_picked":["Sword Boomerang","Thunderclap"],"picked":"Battle Trance","floor":1},{"not_picked":["Clash","Dual Wield"],"picked":"Feed","floor":4},{"not_picked":["Headbutt","Perfected Strike"],"picked":"Feel No Pain","floor":5},{"not_picked":["Twin Strike","Pommel Strike"],"picked":"Flame Barrier","floor":6},{"not_picked":["Power Through","Body Slam"],"picked":"Metallicize","floor":11},{"not_picked":["Body Slam","Clash"],"picked":"Sever Soul","floor":12},{"not_picked":["Pummel","Armaments"],"picked":"Immolate","floor":13},{"not_picked":["Thunderclap","Sword Boomerang"],"picked":"Whirlwind","floor":14},{"not_picked":["Brutality","Exhume"],"picked":"Feed","floor":16},{"not_picked":["Blood for Blood","Twin Strike","Flex"],"picked":"SKIP","floor":18},{"not_picked":["Headbutt","Power Through+1"],"picked":"Flame Barrier+1","floor":28},{"not_picked":["Heavy Blade","Double Tap+1","Headbutt"],"picked":"SKIP","floor":31}],"player_experience":1001659,"relics_obtained":[{"floor":6,"key":"Whetstone"},{"floor":13,"key":"Odd Mushroom"},{"floor":26,"key":"Paper Frog"},{"floor":28,"key":"Boot"}],"event_choices":[{"damage_healed":21,"gold_gain":0,"player_choice":"Full Heal","damage_taken":0,"max_hp_gain":0,"max_hp_loss":0,"event_name":"Wheel of Change","floor":3,"gold_loss":0},{"damage_healed":20,"gold_gain":0,"player_choice":"Healed","damage_taken":0,"max_hp_gain":0,"max_hp_loss":0,"event_name":"The Cleric","floor":7,"gold_loss":35},{"damage_healed":0,"gold_gain":0,"player_choice":"Fought Mushrooms","damage_taken":0,"max_hp_gain":0,"max_hp_loss":0,"event_name":"Mushrooms","floor":13,"gold_loss":0},{"damage_healed":0,"gold_gain":0,"player_choice":"Gave Potion","damage_taken":0,"relics_obtained":["Toxic Egg 2"],"max_hp_gain":0,"max_hp_loss":0,"event_name":"WeMeetAgain","floor":19,"gold_loss":0},{"damage_healed":0,"gold_gain":0,"player_choice":"Shed Blood","damage_taken":25,"max_hp_gain":5,"max_hp_loss":0,"event_name":"Forgotten Altar","floor":21,"gold_loss":0},{"damage_healed":0,"gold_gain":0,"player_choice":"Became a Ghost","damage_taken":0,"max_hp_gain":0,"max_hp_loss":52,"event_name":"Ghosts","floor":22,"gold_loss":0,"cards_obtained":["Ghostly","Ghostly","Ghostly","Ghostly","Ghostly"]},{"damage_healed":0,"gold_gain":0,"player_choice":"Upgraded","damage_taken":0,"max_hp_gain":0,"max_hp_loss":0,"event_name":"Upgrade Shrine","floor":24,"gold_loss":0,"cards_upgraded":["True Grit"]},{"damage_healed":0,"gold_gain":0,"player_choice":"Trade","damage_taken":0,"relics_obtained":["NlothsMask"],"max_hp_gain":0,"max_hp_loss":0,"event_name":"FaceTrader","floor":27,"gold_loss":0},{"damage_healed":0,"gold_gain":0,"player_choice":"CARD ","damage_taken":12,"max_hp_gain":0,"max_hp_loss":0,"event_name":"Knowing Skull","floor":29,"potions_obtained":[],"gold_loss":0,"cards_obtained":["Blind"]}],"is_beta":true,"boss_relics":[{"not_picked":["Runic Dome","Black Blood"],"picked":"Mark of Pain"}],"items_purged_floors":[],"is_endless":false,"potions_floor_spawned":[4,12,13,14,16],"killed_by":"Collector","ascension_level":12}