{"gold_per_floor":[115,115,134,134,18,18,45,45,45,56,73,107,107,126,126,126],"floor_reached":16,"playtime":445,"items_purged":[],"score":160,"play_id":"dc7aadf0-8178-43f2-ab6b-e9787c562f2a","local_time":"20180717211306","is_ascension_mode":true,"campfire_choices":[{"data":"True Grit","floor":6,"key":"SMITH"},{"floor":13,"key":"REST"},{"floor":15,"key":"REST"}],"neow_cost":"NONE","seed_source_timestamp":2850915381119303,"circlet_count":0,"master_deck":["Strike_R+1","Strike_R+1","Strike_R","Strike_R","Defend_R","Defend_R","Defend_R","Defend_R","Bash","Clothesline+1","Pommel Strike","Cleave+1","Ghostly Armor","True Grit+1","Uppercut","Heavy Blade","Clothesline","Battle Trance","Whirlwind"],"relics":["Burning Blood","Whetstone","Pantograph","Ancient Tea Set"],"potions_floor_usage":[16],"damage_taken":[{"damage":7,"enemies":"Small Slimes","floor":1,"turns":4},{"damage":0,"enemies":"Cultist","floor":3,"turns":3},{"damage":21,"enemies":"3 Sentries","floor":7,"turns":7},{"damage":2,"enemies":"2 Louse","floor":10,"turns":3},{"damage":12,"enemies":"Red Slaver","floor":11,"turns":6},{"damage":36,"enemies":"Lagavulin","floor":12,"turns":6},{"damage":0,"enemies":"2 Fungi Beasts","floor":14,"turns":2},{"damage":85,"enemies":"Hexaghost","floor":16,"turns":12}],"seed_played":"-933008416917829838","potions_obtained":[{"floor":1,"key":"Weak Potion"},{"floor":10,"key":"EssenceOfSteel"}],"is_trial":false,"path_per_floor":["M","?","M","?","$","R","E","?","T","M","M","E","R","M","R"],"character_chosen":"IRONCLAD","items_purchased":["True Grit","Uppercut"],"campfire_rested":2,"item_purchase_floors":[5,5],"current_hp_per_floor":[71,71,77,61,61,61,46,51,51,55,49,19,43,49,73,0],"gold":126,"neow_bonus":"THREE_CARDS","is_prod":false,"is_daily":false,"chose_seed":true,"campfire_upgraded":1,"win_rate":0,"timestamp":1531876386,"path_taken":["M","?","?","?","$","R","E","?","T","M","M","E","R","M","R","BOSS"],"build_version":"2018-07-16","purchased_purges":0,"victory":false,"max_hp_per_floor":[80,80,80,80,80,80,80,80,80,80,80,80,80,80,80,80],"card_choices":[{"not_picked":["Twin Strike","Warcry"],"picked":"Clothesline","floor":0},{"not_picked":["Dual Wield","Havoc"],"picked":"Pommel Strike","floor":1},{"not_picked":["Clothesline","Sword Boomerang"],"picked":"Ghostly Armor","floor":3},{"not_picked":["Havoc","Twin Strike"],"picked":"True Grit","floor":7},{"not_picked":["Wild Strike","Thunderclap"],"picked":"Heavy Blade","floor":10},{"not_picked":["Flex","Iron Wave"],"picked":"Clothesline","floor":11},{"not_picked":["Anger","Combust"],"picked":"Battle Trance","floor":12},{"not_picked":["Thunderclap","Berserk"],"picked":"Whirlwind","floor":14}],"player_experience":586578,"relics_obtained":[{"floor":7,"key":"Whetstone"},{"floor":9,"key":"Pantograph"},{"floor":12,"key":"Ancient Tea Set"}],"event_choices":[{"event_name":"Transmorgrifier","player_choice":"Transform","floor":2,"damage_taken":0},{"event_name":"Shining Light","player_choice":"Entered Light","floor":4,"damage_taken":0},{"event_name":"Bonfire Elementals","player_choice":"COMMON","floor":8,"damage_taken":0}],"boss_relics":[],"items_purged_floors":[],"is_endless":false,"potions_floor_spawned":[1,10],"killed_by":"Hexaghost","ascension_level":9}