{"gold_per_floor":[119,73,73,73,73,73,113,113,113,126,126,140,140,158,158,286,286,309,309,330,354,95,139,238,238,261,261,280,280,301,61,61,180,180,203,203,536,119,134,134,134,134],"floor_reached":42,"playtime":2145,"items_purged":["Injury","Strike_G"],"score":639,"play_id":"6f4ca1c7-b95f-493a-b85c-908e3e44605f","local_time":"20180805142042","is_ascension_mode":true,"campfire_choices":[{"data":"Sucker Punch","floor":6,"key":"SMITH"},{"floor":8,"key":"REST"},{"floor":11,"key":"REST"},{"data":"Glass Knife","floor":13,"key":"SMITH"},{"data":"Night Terror","floor":15,"key":"SMITH"},{"floor":27,"key":"REST"},{"floor":29,"key":"REST"},{"floor":32,"key":"REST"},{"floor":40,"key":"REST"}],"neow_cost":"NONE","seed_source_timestamp":1304626647893807,"circlet_count":0,"master_deck":["Defend_G","Defend_G","Defend_G+1","Defend_G","Defend_G","Strike_G+1","Survivor","Neutralize+1","AscendersBane","Sucker Punch+1","PiercingWail","Glass Knife+1","Backflip+1","Dagger Throw","Night Terror+1","Adrenaline","All Out Attack+1","Noxious Fumes+1","Sucker Punch+1","PiercingWail+1","Predator+1","Terror","Dodge and Roll+1","Catalyst+1","Deadly Poison","Chrysalis","Night Terror","Poisoned Stab","Noxious Fumes","Dodge and Roll","Writhe"],"relics":["Ring of the Snake","Anchor","Centennial Puzzle","Question Card","Astrolabe","Oddly Smooth Stone","Mercury Hourglass","Potion Belt","White Beast Statue","Juzu Bracelet"],"potions_floor_usage":[20,33,33,35,39,39,42,42],"damage_taken":[{"damage":1,"enemies":"Cultist","floor":1,"turns":4},{"damage":43,"enemies":"Lagavulin","floor":7,"turns":12},{"damage":0,"enemies":"2 Louse","floor":10,"turns":2},{"damage":0,"enemies":"Small Slimes","floor":12,"turns":3},{"damage":0,"enemies":"Blue Slaver","floor":14,"turns":2},{"damage":32,"enemies":"Hexaghost","floor":16,"turns":12},{"damage":1,"enemies":"Spheric Guardian","floor":18,"turns":4},{"damage":0,"enemies":"Chosen","floor":20,"turns":4},{"damage":8,"enemies":"Centurion and Healer","floor":21,"turns":7},{"damage":35,"enemies":"Slavers","floor":23,"turns":7},{"damage":20,"enemies":"Sentry and Sphere","floor":28,"turns":8},{"damage":5,"enemies":"Cultist and Chosen","floor":30,"turns":5},{"damage":49,"enemies":"Champ","floor":33,"turns":11},{"damage":3,"enemies":"Flame Bruiser 1 Orb","floor":35,"turns":5},{"damage":20,"enemies":"3 Darklings","floor":39,"turns":5},{"damage":83,"enemies":"2 Orb Walkers","floor":42,"turns":6}],"seed_played":"8158727271577300234","potions_obtained":[{"floor":7,"key":"GamblersBrew"},{"floor":10,"key":"Weak Potion"},{"floor":21,"key":"Dexterity Potion"},{"floor":28,"key":"EssenceOfSteel"},{"floor":33,"key":"SkillPotion"},{"floor":35,"key":"Poison Potion"},{"floor":39,"key":"Ancient Potion"}],"is_trial":false,"path_per_floor":["M","$","?","?","?","R","E","R","T","M","R","M","R","M","R","B",null,"M","?","M","M","$","E","?","?","T","R","M","R","M","$","R","B",null,"M","?","?","$","M","R","?"],"character_chosen":"THE_SILENT","items_purchased":["PiercingWail","Terror","Oddly Smooth Stone","Chrysalis","Weak Potion","Juzu Bracelet","Noxious Fumes","Fruit Juice"],"campfire_rested":6,"item_purchase_floors":[2,22,22,31,31,38,38,38],"current_hp_per_floor":[62,62,48,48,48,48,5,26,26,26,47,47,47,47,47,15,56,55,70,70,62,62,27,27,27,27,48,28,49,44,44,65,16,57,54,54,54,54,39,61,75,0],"gold":134,"neow_bonus":"RANDOM_COMMON_RELIC","is_prod":false,"is_daily":false,"chose_seed":false,"campfire_upgraded":3,"win_rate":0,"timestamp":1533493242,"path_taken":["M","$","?","?","?","R","E","R","T","?","R","M","R","M","R","BOSS","M","?","M","?","$","E","?","?","T","R","M","R","M","$","R","BOSS","M","?","?","$","M","R","?","E"],"build_version":"2018-08-01","purchased_purges":2,"victory":false,"max_hp_per_floor":[70,70,70,70,70,70,70,70,70,70,70,70,70,70,70,70,70,70,70,70,70,70,70,70,70,70,70,70,70,70,70,70,70,70,70,70,70,70,75,75,75,75],"card_choices":[{"not_picked":["Quick Slash","Expertise"],"picked":"Sucker Punch","floor":1},{"not_picked":["Backflip","Bouncing Flask"],"picked":"Glass Knife","floor":7},{"not_picked":["Reflex","Sucker Punch","Slice"],"picked":"Backflip","floor":10},{"not_picked":["PiercingWail","Underhanded Strike","Outmaneuver"],"picked":"Dagger Throw","floor":12},{"not_picked":["Backstab","Deadly Poison","Prepared"],"picked":"Night Terror","floor":14},{"not_picked":["Tools of the Trade","Glass Knife","Malaise"],"picked":"Adrenaline","floor":16},{"not_picked":["Outmaneuver+1","Bouncing Flask+1","Underhanded Strike"],"picked":"Sucker Punch+1","floor":18},{"not_picked":["All Out Attack+1","Prepared","Sucker Punch"],"picked":"PiercingWail+1","floor":20},{"not_picked":["Tactician+1","Sucker Punch","Acrobatics"],"picked":"Predator+1","floor":21},{"not_picked":["Quick Slash","Grand Finale","Reflex"],"picked":"Dodge and Roll+1","floor":23},{"not_picked":["Deflect+1","Poisoned Stab","Accuracy"],"picked":"Catalyst+1","floor":28},{"not_picked":["Flying Knee+1","Predator+1","Endless Agony"],"picked":"Deadly Poison","floor":30},{"not_picked":["Doppelganger","Grand Finale","Storm of Steel"],"picked":"Night Terror","floor":33},{"not_picked":["Reflex","Accuracy","PiercingWail"],"picked":"Poisoned Stab","floor":35},{"not_picked":["Bane+1","Poisoned Stab","Distraction"],"picked":"Dodge and Roll","floor":39}],"player_experience":727005,"relics_obtained":[{"floor":7,"key":"Centennial Puzzle"},{"floor":9,"key":"Question Card"},{"floor":23,"key":"Mercury Hourglass"},{"floor":26,"key":"Potion Belt"}],"event_choices":[{"event_name":"Shining Light","player_choice":"Entered Light","floor":3,"damage_taken":0},{"event_name":"Living Wall","player_choice":"Grow","floor":4,"damage_taken":0},{"event_name":"Golden Idol","player_choice":"Take Wound","floor":5,"damage_taken":0},{"event_name":"The Library","player_choice":"Heal","floor":19,"damage_taken":0},{"event_name":"Nest","player_choice":"Stole From Cult","floor":24,"damage_taken":0},{"event_name":"Upgrade Shrine","player_choice":"Upgraded","floor":25,"damage_taken":0},{"event_name":"Falling","player_choice":"Removed Attack","floor":36,"damage_taken":0},{"event_name":"The Moai Head","player_choice":"Gave Idol","floor":37,"damage_taken":0},{"event_name":"Winding Halls","player_choice":"Writhe","floor":41,"damage_taken":0}],"is_beta":true,"boss_relics":[{"not_picked":["Calling Bell","Snecko Eye"],"picked":"Astrolabe"},{"not_picked":["HoveringKite","Tiny House"],"picked":"White Beast Statue"}],"items_purged_floors":[22,38],"is_endless":false,"potions_floor_spawned":[7,10,14,18,21,23,28,33,35,39],"killed_by":"2 Orb Walkers","ascension_level":11}