{"gold_per_floor":[114,33,51,64,139,139,173,173,173,200,140],"floor_reached":11,"playtime":293,"items_purged":[],"score":150,"play_id":"958160fd-727d-4d48-887d-298a371df158","local_time":"20190213161223","is_ascension_mode":true,"campfire_choices":[{"floor":6,"key":"REST"},{"floor":8,"key":"REST"}],"neow_cost":"CURSE","seed_source_timestamp":8819647638522,"circlet_count":0,"master_deck":["AscendersBane","Strike_B","Strike_B","Strike_B","Strike_B","Defend_B","Defend_B","Defend_B","Defend_B","Zap","Dualcast","Decay","Rip and Tear","Defragment","Conserve Battery","Capacitor","Electrodynamics","Coolheaded"],"relics":["Cracked Core","Peace Pipe","Pen Nib","Pear","Molten Egg 2"],"potions_floor_usage":[7,11],"damage_taken":[{"damage":1,"enemies":"Cultist","floor":1,"turns":3},{"damage":9,"enemies":"Small Slimes","floor":3,"turns":3},{"damage":9,"enemies":"Jaw Worm","floor":4,"turns":4},{"damage":38,"enemies":"Lagavulin","floor":7,"turns":8},{"damage":30,"enemies":"3 Sentries","floor":10,"turns":5},{"damage":23,"enemies":"Exordium Thugs","floor":11,"turns":3}],"seed_played":"-4045225350412912598","potions_obtained":[{"floor":4,"key":"EssenceOfSteel"},{"floor":10,"key":"PowerPotion"}],"is_trial":false,"path_per_floor":["M","$","M","M","?","R","E","R","T","E","M"],"character_chosen":"DEFECT","items_purchased":["Defragment"],"campfire_rested":2,"item_purchase_floors":[2],"current_hp_per_floor":[63,63,54,45,34,55,17,38,48,18,0],"gold":140,"neow_bonus":"ONE_RARE_RELIC","is_prod":false,"is_daily":false,"chose_seed":false,"campfire_upgraded":0,"win_rate":0,"timestamp":1550092343,"path_taken":["M","$","M","M","?","R","E","R","T","E","M"],"build_version":"2019-01-23","purchased_purges":0,"victory":false,"max_hp_per_floor":[71,71,71,71,71,71,71,71,81,81,81],"card_choices":[{"not_picked":["Gash","Rebound"],"picked":"Rip and Tear","floor":1},{"not_picked":["Cold Snap","Hologram"],"picked":"Conserve Battery","floor":3},{"not_picked":["Sweeping Beam","Turbo"],"picked":"Capacitor","floor":4},{"not_picked":["Rebound","Undo"],"picked":"Electrodynamics","floor":7},{"not_picked":["Barrage","Rebound"],"picked":"Coolheaded","floor":10}],"player_experience":273616,"relics_obtained":[{"floor":7,"key":"Pen Nib"},{"floor":9,"key":"Pear"},{"floor":10,"key":"Molten Egg 2"}],"event_choices":[{"damage_healed":0,"gold_gain":75,"player_choice":"Gather Gold","damage_taken":11,"max_hp_gain":0,"max_hp_loss":0,"event_name":"World of Goop","floor":5,"gold_loss":0}],"is_beta":false,"boss_relics":[],"items_purged_floors":[],"is_endless":false,"potions_floor_spawned":[4,10],"killed_by":"Exordium Thugs","ascension_level":17}