{"gold_per_floor":[116,116,134,153,169,169,182,212,262,262,262],"floor_reached":11,"playtime":469,"items_purged":[],"score":116,"play_id":"c85bd264-4e46-4067-ad98-9d10b54032e2","local_time":"20180806190225","is_ascension_mode":true,"campfire_choices":[{"data":"Neutralize","floor":6,"key":"SMITH"}],"neow_cost":"NONE","seed_source_timestamp":0,"circlet_count":0,"master_deck":["Defend_G","Defend_G","Defend_G","Defend_G+1","Defend_G","Strike_G","Strike_G+1","Strike_G","Strike_G","Strike_G","Survivor","Neutralize+1","AscendersBane","Poisoned Stab","Dodge and Roll","Outmaneuver","Bouncing Flask","Sucker Punch","Blade Dance","After Image+1"],"relics":["Ring of the Snake","Bird Faced Urn","Happy Flower"],"potions_floor_usage":[8],"damage_taken":[{"damage":7,"enemies":"Jaw Worm","floor":1,"turns":5},{"damage":0,"enemies":"Small Slimes","floor":3,"turns":4},{"damage":0,"enemies":"Cultist","floor":4,"turns":4},{"damage":4,"enemies":"Blue Slaver","floor":5,"turns":5},{"damage":0,"enemies":"2 Fungi Beasts","floor":7,"turns":3},{"damage":11,"enemies":"3 Sentries","floor":8,"turns":8},{"damage":38,"enemies":"Gremlin Gang","floor":11,"turns":3}],"seed_played":"-6887432318696554911","potions_obtained":[{"floor":3,"key":"Poison Potion"},{"floor":7,"key":"Ancient Potion"}],"is_trial":false,"path_per_floor":["M","?","M","M","M","R","M","E","T","?"],"character_chosen":"THE_SILENT","items_purchased":[],"campfire_rested":0,"item_purchase_floors":[],"current_hp_per_floor":[56,42,42,42,38,38,38,27,27,27,0],"gold":262,"neow_bonus":"THREE_CARDS","is_prod":false,"is_daily":false,"chose_seed":true,"campfire_upgraded":1,"win_rate":0,"timestamp":1533596545,"path_taken":["M","?","M","?","M","R","M","E","T","?","M"],"build_version":"2018-08-01","purchased_purges":0,"victory":false,"max_hp_per_floor":[70,70,70,70,70,70,70,70,70,70,70],"card_choices":[{"not_picked":["PiercingWail","Concentrate"],"picked":"Poisoned Stab","floor":0},{"not_picked":["Dagger Throw","Poisoned Stab"],"picked":"Dodge and Roll","floor":1},{"not_picked":["Choke","Bane"],"picked":"Outmaneuver","floor":3},{"not_picked":["Acrobatics","Flying Knee"],"picked":"Bouncing Flask","floor":4},{"not_picked":["Flechettes","Outmaneuver"],"picked":"Sucker Punch","floor":5},{"not_picked":["Slice","Flechettes"],"picked":"Blade Dance","floor":7},{"not_picked":["Setup","Choke"],"picked":"After Image","floor":8}],"player_experience":740073,"relics_obtained":[{"floor":8,"key":"Bird Faced Urn"},{"floor":9,"key":"Happy Flower"}],"event_choices":[{"event_name":"Shining Light","player_choice":"Entered Light","floor":2,"damage_taken":0},{"event_name":"Living Wall","player_choice":"Grow","floor":10,"damage_taken":0}],"is_beta":true,"boss_relics":[],"items_purged_floors":[],"is_endless":false,"potions_floor_spawned":[3,7],"killed_by":"Gremlin Gang","ascension_level":11}