{"path_per_floor":["M","?","?","M","?","E","R","M","T","M","M","$","E","M","R","B",null,"M","T","M","$","?","R","E","R","T","M","M","$","M","?","R","B",null,"M","?","$","T","T","?","R","M","T","M","M"],"character_chosen":"THE_SILENT","items_purchased":["Shuriken","Panache","Dagger Spray","Deflect","Cloak And Dagger","Swift Potion"],"gold_per_floor":[113,113,113,127,202,259,259,279,279,293,307,58,84,100,100,198,198,213,237,252,1,1,1,30,30,55,73,93,15,25,25,25,127,127,138,138,63,86,109,161,161,181,207,220,236],"floor_reached":46,"campfire_rested":2,"playtime":2176,"current_hp_per_floor":[70,70,63,63,52,52,52,51,51,23,23,23,34,34,55,15,74,67,67,62,62,62,62,74,74,74,41,35,35,30,30,52,45,74,66,66,66,66,66,60,60,43,43,11,8],"items_purged":["Pain"],"gold":236,"score":650,"play_id":"e583aff5-897d-4102-9776-e6e045acb311","local_time":"20180314233157","is_prod":false,"is_daily":false,"is_ascension_mode":false,"campfire_upgraded":4,"timestamp":1521084717,"path_taken":["M","?","?","M","?","E","R","M","T","M","M","$","E","M","R","BOSS","M","?","M","$","?","R","E","R","T","M","M","$","M","?","R","BOSS","M","?","$","?","?","?","R","M","T","M","?","M"],"build_version":"2018-03-09","purchased_purges":1,"victory":false,"master_deck":["Defend_G","Defend_G","Defend_G","Defend_G","Defend_G","Strike_G","Strike_G","Survivor","Neutralize","Predator+1","Footwork+1","Burst+1","Malaise","Sucker Punch","Backflip","Dagger Spray","Deflect+1","Writhe","Cloak And Dagger","Panache","Dagger Spray+1","Deflect","Blade Dance+1","Noxious Fumes+1","Acrobatics","Slice","Cloak And Dagger+1","PiercingWail","Decay","Glass Knife","Blur+1","Terror+1","Well Laid Plans","Pain","Injury","Blur","Accuracy+1","Doubt"],"max_hp_per_floor":[70,70,70,70,70,70,70,70,70,70,70,70,72,72,72,74,74,74,74,74,74,74,74,74,74,74,74,74,74,74,74,74,74,74,74,74,74,74,74,88,88,88,88,90,92],"relics":["Ring of the Snake","NeowsBlessing","Tiny Chest","Bottled Flame","Shuriken","Singing Bowl","Cursed Key","Oddly Smooth Stone","Whetstone","Pen Nib","Astrolabe","Bag of Preparation","Dream Catcher","Mango","Art of War"],"card_choices":[{"not_picked":["Dodge and Roll","Accuracy"],"picked":"Predator"},{"not_picked":["Caltrops","Dash"],"picked":"Footwork"},{"not_picked":["PiercingWail","Catalyst"],"picked":"Burst"},{"not_picked":["Backflip","Expertise"],"picked":"Malaise"},{"not_picked":["Catalyst","Deflect"],"picked":"Sucker Punch"},{"not_picked":["Dash","Prepared"],"picked":"Backflip"},{"not_picked":["Deadly Poison","Bullet Time"],"picked":"Dagger Spray"},{"not_picked":["Masterful Stab","Acrobatics"],"picked":"Deflect"},{"not_picked":["Dodge and Roll","Outmaneuver"],"picked":"Cloak And Dagger"},{"not_picked":["Bouncing Flask","Heel Hook"],"picked":"Noxious Fumes"},{"not_picked":["Underhanded Strike","Endless Agony"],"picked":"Acrobatics"},{"not_picked":["Riddle With Holes","Deadly Poison"],"picked":"Slice"},{"not_picked":["Deadly Poison","Cloak And Dagger"],"picked":"PiercingWail"},{"not_picked":["A Thousand Cuts","Grand Finale"],"picked":"Glass Knife"},{"not_picked":["Sucker Punch","Calculated Gamble"],"picked":"Well Laid Plans"},{"not_picked":["Choke","Skewer"],"picked":"Blur"},{"not_picked":["Cloak And Dagger","Backflip"],"picked":"Accuracy"}],"player_experience":564270,"potions_floor_usage":[13,13,13,24,24,33,35,42,44],"damage_taken":[{"damage":0,"enemies":"Cultist","floor":1,"turns":1},{"damage":0,"enemies":"Jaw Worm","floor":4,"turns":1},{"damage":0,"enemies":"Gremlin Nob","floor":6,"turns":1},{"damage":1,"enemies":"2 Louse","floor":8,"turns":2},{"damage":28,"enemies":"Exordium Thugs","floor":10,"turns":6},{"damage":0,"enemies":"3 Louse","floor":11,"turns":4},{"damage":6,"enemies":"Lagavulin","floor":13,"turns":8},{"damage":0,"enemies":"Exordium Wildlife","floor":14,"turns":5},{"damage":42,"enemies":"Hexaghost","floor":16,"turns":20},{"damage":7,"enemies":"Chosen","floor":18,"turns":7},{"damage":5,"enemies":"Spheric Guardian","floor":20,"turns":5},{"damage":0,"enemies":"Gremlin Leader","floor":24,"turns":6},{"damage":33,"enemies":"3 Cultists","floor":27,"turns":4},{"damage":6,"enemies":"Centurion and Healer","floor":28,"turns":5},{"damage":5,"enemies":"Snake Plant","floor":30,"turns":5},{"damage":7,"enemies":"Automaton","floor":33,"turns":8},{"damage":8,"enemies":"3 Darklings","floor":35,"turns":4},{"damage":20,"enemies":"Mysterious Sphere","floor":40,"turns":5},{"damage":17,"enemies":"3 Shapes","floor":42,"turns":4},{"damage":34,"enemies":"Sphere and 2 Shapes","floor":44,"turns":6},{"damage":5,"enemies":"3 Darklings","floor":45,"turns":3},{"damage":16,"enemies":"4 Shapes","floor":46,"turns":5}],"event_choices":[{"event_name":"Match and Keep!","player_choice":"1 cards matched","floor":2,"damage_taken":0},{"event_name":"Golden Wing","player_choice":"Card Removal","floor":3,"damage_taken":0},{"event_name":"World of Goop","player_choice":"Gather Gold","floor":5,"damage_taken":0},{"event_name":"The Library","player_choice":"Read","floor":22,"damage_taken":0},{"event_name":"Forgotten Altar","player_choice":"Smashed Altar","floor":31,"damage_taken":0},{"event_name":"Mysterious Sphere","player_choice":"Fight","floor":40,"damage_taken":0}],"boss_relics":[{"not_picked":["Pandora\u0027s Box","Question Card"],"picked":"Cursed Key"},{"not_picked":["Calling Bell","White Beast Statue"],"picked":"Astrolabe"}],"potions_floor_spawned":[4,6,8,10,18,20,27,30,35,40],"seed_played":"-6187117448015466193","killed_by":"4 Shapes","ascension_level":0,"is_trial":false}