{"gold_per_floor":[20,39,39,57,68,68,93,93,117,152,168,186,196,226,226,301,301,311,7,19,35,54,54,86,105,105,105,105,120,120,150,150,221,221,233,251,267,282,39,69,69,100,126,26,26,46,78,93,93,93,93,93,93,13,45,45],"floor_reached":57,"playtime":5822,"items_purged":["Strike_B","Strike_B"],"score":2816,"play_id":"408e40b0-7849-4ada-9f44-de5a1bd42f39","local_time":"20190106230249","is_ascension_mode":true,"campfire_choices":[{"data":"Hyperbeam","floor":6.0,"key":"SMITH"},{"data":"Go for the Eyes","floor":8.0,"key":"SMITH"},{"data":"Defragment","floor":15.0,"key":"SMITH"},{"floor":23.0,"key":"REST"},{"data":"Defragment","floor":27.0,"key":"SMITH"},{"data":"Hologram","floor":30.0,"key":"SMITH"},{"data":"Capacitor","floor":32.0,"key":"SMITH"},{"floor":41.0,"key":"RECALL"},{"data":"Biased Cognition","floor":45.0,"key":"SMITH"},{"data":"Chill","floor":49,"key":"SMITH"},{"data":"Capacitor","floor":53,"key":"SMITH"}],"neow_cost":"NO_GOLD","seed_source_timestamp":194229274584609,"circlet_count":0,"master_deck":["AscendersBane","Strike_B","Strike_B","Defend_B","Defend_B","Defend_B","Defend_B","Zap","Dualcast","Reinforced Body","Go for the Eyes+1","Cold Snap","Go for the Eyes","Ball Lightning","Capacitor+1","Hyperbeam+1","Glacier","Conserve Battery","Defragment+1","Stack","Hologram+1","Leap","Echo Form","Static Discharge","Undo+1","Biased Cognition+1","Conserve Battery","Defragment+1","Stack","Compile Driver","Coolheaded","Hologram+1","Coolheaded","Self Repair","Coolheaded","Biased Cognition","Skim+1","Static Discharge+1","Chill+1","Stack","Capacitor+1","Biased Cognition","Consume+1","Reinforced Body+1","Defragment+1","Force Field","Coolheaded"],"special_seed":0,"relics":["Cracked Core","Prayer Wheel","Dream Catcher","Centennial Puzzle","Bag of Preparation","Pen Nib","Cursed Key","OrangePellets","Gremlin Horn","Omamori","Velvet Choker","War Paint","Molten Egg 2","DataDisk","Pantograph","Cables"],"potions_floor_usage":[50,56,56],"damage_taken":[{"damage":1.0,"enemies":"Small Slimes","floor":1.0,"turns":3.0},{"damage":0.0,"enemies":"Cultist","floor":2.0,"turns":4.0},{"damage":0.0,"enemies":"2 Louse","floor":4.0,"turns":2.0},{"damage":12.0,"enemies":"Exordium Thugs","floor":5.0,"turns":3.0},{"damage":10.0,"enemies":"3 Sentries","floor":7.0,"turns":3.0},{"damage":10.0,"enemies":"Gremlin Nob","floor":10.0,"turns":3.0},{"damage":0.0,"enemies":"Large Slime","floor":11.0,"turns":4.0},{"damage":0.0,"enemies":"Exordium Wildlife","floor":12.0,"turns":2.0},{"damage":4.0,"enemies":"Gremlin Gang","floor":13.0,"turns":2.0},{"damage":11.0,"enemies":"3 Sentries","floor":14.0,"turns":8.0},{"damage":19.0,"enemies":"Slime Boss","floor":16.0,"turns":14.0},{"damage":8.0,"enemies":"3 Byrds","floor":18.0,"turns":1.0},{"damage":0.0,"enemies":"Spheric Guardian","floor":20.0,"turns":5.0},{"damage":8.0,"enemies":"Shelled Parasite and Fungi","floor":21.0,"turns":6.0},{"damage":4.0,"enemies":"Centurion and Healer","floor":22.0,"turns":9.0},{"damage":6.0,"enemies":"Book of Stabbing","floor":24.0,"turns":8.0},{"damage":13.0,"enemies":"Snake Plant","floor":25.0,"turns":3.0},{"damage":9.0,"enemies":"3 Cultists","floor":29.0,"turns":5.0},{"damage":17.0,"enemies":"Gremlin Leader","floor":31.0,"turns":6.0},{"damage":10.0,"enemies":"Automaton","floor":33.0,"turns":20.0},{"damage":0.0,"enemies":"Orb Walker","floor":35.0,"turns":5.0},{"damage":6.0,"enemies":"3 Darklings","floor":36.0,"turns":9.0},{"damage":18.0,"enemies":"4 Shapes","floor":37.0,"turns":9.0},{"damage":10.0,"enemies":"Maw","floor":38.0,"turns":9.0},{"damage":0.0,"enemies":"Reptomancer","floor":40.0,"turns":7.0},{"damage":2.0,"enemies":"Giant Head","floor":42.0,"turns":9.0},{"damage":2,"enemies":"Sphere and 2 Shapes","floor":46,"turns":8},{"damage":17,"enemies":"Reptomancer","floor":47,"turns":7},{"damage":0,"enemies":"Jaw Worm Horde","floor":48,"turns":1},{"damage":16,"enemies":"Awakened One","floor":50,"turns":17},{"damage":3,"enemies":"Time Eater","floor":51,"turns":21},{"damage":39,"enemies":"Shield and Spear","floor":55,"turns":14},{"damage":14,"enemies":"The Heart","floor":56,"turns":13}],"seed_played":"684577259289493175","potions_obtained":[{"floor":4.0,"key":"FearPotion"},{"floor":5.0,"key":"SteroidPotion"},{"floor":10.0,"key":"Fire Potion"},{"floor":13.0,"key":"Regen Potion"},{"floor":18.0,"key":"Explosive Potion"},{"floor":37.0,"key":"Strength Potion"},{"floor":47,"key":"EssenceOfSteel"},{"floor":48,"key":"Explosive Potion"}],"is_trial":false,"path_per_floor":["M","M","?","M","M","R","E","R","T","E","M","M","M","E","R","B",null,"M","$","M","M","M","R","E","M","T","R","?","M","R","E","R","B",null,"M","M","M","M","$","E","R","E","T","$","R","M","E","M","R","B","B",null,"R","$","E","B",null],"character_chosen":"DEFECT","items_purchased":["OrangePellets","Defragment","War Paint","FocusPotion"],"campfire_rested":1,"item_purchase_floors":[19,19,39,54],"current_hp_per_floor":[63,63,63,63,51,51,41,41,41,31,31,31,27,31,31,12,56,48,48,48,40,36,57,51,45,45,45,71,62,62,59,59,56,67,71,71,67,64,64,71,71,71,71,71,71,71,61,61,61,62,71,71,71,71,46,64],"gold":45,"neow_bonus":"ONE_RARE_RELIC","is_prod":false,"is_daily":false,"chose_seed":false,"campfire_upgraded":9,"win_rate":0,"timestamp":1546844569,"path_taken":["M","M","?","M","?","R","E","R","T","E","M","M","?","E","R","BOSS","M","$","?","M","M","R","E","M","T","R","?","M","R","E","R","BOSS","M","M","M","?","$","E","R","E","T","$","R","M","E","M","R","BOSS","BOSS","R","$","E","BOSS"],"build_version":"2019-01-03v4","purchased_purges":2,"victory":true,"max_hp_per_floor":[71,71,71,71,71,71,71,71,71,71,71,71,71,71,71,71,71,71,71,71,71,71,71,71,71,71,71,71,71,71,71,71,71,71,71,71,71,71,71,71,71,71,71,71,71,71,71,71,71,71,71,71,71,71,71,71],"card_choices":[{"not_picked":["Coolheaded","Rebound"],"picked":"Reinforced Body","floor":1.0},{"not_picked":["Compile Driver","Barrage"],"picked":"Go for the Eyes","floor":1.0},{"not_picked":["Go for the Eyes","Compile Driver"],"picked":"Cold Snap","floor":2.0},{"not_picked":["Lockon","Sweeping Beam"],"picked":"Go for the Eyes","floor":2.0},{"not_picked":["Skim","Compile Driver"],"picked":"Ball Lightning","floor":4.0},{"not_picked":["Fusion","Redo","Barrage"],"picked":"SKIP","floor":4.0},{"not_picked":["Turbo","Rip and Tear"],"picked":"Capacitor","floor":5.0},{"not_picked":["Sweeping Beam","Ball Lightning"],"picked":"Hyperbeam","floor":5.0},{"not_picked":["Redo","Steam Power"],"picked":"Glacier","floor":7.0},{"not_picked":["Compile Driver","Streamline"],"picked":"Conserve Battery","floor":10.0},{"not_picked":["Self Repair","Recycle"],"picked":"Defragment","floor":11.0},{"not_picked":["Skim","Rebound"],"picked":"Stack","floor":11.0},{"not_picked":["Doom and Gloom","Fission"],"picked":"Hologram","floor":12.0},{"not_picked":["Hologram","Rip and Tear"],"picked":"Leap","floor":12.0},{"not_picked":["Barrage","Conserve Battery"],"picked":"Echo Form","floor":13.0},{"not_picked":["Compile Driver","Sweeping Beam"],"picked":"Static Discharge","floor":13.0},{"not_picked":["All For One","Aggregate"],"picked":"Undo","floor":14.0},{"not_picked":["Hyperbeam","Thunder Strike"],"picked":"Biased Cognition","floor":16.0},{"not_picked":["Reprogram","Steam Power"],"picked":"Conserve Battery","floor":18.0},{"not_picked":["Streamline","Turbo","Sunder"],"picked":"SKIP","floor":18.0},{"not_picked":["Beam Cell","Gash"],"picked":"Stack","floor":20.0},{"not_picked":["Stack","Storm"],"picked":"Compile Driver","floor":20.0},{"not_picked":["Compile Driver","Amplify"],"picked":"Coolheaded","floor":21.0},{"not_picked":["Streamline","Sweeping Beam"],"picked":"Hologram","floor":21.0},{"not_picked":["Gash","Double Energy"],"picked":"Coolheaded","floor":22.0},{"not_picked":["Go for the Eyes","Sunder","Gash"],"picked":"SKIP","floor":22.0},{"not_picked":["Blizzard","Cold Snap"],"picked":"Self Repair","floor":24.0},{"not_picked":["Heatsinks","Beam Cell","Chaos"],"picked":"SKIP","floor":25.0},{"not_picked":["Recycle","Stack","Tempest"],"picked":"SKIP","floor":25.0},{"not_picked":["Gash","Self Repair","Blizzard"],"picked":"SKIP","floor":29.0},{"not_picked":["Cold Snap+1","Recycle","Hyperbeam"],"picked":"SKIP","floor":29.0},{"not_picked":["Conserve Battery","Redo"],"picked":"Coolheaded","floor":31.0},{"not_picked":["Thunder Strike","Meteor Strike"],"picked":"Biased Cognition","floor":33.0},{"not_picked":["Beam Cell","Redo"],"picked":"Skim+1","floor":35.0},{"not_picked":["Gash","Steam","Redo"],"picked":"SKIP","floor":35.0},{"not_picked":["Skim+1","Undo"],"picked":"Static Discharge+1","floor":36.0},{"not_picked":["Rebound","Reprogram","All For One"],"picked":"SKIP","floor":36.0},{"not_picked":["Ball Lightning+1","Beam Cell"],"picked":"Chill","floor":37.0},{"not_picked":["Streamline+1","Sweeping Beam"],"picked":"Stack","floor":37.0},{"not_picked":["Storm","Redo","Go for the Eyes"],"picked":"SKIP","floor":38.0},{"not_picked":["Rebound","Reboot","Cold Snap"],"picked":"SKIP","floor":38.0},{"not_picked":["Static Discharge+1","Conserve Battery+1"],"picked":"Capacitor","floor":40.0},{"not_picked":["Conserve Battery","Electrodynamics"],"picked":"Biased Cognition","floor":42.0},{"not_picked":["Doom and Gloom+1","Beam Cell+1"],"picked":"Consume+1","floor":46},{"not_picked":["Ball Lightning+1","Rebound+1"],"picked":"Reinforced Body+1","floor":46},{"not_picked":["Rip and Tear+1","Blizzard+1"],"picked":"Defragment+1","floor":47},{"not_picked":["Cold Snap+1","Sweeping Beam+1"],"picked":"Force Field","floor":48},{"not_picked":["Hologram","Streamline+1","Steam"],"picked":"SKIP","floor":48},{"not_picked":["Static Discharge","Leap+1"],"picked":"Coolheaded","floor":55}],"player_experience":1197715,"relics_obtained":[{"floor":7.0,"key":"Dream Catcher"},{"floor":9.0,"key":"Centennial Puzzle"},{"floor":10.0,"key":"Bag of Preparation"},{"floor":14.0,"key":"Pen Nib"},{"floor":24.0,"key":"Gremlin Horn"},{"floor":31.0,"key":"Omamori"},{"floor":40.0,"key":"Molten Egg 2"},{"floor":42.0,"key":"DataDisk"},{"floor":47,"key":"Pantograph"},{"floor":55,"key":"Cables"}],"event_choices":[{"damage_healed":0.0,"max_hp_gain":0.0,"max_hp_loss":0.0,"gold_gain":0.0,"event_name":"FaceTrader","player_choice":"Leave","floor":3.0,"gold_loss":0.0,"damage_taken":0.0},{"damage_healed":26.0,"max_hp_gain":0.0,"max_hp_loss":0.0,"gold_gain":0.0,"event_name":"Wheel of Change","player_choice":"Full Heal","floor":28.0,"gold_loss":0.0,"damage_taken":0.0}],"is_beta":true,"boss_relics":[{"not_picked":["Fusion Hammer","Black Star"],"picked":"Cursed Key"},{"not_picked":["Eternal Feather","Nuclear Battery"],"picked":"Velvet Choker"}],"items_purged_floors":[39,44],"is_endless":false,"potions_floor_spawned":[4,5,10,13,18,22,24,25,29,37,47,48,55],"ascension_level":20}