{"gold_per_floor":[365,63,75,75,40,66,66,96,96,113,124,124,124,148,148,148],"floor_reached":16,"playtime":459,"items_purged":[],"score":154,"play_id":"0e367357-2670-4d42-8b5f-6aa8c3284030","local_time":"20190203150738","is_ascension_mode":true,"campfire_choices":[{"floor":7.0,"key":"REST"},{"floor":13.0,"key":"REST"},{"floor":15,"key":"REST"}],"neow_cost":"PERCENT_DAMAGE","seed_source_timestamp":585242156217373,"circlet_count":0,"master_deck":["Defend_G","Defend_G","Defend_G","Defend_G","Defend_G","Strike_G","Strike_G","Strike_G","Strike_G","Strike_G","Survivor","Neutralize","Blade Dance","Flying Knee","Finisher","Wraith Form v2","Accuracy","PiercingWail","Infinite Blades"],"special_seed":0,"relics":["Ring of the Snake","Ice Cream","Ninja Scroll","Bottled Lightning","Oddly Smooth Stone","Letter Opener","Golden Idol"],"potions_floor_usage":[],"damage_taken":[{"damage":1.0,"enemies":"Small Slimes","floor":1.0,"turns":4.0},{"damage":0.0,"enemies":"2 Louse","floor":3.0,"turns":2.0},{"damage":35.0,"enemies":"Lagavulin","floor":6.0,"turns":9.0},{"damage":15.0,"enemies":"Gremlin Nob","floor":8.0,"turns":4.0},{"damage":0.0,"enemies":"Jaw Worm","floor":10.0,"turns":1.0},{"damage":0.0,"enemies":"Gremlin Gang","floor":11.0,"turns":3.0},{"damage":3,"enemies":"3 Louse","floor":14,"turns":4},{"damage":58,"enemies":"Slime Boss","floor":16,"turns":7}],"seed_played":"5328159561508064317","potions_obtained":[{"floor":6.0,"key":"Swift Potion"},{"floor":11.0,"key":"SpeedPotion"}],"is_trial":false,"path_per_floor":["M","$","M","?","?","E","R","E","T","M","M","?","R","M","R","B"],"character_chosen":"THE_SILENT","items_purchased":["Ice Cream"],"campfire_rested":3,"item_purchase_floors":[2],"current_hp_per_floor":[44,44,44,32,49,14,35,20,20,20,20,20,39,36,55,0],"gold":148,"neow_bonus":"TWO_FIFTY_GOLD","is_prod":false,"is_daily":false,"chose_seed":false,"campfire_upgraded":0,"win_rate":0,"timestamp":1549224458,"path_taken":["M","$","M","?","?","E","R","E","T","M","M","?","R","?","R","BOSS"],"build_version":"2019-01-23","purchased_purges":0,"victory":false,"max_hp_per_floor":[70,70,70,70,70,70,70,70,70,70,70,65,65,65,65,65],"card_choices":[{"not_picked":["Backflip","Bane"],"picked":"Blade Dance","floor":1.0},{"not_picked":["PiercingWail","Deflect"],"picked":"Flying Knee","floor":3.0},{"not_picked":["Acrobatics","Bane"],"picked":"Finisher","floor":6.0},{"not_picked":["Concentrate","Dagger Spray"],"picked":"Wraith Form v2","floor":8.0},{"not_picked":["Deflect","Dash"],"picked":"Accuracy","floor":10.0},{"not_picked":["Slice","Accuracy"],"picked":"PiercingWail","floor":11.0},{"not_picked":["Slice","Reflex"],"picked":"Infinite Blades","floor":14}],"player_experience":1370580,"relics_obtained":[{"floor":6.0,"key":"Bottled Lightning"},{"floor":8.0,"key":"Oddly Smooth Stone"},{"floor":9.0,"key":"Letter Opener"}],"event_choices":[{"damage_healed":0.0,"max_hp_gain":0.0,"max_hp_loss":0.0,"gold_gain":0.0,"event_name":"Scrap Ooze","player_choice":"Success","floor":4.0,"gold_loss":0.0,"damage_taken":12.0,"relics_obtained":["Ninja Scroll"]},{"damage_healed":17.0,"max_hp_gain":0.0,"max_hp_loss":0.0,"gold_gain":0.0,"event_name":"The Cleric","player_choice":"Healed","floor":5.0,"gold_loss":35.0,"damage_taken":0.0},{"damage_healed":0.0,"max_hp_gain":0.0,"max_hp_loss":5.0,"gold_gain":0.0,"event_name":"Golden Idol","player_choice":"Lose Max HP","floor":12.0,"gold_loss":0.0,"damage_taken":0.0,"relics_obtained":["Golden Idol"]}],"is_beta":true,"boss_relics":[],"items_purged_floors":[],"is_endless":false,"potions_floor_spawned":[6,11],"killed_by":"Slime Boss","ascension_level":8}