{"gold_per_floor":[109,125,125,141,117,117,145,145,145,159,159,171,186,186,186,287,287,273,289,2,2,2,2,35,35,113,127,127,157,157,157,157,253,253,266,266,566,639,656,656,666,666,666,682,694,694],"floor_reached":46,"playtime":4713,"items_purged":[],"score":733,"play_id":"0db7dd2b-1fe2-4481-a146-0512186453a4","local_time":"20180815203639","is_ascension_mode":true,"campfire_choices":[{"data":"Neutralize","floor":6,"key":"SMITH"},{"data":"Noxious Fumes","floor":8,"key":"SMITH"},{"data":"Sucker Punch","floor":11,"key":"SMITH"},{"floor":15,"key":"REST"},{"data":"Catalyst","floor":23,"key":"SMITH"},{"floor":25,"key":"REST"},{"floor":30,"key":"REST"},{"floor":32,"key":"REST"},{"data":"Catalyst","floor":40,"key":"SMITH"},{"data":"Catalyst","floor":42,"key":"SMITH"}],"neow_cost":"NONE","seed_source_timestamp":430223228944904,"circlet_count":0,"master_deck":["Defend_G+1","Defend_G+1","Defend_G+1","Defend_G+1","Defend_G+1","Strike_G+1","Strike_G+1","Strike_G+1","Strike_G+1","Strike_G+1","Survivor","Neutralize+1","AscendersBane","Dagger Spray","Cloak And Dagger","Noxious Fumes+1","Sucker Punch+1","Cloak And Dagger","Catalyst+1","Catalyst+1","Die Die Die","Crippling Poison","Blade Dance","Neutralize","Acrobatics","Heel Hook","Envenom","Dash","Leg Sweep","Catalyst+1","Deflect","Bullet Time"],"relics":["Ring of the Snake","Bag of Preparation","Mummified Hand","White Beast Statue","StoneCalendar","Thread and Needle","Bottled Tornado","Kunai","Bronze Scales","Sozu","Old Coin","The Courier","Dead Branch"],"potions_floor_usage":[16,19,24,27,29,33,41],"damage_taken":[{"damage":0,"enemies":"2 Louse","floor":1,"turns":4},{"damage":0,"enemies":"Jaw Worm","floor":2,"turns":5},{"damage":0,"enemies":"Cultist","floor":4,"turns":4},{"damage":38,"enemies":"Lagavulin","floor":7,"turns":9},{"damage":0,"enemies":"Blue Slaver","floor":10,"turns":5},{"damage":7,"enemies":"2 Fungi Beasts","floor":12,"turns":4},{"damage":1,"enemies":"Large Slime","floor":13,"turns":7},{"damage":1,"enemies":"Hexaghost","floor":16,"turns":8},{"damage":25,"enemies":"2 Thieves","floor":18,"turns":4},{"damage":0,"enemies":"3 Byrds","floor":19,"turns":4},{"damage":18,"enemies":"Slavers","floor":24,"turns":4},{"damage":9,"enemies":"Snecko","floor":27,"turns":5},{"damage":18,"enemies":"Book of Stabbing","floor":29,"turns":7},{"damage":42,"enemies":"Automaton","floor":33,"turns":8},{"damage":3,"enemies":"Orb Walker","floor":35,"turns":4},{"damage":11,"floor":37,"turns":5},{"damage":0,"enemies":"Flame Bruiser 1 Orb","floor":39,"turns":7},{"damage":0,"enemies":"Sphere and 2 Shapes","floor":41,"turns":5},{"damage":11,"enemies":"Jaw Worm Horde","floor":44,"turns":4},{"damage":6,"enemies":"Flame Bruiser 2 Orb","floor":45,"turns":6},{"damage":34,"enemies":"Giant Head","floor":46,"turns":7}],"seed_played":"4194091927735337566","potions_obtained":[{"floor":2,"key":"GhostInAJar"},{"floor":10,"key":"SkillPotion"},{"floor":16,"key":"Block Potion"},{"floor":18,"key":"GhostInAJar"},{"floor":19,"key":"Dexterity Potion"},{"floor":24,"key":"SkillPotion"},{"floor":27,"key":"FearPotion"},{"floor":29,"key":"LiquidBronze"},{"floor":33,"key":"LiquidBronze"}],"is_trial":false,"path_per_floor":["M","M","$","M","$","R","E","R","T","M","R","M","M","?","R","B",null,"M","M","$","?","?","R","E","R","T","M","?","E","R","T","R","B",null,"M","?","?","T","M","R","M","R","T","M","M"],"character_chosen":"THE_SILENT","items_purchased":["Sucker Punch","StoneCalendar"],"campfire_rested":4,"item_purchase_floors":[5,20],"current_hp_per_floor":[70,70,70,70,70,70,32,32,32,32,32,25,24,24,47,46,69,44,44,44,44,44,44,26,49,49,40,40,22,45,45,68,26,64,61,61,50,50,50,50,50,50,50,39,33,0],"gold":694,"neow_bonus":"TEN_PERCENT_HP_BONUS","is_prod":false,"is_daily":false,"chose_seed":false,"campfire_upgraded":6,"win_rate":0,"timestamp":1534379799,"path_taken":["M","M","$","M","$","R","E","R","T","M","R","M","M","?","R","BOSS","M","M","$","?","?","R","E","R","T","?","?","E","R","?","R","BOSS","M","?","?","?","M","R","?","R","T","M","M","E"],"build_version":"2018-08-14","purchased_purges":0,"victory":false,"max_hp_per_floor":[77,77,77,77,77,77,77,77,77,77,77,77,77,77,77,77,77,77,77,77,77,77,77,77,77,77,77,77,77,77,77,77,77,77,77,77,77,77,77,77,77,77,77,77,77,77],"card_choices":[{"not_picked":["Flying Knee","Quick Slash"],"picked":"Dagger Spray","floor":1},{"not_picked":["Dagger Throw","Reflex"],"picked":"Cloak And Dagger","floor":2},{"not_picked":["Tactician","Deadly Poison"],"picked":"Noxious Fumes","floor":4},{"not_picked":["Bane","Bullet Time"],"picked":"Cloak And Dagger","floor":7},{"not_picked":["Underhanded Strike","Eviscerate","Prepared"],"picked":"SKIP","floor":10},{"not_picked":["Accuracy","Dodge and Roll"],"picked":"Catalyst","floor":12},{"not_picked":["Skewer","Dodge and Roll"],"picked":"Catalyst","floor":13},{"not_picked":["Bullet Time","Grand Finale"],"picked":"Die Die Die","floor":16},{"not_picked":["Accuracy","Infinite Blades"],"picked":"Crippling Poison","floor":18},{"not_picked":["Dagger Throw","Sucker Punch"],"picked":"Blade Dance","floor":19},{"not_picked":["Underhanded Strike","Expertise"],"picked":"Acrobatics","floor":24},{"not_picked":["Prepared","Flying Knee","Skewer"],"picked":"SKIP","floor":27},{"not_picked":["Prepared","Flying Knee"],"picked":"Heel Hook","floor":29},{"not_picked":["A Thousand Cuts","Phantasmal Killer"],"picked":"Envenom","floor":33},{"not_picked":["Concentrate","Underhanded Strike"],"picked":"Dash","floor":35},{"not_picked":["Dagger Throw","Outmaneuver"],"picked":"Leg Sweep","floor":37},{"not_picked":["Crippling Poison+1","Riddle With Holes"],"picked":"Catalyst","floor":39},{"not_picked":["Dash","Dagger Throw"],"picked":"Deflect","floor":41},{"not_picked":["Acrobatics+1","Concentrate+1","Poisoned Stab"],"picked":"SKIP","floor":44},{"not_picked":["Dagger Spray","Flechettes+1"],"picked":"Bullet Time","floor":45}],"player_experience":773293,"relics_obtained":[{"floor":7,"key":"Bag of Preparation"},{"floor":9,"key":"Mummified Hand"},{"floor":24,"key":"Thread and Needle"},{"floor":26,"key":"Bottled Tornado"},{"floor":29,"key":"Kunai"},{"floor":31,"key":"Bronze Scales"},{"floor":37,"key":"Old Coin"},{"floor":38,"key":"The Courier"},{"floor":43,"key":"Dead Branch"}],"event_choices":[{"event_name":"Liars Game","player_choice":"disagreed","floor":14,"damage_taken":0},{"event_name":"Ghosts","player_choice":"Ignored","floor":21,"damage_taken":0},{"event_name":"Match and Keep!","player_choice":"2 cards matched","floor":22,"damage_taken":0},{"event_name":"Back to Basics","player_choice":"Simplicity","floor":28,"damage_taken":0},{"event_name":"Falling","player_choice":"Removed Attack","floor":36,"damage_taken":0},{"event_name":"MindBloom","player_choice":"Fight","floor":37,"damage_taken":0}],"is_beta":true,"boss_relics":[{"not_picked":["Calling Bell","Pandora\u0027s Box"],"picked":"White Beast Statue"},{"not_picked":["Ring of the Serpent","Black Star"],"picked":"Sozu"}],"items_purged_floors":[],"is_endless":false,"potions_floor_spawned":[2,10,13,16,18,19,24,27,29,33,35,37,39,41,44,45],"killed_by":"Giant Head","ascension_level":12}