{"path_per_floor":["M","M","M","M","M","R","E","M","T","R","$","M","M","M","R","B",null,"M","M","$","?","?","R","M","?","T","M","M","$","?","M","R"],"character_chosen":"IRONCLAD","items_purchased":["Pommel Strike","Sword Boomerang"],"gold_per_floor":[114,131,141,152,170,170,204,223,250,250,130,146,156,169,169,265,265,220,220,120,35,35,35,35,35,35,35,35,10,10,10,10],"floor_reached":33,"campfire_rested":3,"playtime":2605,"current_hp_per_floor":[80,80,80,77,66,66,47,43,43,43,43,30,35,45,69,80,80,69,38,38,38,38,62,60,60,60,56,68,68,68,56,82],"items_purged":["Strike_R","Strike_R"],"gold":10,"score":255,"play_id":"c64763c6-d7aa-4fa6-988a-59158b37df1e","is_prod":false,"is_daily":false,"is_ascension_mode":false,"campfire_upgraded":2,"path_taken":["M","M","M","M","?","R","E","M","T","R","$","M","M","M","R","BOSS","M","M","$","?","?","R","M","?","T","M","M","$","?","M","R","BOSS"],"build_version":"2018-02-15-PROD1","purchased_purges":2,"victory":false,"master_deck":["Strike_R+1","Strike_R+1","Strike_R+1","Defend_R+1","Defend_R+1","Defend_R+1","Defend_R+1","Bash","Reaper","Headbutt+1","Warcry","Perfected Strike+1","Rage","Flex","Shockwave","Body Slam","Pommel Strike","Perfected Strike","Spot Weakness","Uppercut","Feed","Iron Wave","Cleave","Cleave","Armaments","Headbutt","Pommel Strike+1"],"max_hp_per_floor":[80,80,80,80,80,80,80,80,80,80,80,80,80,80,80,80,80,80,83,83,83,83,83,83,83,83,86,89,89,89,89,89],"relics":["Burning Blood","Orichalcum","Ectoplasm","Meat on the Bone","Nloth\u0027s Gift","Girya"],"card_choices":[{"not_picked":["Burning Pact","Clothesline"],"picked":"Headbutt"},{"not_picked":["Clash","True Grit"],"picked":"Warcry"},{"not_picked":["Thunderclap","Havoc"],"picked":"Perfected Strike"},{"not_picked":["Wild Strike","Rupture"],"picked":"Rage"},{"not_picked":["Headbutt","Combust"],"picked":"Flex"},{"not_picked":["Disarm","Twin Strike"],"picked":"Shockwave"},{"not_picked":["Corruption","Sentinel"],"picked":"Body Slam"},{"not_picked":["Clothesline","Headbutt"],"picked":"Perfected Strike"},{"not_picked":["Wild Strike","Demon Form"],"picked":"Spot Weakness"},{"not_picked":["Infernal Blade","Body Slam"],"picked":"Uppercut"},{"not_picked":["Berserk","Fiend Fire"],"picked":"Feed"},{"not_picked":["Bloodletting","Warcry"],"picked":"Iron Wave"},{"not_picked":["Thunderclap","Disarm"],"picked":"Cleave"},{"not_picked":["Clothesline","Wild Strike"],"picked":"Cleave"},{"not_picked":["Searing Blow","Sword Boomerang"],"picked":"Armaments"},{"not_picked":["Cleave","Blood for Blood"],"picked":"Pommel Strike"}],"player_experience":89379,"potions_floor_usage":[12,16,18,24,33,33,33],"damage_taken":[{"damage":4,"enemies":"Cultist","floor":1,"turns":4},{"damage":0,"enemies":"Small Slimes","floor":2,"turns":4},{"damage":1,"enemies":"2 Louse","floor":3,"turns":3},{"damage":9,"enemies":"Blue Slaver","floor":4,"turns":3},{"damage":17,"enemies":"Looter","floor":5,"turns":4},{"damage":25,"enemies":"Gremlin Nob","floor":7,"turns":4},{"damage":22,"enemies":"3 Louse","floor":8,"turns":3},{"damage":19,"enemies":"Exordium Thugs","floor":12,"turns":3},{"damage":1,"enemies":"Looter","floor":13,"turns":3},{"damage":0,"enemies":"3 Louse","floor":14,"turns":3},{"damage":6,"enemies":"Slime Boss","floor":16,"turns":6},{"damage":17,"enemies":"2 Thieves","floor":18,"turns":4},{"damage":40,"enemies":"3 Byrds","floor":19,"turns":6},{"damage":8,"enemies":"Snecko","floor":24,"turns":4},{"damage":33,"enemies":"Centurion and Healer","floor":27,"turns":6},{"damage":6,"enemies":"Cultist and Chosen","floor":28,"turns":6},{"damage":24,"enemies":"Snecko","floor":31,"turns":6},{"damage":98,"enemies":"Automaton","floor":33,"turns":10}],"event_choices":[{"event_name":"Addict","player_choice":"Obtained Relic","floor":21,"damage_taken":0},{"event_name":"Back to Basics","player_choice":"Simplicity","floor":22,"damage_taken":0},{"event_name":"N\u0027loth","player_choice":"Traded a Shuriken","floor":25,"damage_taken":0},{"event_name":"Transmorgrifier","player_choice":"Transform","floor":30,"damage_taken":0}],"boss_relics":[{"not_picked":["Runic Dome","Runic Cube"],"picked":"Ectoplasm"}],"potions_floor_spawned":[1,8,13,16,19,28,31],"seed_played":"2451623840618975936","killed_by":"Automaton","ascension_level":0,"is_trial":false}