{"gold_per_floor":[112,129,204,154,170,196,196,227,227,257,102,135,109,126,126,224,274,291,325,344,358,376,376,183,216,239,271,295,306,324,356,356,451,451,464,234,234,249,265,265,285,320,346,376,376,389,416,426,426,426],"floor_reached":51,"playtime":3318,"items_purged":[],"score":1126,"play_id":"e3887bbb-a553-4f56-bd21-eca01c7413b0","local_time":"20180808211158","daily_mods":["Draft","Diverse","Heirloom","Allstar","Elite Swarm"],"is_ascension_mode":true,"campfire_choices":[{"data":"Echo Form","floor":7,"key":"SMITH"},{"data":"Wraith Form v2","floor":15,"key":"SMITH"},{"data":"Armaments","floor":23,"key":"SMITH"},{"data":"Offering","floor":32,"key":"SMITH"},{"data":"Barricade","floor":40,"key":"SMITH"},{"data":"Buffer","floor":45,"key":"SMITH"},{"data":"Shame","floor":49,"key":"PURGE"}],"neow_cost":"","seed_source_timestamp":0,"circlet_count":0,"master_deck":["Demon Form","Wraith Form v2+1","Echo Form+1","Battle Trance","Clothesline","Headbutt","Headbutt","Iron Wave","Disarm+1","Cold Snap","Ghostly Armor+1","Finisher","Twin Strike","Anger","Setup","Inflame","PiercingWail","Backflip","Seeing Red","Blade Dance","Malaise","Immolate","Offering+1","Riddle With Holes","Battle Trance+1","Creative AI","Sunder","Reinforced Body+1","Armaments+1","Distraction","Die Die Die","Corruption","Turbo","Barricade+1","Offering","Self Repair","Feed","Envenom","Backflip","Caltrops","Wraith Form v2+1","Buffer+1","Buffer","Buffer","Reboot","White Noise+1"],"relics":["Burning Blood","Thread and Needle","Mummified Hand","Mercury Hourglass","Strawberry","Blood Vial","Vajra","MawBank","Tiny House","Red Mask","Lantern","Peace Pipe","Dream Catcher","Bag of Preparation","Red Skull","War Paint","Cursed Key","Bronze Scales","Orichalcum","Bag of Marbles","Gambling Chip","Ginger"],"potions_floor_usage":[8,14,19,25,31,31,44,50,50,50],"damage_taken":[{"damage":0,"enemies":"2 Louse","floor":1,"turns":3},{"damage":0,"enemies":"Small Slimes","floor":2,"turns":3},{"damage":0,"enemies":"Cultist","floor":5,"turns":3},{"damage":7,"enemies":"Gremlin Nob","floor":6,"turns":5},{"damage":1,"enemies":"3 Sentries","floor":8,"turns":4},{"damage":0,"enemies":"Gremlin Nob","floor":10,"turns":5},{"damage":6,"enemies":"Lagavulin","floor":12,"turns":5},{"damage":0,"enemies":"Looter","floor":14,"turns":2},{"damage":12,"enemies":"Slime Boss","floor":16,"turns":5},{"damage":6,"enemies":"Shell Parasite","floor":18,"turns":5},{"damage":16,"floor":19,"turns":5},{"damage":9,"enemies":"2 Thieves","floor":20,"turns":3},{"damage":6,"enemies":"Snecko","floor":21,"turns":4},{"damage":1,"enemies":"Chosen and Byrds","floor":22,"turns":4},{"damage":21,"enemies":"Slavers","floor":25,"turns":5},{"damage":0,"enemies":"Gremlin Leader","floor":27,"turns":5},{"damage":6,"enemies":"Centurion and Healer","floor":29,"turns":5},{"damage":6,"enemies":"Snake Plant","floor":30,"turns":5},{"damage":15,"enemies":"Book of Stabbing","floor":31,"turns":4},{"damage":14,"enemies":"Champ","floor":33,"turns":8},{"damage":0,"enemies":"Orb Walker","floor":35,"turns":2},{"damage":1,"enemies":"3 Shapes","floor":38,"turns":1},{"damage":6,"enemies":"Spire Growth","floor":39,"turns":4},{"damage":18,"enemies":"Snecko and Mystics","floor":41,"turns":4},{"damage":1,"enemies":"Nemesis","floor":42,"turns":5},{"damage":18,"enemies":"Giant Head","floor":44,"turns":10},{"damage":17,"enemies":"Transient","floor":46,"turns":5},{"damage":0,"enemies":"2 Orb Walkers","floor":47,"turns":4},{"damage":0,"enemies":"Flame Bruiser 2 Orb","floor":48,"turns":4},{"damage":38,"enemies":"Awakened One","floor":50,"turns":16}],"seed_played":"-2453771742433808008","potions_obtained":[{"floor":1,"key":"SkillPotion"},{"floor":2,"key":"AttackPotion"},{"floor":6,"key":"Dexterity Potion"},{"floor":12,"key":"BloodPotion"},{"floor":14,"key":"FearPotion"},{"floor":16,"key":"EssenceOfSteel"},{"floor":18,"key":"SteroidPotion"},{"floor":19,"key":"SteroidPotion"},{"floor":20,"key":"Block Potion"},{"floor":22,"key":"AttackPotion"},{"floor":25,"key":"Block Potion"},{"floor":30,"key":"Strength Potion"},{"floor":33,"key":"BloodPotion"},{"floor":41,"key":"Strength Potion"},{"floor":46,"key":"Fire Potion"}],"is_trial":true,"path_per_floor":["M","M","?","?","M","E","R","E","T","E","$","E","$","M","R","B",null,"M","?","M","M","M","R","$","E","T","E","T","M","M","E","R","B",null,"M","$","?","M","M","R","M","E","T","E","R","M","E","M","R","B"],"character_chosen":"IRONCLAD","items_purchased":["Vajra","Riddle With Holes","Lantern","Turbo","Bronze Scales","Caltrops"],"campfire_rested":0,"item_purchase_floors":[11,13,24,24,36,36],"current_hp_per_floor":[80,80,80,80,80,79,79,80,87,87,87,87,87,87,87,81,92,92,82,81,83,90,90,90,77,77,85,85,87,92,90,90,84,92,92,92,92,92,92,92,87,95,95,90,90,88,95,95,95,88],"gold":426,"neow_bonus":"","is_prod":false,"is_daily":false,"chose_seed":false,"campfire_upgraded":6,"win_rate":0,"timestamp":1533777118,"path_taken":["M","M","?","?","M","E","R","E","T","E","$","E","$","?","R","BOSS","M","?","M","M","M","R","$","E","T","E","?","M","?","E","R","BOSS","M","$","?","M","M","R","M","E","T","E","R","M","E","M","R","BOSS"],"build_version":"2018-08-07v3","purchased_purges":0,"victory":true,"max_hp_per_floor":[80,80,80,80,80,80,80,80,87,87,87,87,87,87,87,87,92,92,92,92,92,92,92,92,92,92,92,92,92,92,92,92,92,92,92,92,92,92,92,92,92,95,95,95,95,95,95,95,95,95],"card_choices":[{"not_picked":["Tactician","Entrench"],"picked":"Battle Trance","floor":0},{"not_picked":["Barrage","Carnage"],"picked":"Anger","floor":0},{"not_picked":["Reflex","Blade Dance"],"picked":"Clothesline","floor":0},{"not_picked":["Deadly Poison","Concentrate"],"picked":"Headbutt","floor":0},{"not_picked":["Streamline","Havoc"],"picked":"Headbutt","floor":0},{"not_picked":["Finisher","Bane"],"picked":"Iron Wave","floor":0},{"not_picked":["Outmaneuver","Compile Driver"],"picked":"Disarm","floor":0},{"not_picked":["Seeing Red","Havoc"],"picked":"Cold Snap","floor":0},{"not_picked":["Iron Wave","Skim"],"picked":"Ghostly Armor","floor":0},{"not_picked":["Redo","Eviscerate"],"picked":"Finisher","floor":0},{"not_picked":["Wild Strike","Spot Weakness"],"picked":"Twin Strike","floor":0},{"not_picked":["Perfected Strike","Tempest"],"picked":"Anger","floor":0},{"not_picked":["Streamline","Rupture"],"picked":"Setup","floor":0},{"not_picked":["Sever Soul","Chaos"],"picked":"Inflame","floor":0},{"not_picked":["Metallicize","Stack"],"picked":"PiercingWail","floor":0},{"not_picked":["Entrench","Warcry"],"picked":"Backflip","floor":1},{"not_picked":["Body Slam","Heel Hook"],"picked":"Seeing Red","floor":2},{"not_picked":["Masterful Stab","Dagger Throw"],"picked":"Blade Dance","floor":5},{"not_picked":["Bullet Time","Impervious"],"picked":"Malaise","floor":6},{"not_picked":["Tools of the Trade","Multi-Cast"],"picked":"Immolate","floor":8},{"not_picked":["Machine Learning","Double Tap"],"picked":"Offering","floor":10},{"not_picked":["Malaise","Double Tap","Reboot"],"picked":"SKIP","floor":12},{"not_picked":["Concentrate","Carnage"],"picked":"Battle Trance","floor":14},{"not_picked":["Meteor Strike","Envenom"],"picked":"Creative AI","floor":16},{"not_picked":["Steam","Escape Plan"],"picked":"Sunder","floor":17},{"not_picked":["Capacitor","Lockon"],"picked":"Reinforced Body+1","floor":18},{"not_picked":["Dagger Throw","Fire Breathing"],"picked":"Armaments","floor":19},{"not_picked":["Second Wind+1","Deadly Poison+1"],"picked":"Distraction","floor":20},{"not_picked":["Perfected Strike","Heavy Blade"],"picked":"Die Die Die","floor":21},{"not_picked":["Gash","Streamline"],"picked":"Corruption","floor":22},{"not_picked":["Fission","Fiend Fire"],"picked":"Barricade","floor":25},{"not_picked":["Malaise","Reboot"],"picked":"Offering","floor":27},{"not_picked":["Bane","Blade Dance"],"picked":"Self Repair","floor":29},{"not_picked":["All Out Attack+1","Slice","Perfected Strike"],"picked":"SKIP","floor":30},{"not_picked":["Core Surge","Rainbow"],"picked":"Feed","floor":31},{"not_picked":["Berserk","Amplify"],"picked":"Envenom","floor":33},{"not_picked":["Cold Snap","Beam Cell"],"picked":"Backflip","floor":35},{"not_picked":["Streamline+1","Darkness+1","Pommel Strike"],"picked":"SKIP","floor":38},{"not_picked":["Heel Hook+1","Quick Slash","Bouncing Flask"],"picked":"SKIP","floor":39},{"not_picked":["Bloodletting","Skim"],"picked":"Buffer","floor":41},{"not_picked":["Double Tap","Unload"],"picked":"Buffer","floor":42},{"not_picked":["Envenom","A Thousand Cuts"],"picked":"Buffer","floor":44},{"not_picked":["Iron Wave","Hologram","Streamline+1"],"picked":"SKIP","floor":46},{"not_picked":["Fiend Fire","Fission"],"picked":"Reboot","floor":47},{"not_picked":["Dagger Throw+1","Loop"],"picked":"White Noise+1","floor":48}],"player_experience":750506,"relics_obtained":[{"floor":6,"key":"Mummified Hand"},{"floor":8,"key":"Mercury Hourglass"},{"floor":9,"key":"Strawberry"},{"floor":10,"key":"Blood Vial"},{"floor":12,"key":"MawBank"},{"floor":19,"key":"Red Mask"},{"floor":25,"key":"Peace Pipe"},{"floor":26,"key":"Dream Catcher"},{"floor":27,"key":"Bag of Preparation"},{"floor":28,"key":"Red Skull"},{"floor":31,"key":"War Paint"},{"floor":42,"key":"Orichalcum"},{"floor":43,"key":"Bag of Marbles"},{"floor":44,"key":"Gambling Chip"},{"floor":47,"key":"Ginger"}],"event_choices":[{"event_name":"Golden Wing","player_choice":"Gained Gold","floor":3,"damage_taken":0},{"event_name":"The Cleric","player_choice":"Card Removal","floor":4,"damage_taken":0},{"event_name":"Masked Bandits","player_choice":"Fought Bandits","floor":19,"damage_taken":0},{"event_name":"Duplicator","player_choice":"One dupe","floor":37,"damage_taken":0}],"is_beta":true,"boss_relics":[{"not_picked":["Empty Cage","Black Star"],"picked":"Tiny House"},{"not_picked":["Black Blood","Lizard Tail"],"picked":"Cursed Key"}],"items_purged_floors":[],"is_endless":false,"potions_floor_spawned":[1,2,6,12,14,16,18,19,20,22,25,30,33,41,42,46,47],"ascension_level":1}