{"gold_per_floor":[15,30,53,70,90,155,155,172,219,251,251,270,270,290,290,366,366,381,361,372,385,246,246,281,281,332,344,383,445,37,52,52,52],"floor_reached":33,"playtime":1104,"items_purged":["Strike_R","Regret"],"score":520,"play_id":"1d1cca59-4d34-4325-a43b-bd52c6294433","local_time":"20190206225123","is_ascension_mode":true,"campfire_choices":[{"floor":7.0,"key":"REST"},{"floor":13.0,"key":"REST"},{"data":"Whirlwind","floor":15.0,"key":"SMITH"},{"floor":23.0,"key":"REST"},{"floor":25.0,"key":"REST"},{"data":"Metallicize","floor":27.0,"key":"SMITH"},{"floor":32,"key":"REST"}],"neow_cost":"NO_GOLD","seed_source_timestamp":0,"circlet_count":0,"master_deck":["AscendersBane","Strike_R","Strike_R","Strike_R","Strike_R","Defend_R","Defend_R","Defend_R","Defend_R","Bash","Combust","Metallicize+1","Pommel Strike","Juggernaut","Whirlwind+1","Intimidate","Clothesline","Double Tap","Bloodletting","Shrug It Off+1","Demon Form","Metallicize","Seeing Red"],"special_seed":0,"relics":["Burning Blood","Bag of Preparation","Tiny Chest","Ancient Tea Set","The Courier","Potion Belt","Cursed Key","Bronze Scales","MawBank","Bottled Tornado","Membership Card","PreservedInsect","Art of War"],"potions_floor_usage":[31,31,33],"damage_taken":[{"damage":1.0,"enemies":"Cultist","floor":1.0,"turns":4.0},{"damage":14.0,"enemies":"2 Louse","floor":2.0,"turns":2.0},{"damage":9.0,"enemies":"Jaw Worm","floor":4.0,"turns":3.0},{"damage":25.0,"enemies":"Exordium Wildlife","floor":5.0,"turns":5.0},{"damage":8.0,"enemies":"Gremlin Nob","floor":6.0,"turns":3.0},{"damage":3.0,"enemies":"Red Slaver","floor":8.0,"turns":5.0},{"damage":28.0,"enemies":"3 Sentries","floor":10.0,"turns":4.0},{"damage":10.0,"enemies":"Large Slime","floor":12.0,"turns":8.0},{"damage":0.0,"enemies":"Lots of Slimes","floor":14.0,"turns":1.0},{"damage":34.0,"enemies":"Slime Boss","floor":16.0,"turns":8.0},{"damage":19.0,"enemies":"Spheric Guardian","floor":18.0,"turns":4.0},{"damage":19.0,"enemies":"2 Thieves","floor":20.0,"turns":3.0},{"damage":29.0,"enemies":"Chosen and Byrds","floor":21.0,"turns":5.0},{"damage":21.0,"enemies":"Book of Stabbing","floor":24.0,"turns":6.0},{"damage":39.0,"enemies":"Slavers","floor":28.0,"turns":5.0},{"damage":9,"enemies":"Centurion and Healer","floor":31,"turns":5},{"damage":68,"enemies":"Automaton","floor":33,"turns":6}],"seed_played":"-3330975318226035213","potions_obtained":[{"floor":2.0,"key":"Energy Potion"},{"floor":5.0,"key":"SteroidPotion"},{"floor":6.0,"key":"Weak Potion"},{"floor":14.0,"key":"AttackPotion"},{"floor":16.0,"key":"AttackPotion"},{"floor":19.0,"key":"BloodPotion"},{"floor":21.0,"key":"FearPotion"},{"floor":28.0,"key":"GamblersBrew"}],"is_trial":false,"path_per_floor":["M","M","T","M","M","E","R","M","T","E","?","M","R","M","R","B",null,"M","?","M","M","$","R","E","R","T","R","E","?","$","M","R","B"],"character_chosen":"IRONCLAD","items_purchased":["Weak Potion","Explosive Potion","Membership Card","PreservedInsect","Demon Form","Metallicize","Art of War"],"campfire_rested":5,"item_purchase_floors":[22,22,30,30,30,30,30],"current_hp_per_floor":[87,79,79,76,57,55,81,84,84,62,36,32,58,64,64,36,76,63,63,50,35,35,61,46,72,72,72,39,31,31,28,54,0],"gold":52,"neow_bonus":"TWENTY_PERCENT_HP_BONUS","is_prod":false,"is_daily":false,"chose_seed":false,"campfire_upgraded":2,"win_rate":0,"timestamp":1549511483,"path_taken":["M","M","?","M","M","E","R","M","T","E","?","M","R","?","R","BOSS","M","?","?","M","$","R","E","R","T","R","E","?","$","M","R","BOSS"],"build_version":"2019-01-23","purchased_purges":2,"victory":false,"max_hp_per_floor":[89,89,89,89,89,89,89,89,89,89,89,89,89,89,89,89,89,89,89,89,89,89,89,89,89,89,89,89,89,89,89,89,89],"card_choices":[{"not_picked":["Headbutt","Wild Strike","Searing Blow"],"picked":"SKIP","floor":1.0},{"not_picked":["Flex","Bloodletting"],"picked":"Combust","floor":2.0},{"not_picked":["Body Slam","Pommel Strike"],"picked":"Metallicize","floor":4.0},{"not_picked":["Clash","Body Slam"],"picked":"Pommel Strike","floor":5.0},{"not_picked":["Clash","Headbutt"],"picked":"Juggernaut","floor":6.0},{"not_picked":["Infernal Blade","Clash"],"picked":"Whirlwind","floor":8.0},{"not_picked":["Anger","Pommel Strike"],"picked":"Intimidate","floor":10.0},{"not_picked":["Thunderclap","Clash","Flex"],"picked":"SKIP","floor":12.0},{"not_picked":["Pommel Strike","Infernal Blade"],"picked":"Clothesline","floor":14.0},{"not_picked":["Berserk","Fiend Fire"],"picked":"Double Tap","floor":16.0},{"not_picked":["Carnage","Ghostly Armor+1"],"picked":"Bloodletting","floor":18.0},{"not_picked":["Clothesline","Uppercut","Fire Breathing"],"picked":"SKIP","floor":20.0},{"not_picked":["True Grit","Dropkick"],"picked":"Shrug It Off+1","floor":21.0},{"not_picked":["Armaments","Warcry","Flex+1"],"picked":"SKIP","floor":24.0},{"not_picked":["Burning Pact","Shrug It Off","Clothesline"],"picked":"SKIP","floor":28.0},{"not_picked":["Carnage","Sentinel+1"],"picked":"Seeing Red","floor":31}],"player_experience":244891,"relics_obtained":[{"floor":3.0,"key":"Bag of Preparation"},{"floor":6.0,"key":"Tiny Chest"},{"floor":9.0,"key":"Ancient Tea Set"},{"floor":10.0,"key":"The Courier"},{"floor":24.0,"key":"Bronze Scales"},{"floor":26.0,"key":"MawBank"},{"floor":28.0,"key":"Bottled Tornado"}],"event_choices":[{"damage_healed":0.0,"max_hp_gain":0.0,"max_hp_loss":0.0,"gold_gain":0.0,"event_name":"Scrap Ooze","player_choice":"Success","floor":11.0,"gold_loss":0.0,"damage_taken":26.0,"relics_obtained":["Potion Belt"]},{"damage_healed":0.0,"max_hp_gain":0.0,"max_hp_loss":0.0,"gold_gain":0.0,"event_name":"The Woman in Blue","player_choice":"Bought 1 Potion","floor":19.0,"gold_loss":0.0,"damage_taken":0.0},{"damage_healed":0,"gold_gain":50,"player_choice":"Touch","damage_taken":8,"max_hp_gain":0,"max_hp_loss":0,"event_name":"FaceTrader","floor":29,"gold_loss":0}],"is_beta":false,"boss_relics":[{"not_picked":["Black Blood","Coffee Dripper"],"picked":"Cursed Key"}],"items_purged_floors":[22,30],"is_endless":false,"potions_floor_spawned":[2,5,6,14,16,21,28],"killed_by":"Automaton","ascension_level":15}