{"path_per_floor":["M","M","M","?","M","E","M","E","T","$","M","R","?","E","R"],"character_chosen":"THE_SILENT","items_purchased":[],"gold_per_floor":[19,30,50,50,68,100,112,141,215,140,160,160,160,191,191],"floor_reached":16,"campfire_rested":2,"playtime":669,"current_hp_per_floor":[84,76,76,76,76,48,48,36,36,36,24,49,77,49,76],"items_purged":["Strike_G"],"gold":191,"score":147,"play_id":"8a8a621f-6bb6-4dd1-8c2f-1b9ec0b4e2f3","local_time":"20180316220559","is_prod":false,"is_daily":false,"is_ascension_mode":false,"campfire_upgraded":0,"timestamp":1521252359,"path_taken":["M","M","M","?","M","E","M","E","T","$","?","R","?","E","R","BOSS"],"build_version":"2018-03-15v2","purchased_purges":1,"victory":false,"master_deck":["Defend_G","Defend_G","Defend_G","Defend_G","Defend_G","Strike_G","Strike_G","Strike_G","Strike_G","Survivor","Neutralize","Riddle With Holes","PiercingWail","Dagger Spray","After Image","All Out Attack","Backstab","Acrobatics","Venomology"],"max_hp_per_floor":[84,84,84,84,84,84,84,84,84,84,84,84,84,91,91],"relics":["Ring of the Snake","Anchor","Bag of Marbles","Frozen Egg 2","Strawberry"],"card_choices":[{"not_picked":["Outmaneuver","Dagger Throw"],"picked":"Riddle With Holes"},{"not_picked":["Deadly Poison","Poisoned Stab"],"picked":"PiercingWail"},{"not_picked":["Skewer","Backflip"],"picked":"Dagger Spray"},{"not_picked":["Riddle With Holes","Cloak And Dagger"],"picked":"After Image"},{"not_picked":["Bane","Sucker Punch"],"picked":"All Out Attack"},{"not_picked":["Deflect","Poisoned Stab"],"picked":"Backstab"},{"not_picked":["Dodge and Roll","Dagger Throw"],"picked":"Acrobatics"},{"not_picked":["PiercingWail","Prepared"],"picked":"Venomology"}],"player_experience":586682,"potions_floor_usage":[6,8,8,16,16],"damage_taken":[{"damage":0,"enemies":"Cultist","floor":1,"turns":4},{"damage":8,"enemies":"Jaw Worm","floor":2,"turns":4},{"damage":0,"enemies":"Small Slimes","floor":3,"turns":4},{"damage":0,"enemies":"Red Slaver","floor":5,"turns":5},{"damage":28,"enemies":"Lagavulin","floor":6,"turns":10},{"damage":0,"enemies":"3 Louse","floor":7,"turns":2},{"damage":12,"enemies":"Gremlin Nob","floor":8,"turns":4},{"damage":12,"enemies":"Large Slime","floor":11,"turns":5},{"damage":35,"enemies":"Lagavulin","floor":14,"turns":8},{"damage":81,"enemies":"Hexaghost","floor":16,"turns":14}],"event_choices":[{"event_name":"Liars Game","player_choice":"disagreed","floor":4,"damage_taken":0},{"event_name":"Big Fish","player_choice":"Banana","floor":13,"damage_taken":0}],"boss_relics":[],"potions_floor_spawned":[2,6,7,14],"seed_played":"3832312280341637490","killed_by":"Hexaghost","ascension_level":0,"is_trial":false}