{"gold_per_floor":[114,134,148,148,99,99,131,19,42,42,42,73,32,47,47,147,147,130,143,166,176,176],"floor_reached":22,"playtime":815,"items_purged":["Strike_B"],"score":213,"play_id":"306bd83f-ef5e-4685-b3c8-648925b6614d","local_time":"20180712220030","is_ascension_mode":true,"campfire_choices":[{"data":"Beam Cell","floor":6,"key":"SMITH"},{"floor":11,"key":"REST"},{"floor":15,"key":"REST"}],"neow_cost":"NONE","seed_source_timestamp":2422938609995838,"circlet_count":0,"master_deck":["Strike_B","Strike_B","Strike_B","Defend_B","Defend_B","Defend_B","Defend_B","Zap","Dualcast","Rip and Tear+1","Genetic Algorithm","Beam Cell+1","Go for the Eyes","Creative AI","BootSequence","Turbo","Storm","Force Field","Buffer","Conserve Battery+1","Sunder"],"relics":["Cracked Core","Bag of Marbles","DataDisk","Ancient Tea Set","Black Star","Dream Catcher"],"potions_floor_usage":[7,16,22],"damage_taken":[{"damage":7,"enemies":"Jaw Worm","floor":1,"turns":3},{"damage":0,"enemies":"Cultist","floor":2,"turns":2},{"damage":8,"enemies":"2 Louse","floor":3,"turns":3},{"damage":29,"enemies":"Gremlin Nob","floor":7,"turns":3},{"damage":10,"enemies":"Lagavulin","floor":12,"turns":6},{"damage":4,"enemies":"Red Slaver","floor":14,"turns":3},{"damage":32,"enemies":"Slime Boss","floor":16,"turns":8},{"damage":11,"enemies":"2 Thieves","floor":18,"turns":4},{"damage":9,"enemies":"Shell Parasite","floor":19,"turns":6},{"damage":31,"enemies":"Snake Plant","floor":21,"turns":6},{"damage":51,"enemies":"Slaver and Parasite","floor":22,"turns":3}],"seed_played":"465820074699585090","potions_obtained":[{"floor":21,"key":"SteroidPotion"}],"is_trial":false,"path_per_floor":["M","M","M","?","$","R","E","$","T","?","R","E","$","M","R","B",null,"M","M","T","M"],"character_chosen":"DEFECT","items_purchased":["Go for the Eyes","BootSequence","Storm"],"campfire_rested":2,"item_purchase_floors":[5,8,13],"current_hp_per_floor":[68,68,60,60,60,60,31,31,31,31,53,43,43,39,61,29,75,64,55,55,24,0],"gold":176,"neow_bonus":"THREE_SMALL_POTIONS","is_prod":false,"is_daily":false,"chose_seed":false,"campfire_upgraded":1,"win_rate":0,"timestamp":1531447230,"path_taken":["M","M","M","?","$","R","E","$","T","?","R","E","$","M","R","BOSS","M","M","?","M","M"],"build_version":"2018-07-12","purchased_purges":1,"victory":false,"max_hp_per_floor":[75,75,75,75,75,75,75,75,75,75,75,75,75,75,75,75,75,75,75,75,75,75],"card_choices":[{"not_picked":["Compile Driver","Redo"],"picked":"Rip and Tear","floor":1},{"not_picked":["Force Field","Turbo"],"picked":"Genetic Algorithm","floor":2},{"not_picked":["Darkness","Hologram"],"picked":"Beam Cell","floor":3},{"not_picked":["BootSequence","Rip and Tear"],"picked":"Creative AI","floor":7},{"not_picked":["Stack","Compile Driver"],"picked":"Turbo","floor":12},{"not_picked":["Hologram","Cold Snap"],"picked":"Force Field","floor":14},{"not_picked":["Fission","Machine Learning"],"picked":"Buffer","floor":16},{"not_picked":["Turbo","Stack","Beam Cell+1"],"picked":"SKIP","floor":18},{"not_picked":["Compile Driver","Leap"],"picked":"Conserve Battery+1","floor":19},{"not_picked":["Steam Power","Turbo"],"picked":"Sunder","floor":21}],"player_experience":547841,"relics_obtained":[{"floor":7,"key":"Bag of Marbles"},{"floor":9,"key":"DataDisk"},{"floor":12,"key":"Ancient Tea Set"},{"floor":20,"key":"Dream Catcher"}],"event_choices":[{"event_name":"Upgrade Shrine","player_choice":"Upgraded","floor":4,"damage_taken":0},{"event_name":"Liars Game","player_choice":"disagreed","floor":10,"damage_taken":0}],"boss_relics":[{"not_picked":["Philosopher\u0027s Stone","Ectoplasm"],"picked":"Black Star"}],"items_purged_floors":[8],"is_endless":false,"potions_floor_spawned":[2,3,21],"killed_by":"Slaver and Parasite","ascension_level":2}