{"gold_per_floor":[112,127,202,215,225,225,252,252,252,264,291,268,280,322,334,443,455,487,499,34,34,34,67,21,21,72,72,92,17,17,36,36,36],"floor_reached":33,"playtime":4371,"items_purged":[],"score":405,"play_id":"db8fb3de-2e83-415b-a9a3-55b729d0d555","local_time":"20181227175752","is_ascension_mode":true,"campfire_choices":[{"data":"Sunder","floor":6,"key":"SMITH"},{"floor":10,"key":"REST"},{"floor":15,"key":"REST"},{"floor":25,"key":"REST"},{"floor":30,"key":"REST"},{"floor":32,"key":"REST"}],"neow_cost":"NONE","seed_source_timestamp":1054891700092898,"circlet_count":0,"master_deck":["AscendersBane","Strike_B+1","Defend_B","Defend_B","Defend_B","Defend_B","Zap","Dualcast","Sunder+1","Rip and Tear+1","Sweeping Beam+1","Static Discharge","Rebound+1","Hologram","Echo Form","Steam","All For One","Beam Cell+1","Turbo","Rainbow","Go for the Eyes","Ball Lightning","RitualDagger","BootSequence","Conserve Battery+1"],"relics":["Cracked Core","Vajra","Juzu Bracelet","MawBank","Sozu","Nunchaku","Mummified Hand","Whetstone"],"potions_floor_usage":[7,16,33],"damage_taken":[{"damage":2,"enemies":"Small Slimes","floor":1,"turns":3},{"damage":4,"enemies":"Jaw Worm","floor":2,"turns":4},{"damage":6,"enemies":"Cultist","floor":4,"turns":3},{"damage":13,"enemies":"Exordium Wildlife","floor":5,"turns":4},{"damage":13,"enemies":"3 Sentries","floor":7,"turns":4},{"damage":25,"enemies":"Large Slime","floor":11,"turns":5},{"damage":28,"enemies":"Hexaghost","floor":16,"turns":8},{"damage":32,"enemies":"Shell Parasite","floor":18,"turns":4},{"damage":46,"enemies":"Slavers","floor":23,"turns":6},{"damage":20,"enemies":"2 Thieves","floor":28,"turns":3},{"damage":20,"enemies":"3 Cultists","floor":31,"turns":5},{"damage":42,"enemies":"Collector","floor":33,"turns":5}],"seed_played":"567066967469904275","potions_obtained":[{"floor":1,"key":"Strength Potion"},{"floor":2,"key":"EssenceOfSteel"},{"floor":7,"key":"Ancient Potion"},{"floor":16,"key":"SkillPotion"}],"is_trial":false,"path_per_floor":["M","M","?","M","M","R","E","?","T","R","M","?","?","?","R","B",null,"M","?","$","?","?","E","$","R","T","?","M","?","R","M","R","B"],"character_chosen":"DEFECT","items_purchased":["All For One","Beam Cell","Turbo","Nunchaku","Ball Lightning"],"campfire_rested":5,"item_purchase_floors":[20,20,20,20,24],"current_hp_per_floor":[66,62,51,45,32,32,19,19,19,41,16,34,19,19,41,13,60,28,53,53,53,53,7,7,29,29,23,3,3,25,5,27,0],"gold":36,"neow_bonus":"RANDOM_COMMON_RELIC","is_prod":false,"is_daily":false,"chose_seed":false,"campfire_upgraded":1,"win_rate":0,"timestamp":1545951472,"path_taken":["M","M","?","M","M","R","E","?","T","R","M","?","?","?","R","BOSS","M","?","$","?","?","E","?","R","T","?","M","?","R","M","R","BOSS"],"build_version":"2018-12-25","purchased_purges":0,"victory":false,"max_hp_per_floor":[75,75,75,75,75,75,75,75,75,75,75,75,75,75,75,75,75,75,75,75,75,75,75,75,75,75,75,75,75,75,75,75,75],"card_choices":[{"not_picked":["Force Field","Gash"],"picked":"Sunder","floor":1},{"not_picked":["Leap","Gash"],"picked":"Rip and Tear","floor":2},{"not_picked":["Leap","Coolheaded"],"picked":"Sweeping Beam","floor":4},{"not_picked":["Thunder Strike","Skim"],"picked":"Static Discharge","floor":5},{"not_picked":["Streamline","Aggregate"],"picked":"Rebound","floor":7},{"not_picked":["Rip and Tear","Stack"],"picked":"Hologram","floor":11},{"not_picked":["Fission","Hyperbeam"],"picked":"Echo Form","floor":16},{"not_picked":["Darkness","Turbo"],"picked":"Steam","floor":18},{"not_picked":["Beam Cell","Streamline+1"],"picked":"Go for the Eyes","floor":23},{"not_picked":["Melter+1","Darkness"],"picked":"BootSequence","floor":28},{"not_picked":["Lockon","Blizzard"],"picked":"Conserve Battery+1","floor":31}],"player_experience":1023154,"relics_obtained":[{"floor":7,"key":"Juzu Bracelet"},{"floor":9,"key":"MawBank"},{"floor":23,"key":"Mummified Hand"},{"floor":26,"key":"Whetstone"}],"event_choices":[{"damage_healed":0,"gold_gain":75,"player_choice":"Gather Gold","damage_taken":11,"max_hp_gain":0,"max_hp_loss":0,"event_name":"World of Goop","floor":3,"gold_loss":0},{"damage_healed":0,"gold_gain":0,"player_choice":"Upgraded","damage_taken":0,"max_hp_gain":0,"max_hp_loss":0,"event_name":"Upgrade Shrine","floor":8,"gold_loss":0,"cards_upgraded":["Rip and Tear"]},{"damage_healed":18,"gold_gain":0,"player_choice":"Healed","damage_taken":0,"max_hp_gain":0,"max_hp_loss":0,"event_name":"The Cleric","floor":12,"gold_loss":35},{"damage_healed":0,"gold_gain":0,"player_choice":"Entered Light","damage_taken":15,"max_hp_gain":0,"max_hp_loss":0,"event_name":"Shining Light","floor":13,"gold_loss":0,"cards_upgraded":["Strike_B","Sweeping Beam"]},{"damage_healed":0,"gold_gain":30,"player_choice":"Searched \u00271\u0027 times","damage_taken":0,"max_hp_gain":0,"max_hp_loss":0,"event_name":"Dead Adventurer","floor":14,"gold_loss":0},{"damage_healed":25,"gold_gain":0,"player_choice":"Heal","damage_taken":0,"max_hp_gain":0,"max_hp_loss":0,"event_name":"The Library","floor":19,"gold_loss":0},{"cards_removed":["Strike_B"],"damage_healed":0,"gold_gain":0,"player_choice":"Offered Basic","damage_taken":0,"max_hp_gain":0,"max_hp_loss":0,"event_name":"Bonfire Elementals","floor":21,"gold_loss":0},{"damage_healed":0,"gold_gain":0,"cards_transformed":["Strike_B"],"player_choice":"Transformed","damage_taken":0,"max_hp_gain":0,"max_hp_loss":0,"event_name":"Transmorgrifier","floor":22,"gold_loss":0,"cards_obtained":["Rainbow"]},{"damage_healed":0,"gold_gain":0,"player_choice":"Joined the Cult","damage_taken":6,"max_hp_gain":0,"max_hp_loss":0,"event_name":"Nest","floor":27,"gold_loss":0,"cards_obtained":["RitualDagger"]},{"cards_removed":["Strike_B"],"damage_healed":0,"gold_gain":0,"player_choice":"Gave Gold","damage_taken":0,"max_hp_gain":0,"max_hp_loss":0,"event_name":"Beggar","floor":29,"gold_loss":75}],"is_beta":true,"boss_relics":[{"not_picked":["Empty Cage","Astrolabe"],"picked":"Sozu"}],"items_purged_floors":[],"is_endless":false,"potions_floor_spawned":[1,2,7,16,18,31],"killed_by":"Collector","ascension_level":11}