{"gold_per_floor":[114,114,42,42,59,59,88,88,141,169,182,182,196,222,222,319,319,330,341,341,190,205,205,225,225,252,270,288,314,324,337,337,337],"floor_reached":33,"playtime":1251,"items_purged":["Strike_R"],"score":456,"play_id":"97bb9f5c-8d50-45d2-85c8-654e23c0701e","local_time":"20180831235522","is_ascension_mode":true,"campfire_choices":[{"data":"Searing Blow+2","floor":6,"key":"SMITH"},{"data":"Searing Blow+4","floor":12,"key":"SMITH"},{"data":"Searing Blow+5","floor":15,"key":"SMITH"},{"data":"Searing Blow+6","floor":23,"key":"SMITH"},{"data":"Searing Blow+7","floor":25,"key":"SMITH"},{"floor":32,"key":"REST"}],"neow_cost":"","seed_source_timestamp":1167036383019531,"circlet_count":0,"master_deck":["Strike_R","Strike_R","Strike_R","Strike_R+1","Defend_R+1","Defend_R+1","Defend_R","Defend_R","Bash","AscendersBane","Searing Blow+8","Armaments","Clothesline","True Grit","Clash","Limit Break","Wild Strike","Flame Barrier","Feed","Whirlwind","Seeing Red+1","Shrug It Off","Sever Soul","Feel No Pain+1"],"relics":["Burning Blood","Whetstone","Art of War","War Paint","Happy Flower","Mark of Pain","MutagenicStrength","Pen Nib","Peace Pipe"],"potions_floor_usage":[29,33,33,33,33],"damage_taken":[{"damage":1,"enemies":"Cultist","floor":1,"turns":3},{"damage":7,"enemies":"Jaw Worm","floor":5,"turns":5},{"damage":21,"enemies":"3 Sentries","floor":7,"turns":9},{"damage":26,"enemies":"Lagavulin","floor":10,"turns":6},{"damage":4,"enemies":"Small Slimes","floor":11,"turns":3},{"damage":1,"enemies":"Looter","floor":13,"turns":2},{"damage":25,"enemies":"Hexaghost","floor":16,"turns":10},{"damage":0,"enemies":"Chosen","floor":18,"turns":4},{"damage":1,"enemies":"Spheric Guardian","floor":19,"turns":3},{"damage":18,"enemies":"Centurion and Healer","floor":22,"turns":8},{"damage":0,"enemies":"Snake Plant","floor":24,"turns":2},{"damage":6,"enemies":"Shelled Parasite and Fungi","floor":27,"turns":3},{"damage":22,"enemies":"Snecko","floor":28,"turns":4},{"damage":14,"enemies":"Slavers","floor":29,"turns":6},{"damage":15,"enemies":"Centurion and Healer","floor":30,"turns":15},{"damage":27,"enemies":"Snake Plant","floor":31,"turns":4},{"damage":74,"enemies":"Automaton","floor":33,"turns":6}],"seed_played":"5622364708794352624","potions_obtained":[{"floor":1,"key":"BloodPotion"},{"floor":7,"key":"Energy Potion"},{"floor":11,"key":"Explosive Potion"},{"floor":19,"key":"EntropicBrew"},{"floor":30,"key":"Block Potion"}],"is_trial":false,"path_per_floor":["M","?","$","?","M","R","E","?","T","E","M","R","M","T","R","B",null,"M","M","?","$","M","R","M","R","T","M","M","E","M","M","R"],"character_chosen":"IRONCLAD","items_purchased":["Armaments","Clothesline","Whirlwind"],"campfire_rested":1,"item_purchase_floors":[3,3,21],"current_hp_per_floor":[77,77,77,77,76,76,61,61,61,41,43,43,48,48,48,29,67,76,81,81,81,69,69,75,75,75,79,63,58,49,28,55,0],"gold":337,"neow_bonus":"","is_prod":false,"is_daily":false,"chose_seed":false,"campfire_upgraded":5,"win_rate":0,"timestamp":1535774122,"path_taken":["M","?","$","?","M","R","E","?","T","E","M","R","M","?","R","BOSS","M","?","?","$","M","R","M","R","T","?","?","E","M","M","R","BOSS"],"build_version":"2018-08-30","purchased_purges":1,"victory":false,"max_hp_per_floor":[80,80,80,80,80,80,80,80,80,80,80,80,80,80,80,80,80,83,83,83,83,83,83,83,83,83,87,87,90,90,90,90,90],"card_choices":[{"not_picked":["Burning Pact","Infernal Blade"],"picked":"Searing Blow","floor":1},{"not_picked":["Rampage","Iron Wave"],"picked":"True Grit","floor":5},{"not_picked":["Thunderclap","Rupture"],"picked":"Clash","floor":7},{"not_picked":["Sword Boomerang","Heavy Blade"],"picked":"Limit Break","floor":10},{"not_picked":["Thunderclap","Pommel Strike"],"picked":"Wild Strike","floor":11},{"not_picked":["Entrench","Thunderclap"],"picked":"Flame Barrier","floor":13},{"not_picked":["Exhume","Berserk"],"picked":"Feed","floor":16},{"not_picked":["Perfected Strike+1","Heavy Blade","Wild Strike+1"],"picked":"SKIP","floor":18},{"not_picked":["Hemokinesis","Rupture","Pommel Strike+1"],"picked":"SKIP","floor":19},{"not_picked":["Rampage","Hemokinesis","Infernal Blade"],"picked":"SKIP","floor":22},{"not_picked":["Anger","Clash+1","Iron Wave"],"picked":"SKIP","floor":24},{"not_picked":["Sentinel+1","Armaments"],"picked":"Seeing Red+1","floor":27},{"not_picked":["True Grit+1","Dropkick+1","Havoc"],"picked":"SKIP","floor":28},{"not_picked":["Iron Wave","Rampage"],"picked":"Shrug It Off","floor":29},{"not_picked":["True Grit","Bloodletting"],"picked":"Sever Soul","floor":30},{"not_picked":["Twin Strike","Havoc"],"picked":"Feel No Pain+1","floor":31}],"player_experience":832349,"relics_obtained":[{"floor":7,"key":"Whetstone"},{"floor":9,"key":"Art of War"},{"floor":10,"key":"War Paint"},{"floor":14,"key":"Happy Flower"},{"floor":26,"key":"Pen Nib"},{"floor":29,"key":"Peace Pipe"}],"event_choices":[{"event_name":"Living Wall","player_choice":"Grow","floor":2,"damage_taken":0},{"event_name":"Upgrade Shrine","player_choice":"Upgraded","floor":4,"damage_taken":0},{"event_name":"Liars Game","player_choice":"disagreed","floor":8,"damage_taken":0},{"event_name":"Drug Dealer","player_choice":"Inject Mutagens","floor":20,"damage_taken":0}],"is_beta":true,"boss_relics":[{"not_picked":["Pandora\u0027s Box","Black Star"],"picked":"Mark of Pain"}],"items_purged_floors":[21],"is_endless":false,"potions_floor_spawned":[1,7,11,16,18,19,27,28,30],"killed_by":"Automaton","ascension_level":10}