{"gold_per_floor":[112,112,112,4,4,4,14,14,14,14,25,37,65,79,79,179,179,194,71,87,107,132,132,162,162,162,181,208,208,227,258,270,387,399,423,446,470,482,494],"floor_reached":39,"playtime":2491,"items_purged":["Parasite"],"score":485,"play_id":"c0a523c5-c29f-4544-80b6-5bcf826543e1","local_time":"20190115194152","is_ascension_mode":true,"campfire_choices":[{"data":"Zap","floor":6,"key":"SMITH"},{"data":"Loop","floor":8,"key":"SMITH"},{"data":"Dualcast","floor":10,"key":"SMITH"},{"data":"Strike_B","floor":15,"key":"PURGE"},{"floor":23,"key":"REST"},{"data":"Strike_B","floor":25,"key":"PURGE"},{"floor":29,"key":"REST"},{"data":"Capacitor","floor":32,"key":"SMITH"}],"neow_cost":"CURSE","seed_source_timestamp":519941174330781,"circlet_count":0,"master_deck":["Defend_B","Defend_B","Defend_B","Defend_B","Zap+1","Dualcast+1","Compile Driver","Self Repair","Loop+1","Genetic Algorithm","Conserve Battery","Electrodynamics","Conserve Battery","Thunder Strike","Compile Driver+1","Glacier","Hologram","Capacitor+1","Capacitor","Barrage","Redo","Double Energy","Consume","Aggregate+1","Recycle+1","Creative AI","Sunder+1","Barrage+1","Skim+1"],"relics":["Cracked Core","Bird Faced Urn","Incense Burner","Ice Cream","Peace Pipe","Empty Cage","Dream Catcher","Pocketwatch","Blue Candle","Omamori","MawBank","Inserter"],"potions_floor_usage":[24,31,33,35,39],"damage_taken":[{"damage":0,"enemies":"Cultist","floor":1,"turns":3},{"damage":4,"enemies":"Small Slimes","floor":7,"turns":4},{"damage":5,"enemies":"2 Louse","floor":11,"turns":2},{"damage":10,"enemies":"Red Slaver","floor":12,"turns":4},{"damage":16,"enemies":"Lagavulin","floor":13,"turns":6},{"damage":10,"enemies":"Gremlin Gang","floor":14,"turns":3},{"damage":35,"enemies":"The Guardian","floor":16,"turns":11},{"damage":19,"enemies":"Chosen","floor":18,"turns":5},{"damage":0,"enemies":"Spheric Guardian","floor":20,"turns":7},{"damage":40,"enemies":"3 Cultists","floor":21,"turns":6},{"damage":9,"enemies":"Book of Stabbing","floor":24,"turns":7},{"damage":1,"enemies":"Shelled Parasite and Fungi","floor":27,"turns":7},{"damage":46,"enemies":"Slavers","floor":28,"turns":5},{"damage":6,"enemies":"Centurion and Healer","floor":30,"turns":5},{"damage":11,"enemies":"Book of Stabbing","floor":31,"turns":7},{"damage":1,"enemies":"Champ","floor":33,"turns":11},{"damage":35,"enemies":"3 Shapes","floor":35,"turns":4},{"damage":35,"enemies":"3 Darklings","floor":36,"turns":7},{"damage":30,"enemies":"Maw","floor":37,"turns":7},{"damage":44,"enemies":"Writhing Mass","floor":39,"turns":5}],"seed_played":"3059332197449868650","potions_obtained":[{"floor":1,"key":"EssenceOfSteel"},{"floor":7,"key":"Dexterity Potion"},{"floor":13,"key":"Ancient Potion"},{"floor":14,"key":"FocusPotion"},{"floor":27,"key":"Dexterity Potion"},{"floor":33,"key":"PowerPotion"},{"floor":36,"key":"FearPotion"},{"floor":37,"key":"Explosive Potion"}],"is_trial":false,"path_per_floor":["M","T","?","$","?","R","M","R","T","R","M","M","E","M","R","B",null,"M","$","M","M","T","R","E","R","T","M","E","R","M","E","R","B",null,"M","M","M","?","M"],"character_chosen":"DEFECT","items_purchased":["Self Repair","Glacier","Hologram"],"campfire_rested":2,"item_purchase_floors":[4,19,19],"current_hp_per_floor":[75,75,80,77,77,77,73,73,73,73,77,76,68,71,71,49,77,65,65,76,39,39,62,59,59,59,73,33,56,65,71,71,77,77,55,37,24,24,0],"gold":494,"neow_bonus":"ONE_RARE_RELIC","is_prod":false,"is_daily":false,"chose_seed":false,"campfire_upgraded":4,"win_rate":0,"timestamp":1547599312,"path_taken":["M","?","?","$","?","R","M","R","T","R","M","M","E","M","R","BOSS","M","$","M","M","?","R","E","R","T","M","E","R","?","E","R","BOSS","M","M","M","?","M"],"build_version":"2019-01-14v2","purchased_purges":1,"victory":false,"max_hp_per_floor":[75,75,80,77,77,77,77,77,77,77,77,77,77,77,77,77,77,77,77,77,77,77,77,77,77,77,77,77,77,77,77,77,77,77,77,77,77,77,77],"card_choices":[{"not_picked":["Hologram","Gash"],"picked":"Compile Driver","floor":1},{"not_picked":["Steam","Aggregate"],"picked":"Loop","floor":7},{"not_picked":["Double Energy","Go for the Eyes"],"picked":"Genetic Algorithm","floor":11},{"not_picked":["Coolheaded","Go for the Eyes"],"picked":"Conserve Battery","floor":12},{"not_picked":["Stack","Sweeping Beam"],"picked":"Electrodynamics","floor":13},{"not_picked":["Rip and Tear","Scrape"],"picked":"Conserve Battery","floor":14},{"not_picked":["Meteor Strike","All For One"],"picked":"Thunder Strike","floor":16},{"not_picked":["Blizzard","Doom and Gloom"],"picked":"Compile Driver+1","floor":18},{"not_picked":["Leap","Conserve Battery"],"picked":"Capacitor","floor":20},{"not_picked":["Rebound","Gash"],"picked":"Capacitor","floor":21},{"not_picked":["Chaos","Heatsinks"],"picked":"Barrage","floor":23},{"not_picked":["Streamline","Stack","Barrage"],"picked":"SKIP","floor":24},{"not_picked":["Sweeping Beam","Streamline+1"],"picked":"Redo","floor":27},{"not_picked":["Skim+1","Electrodynamics"],"picked":"Double Energy","floor":28},{"not_picked":["Conserve Battery+1","Stack"],"picked":"Consume","floor":29},{"not_picked":["Barrage","Go for the Eyes"],"picked":"Aggregate+1","floor":30},{"not_picked":["Fusion","Beam Cell"],"picked":"Recycle+1","floor":31},{"not_picked":["Reboot","Seek"],"picked":"Creative AI","floor":33},{"not_picked":["Coolheaded","Conserve Battery+1"],"picked":"Sunder+1","floor":35},{"not_picked":["Genetic Algorithm","Scrape"],"picked":"Barrage+1","floor":36},{"not_picked":["Beam Cell","Barrage"],"picked":"Skim+1","floor":37}],"player_experience":1263436,"relics_obtained":[{"floor":2,"key":"Incense Burner"},{"floor":9,"key":"Ice Cream"},{"floor":13,"key":"Peace Pipe"},{"floor":22,"key":"Dream Catcher"},{"floor":24,"key":"Pocketwatch"},{"floor":26,"key":"Blue Candle"},{"floor":28,"key":"Omamori"},{"floor":31,"key":"MawBank"}],"event_choices":[{"damage_healed":0,"gold_gain":0,"player_choice":"Donut","damage_taken":0,"max_hp_gain":5,"max_hp_loss":0,"event_name":"Big Fish","floor":3,"gold_loss":0},{"damage_healed":0,"gold_gain":0,"player_choice":"Ignored","damage_taken":0,"max_hp_gain":0,"max_hp_loss":0,"event_name":"NoteForYourself","floor":5,"gold_loss":0},{"damage_healed":0,"gold_gain":0,"player_choice":"Bought 0 Potions","damage_taken":0,"max_hp_gain":0,"max_hp_loss":0,"event_name":"The Woman in Blue","floor":38,"gold_loss":0}],"is_beta":true,"boss_relics":[{"not_picked":["Philosopher\u0027s Stone","Calling Bell"],"picked":"Empty Cage"},{"not_picked":["Runic Pyramid","Orrery"],"picked":"Inserter"}],"items_purged_floors":[4],"is_endless":false,"potions_floor_spawned":[1,7,13,14,16,21,27,30,33,36,37],"killed_by":"Writhing Mass","ascension_level":2}