{"gold_per_floor":[364,364,375,28,41,41,76,1,24,37,37],"floor_reached":11,"playtime":435,"items_purged":["Normality"],"score":146,"play_id":"52517334-bfb2-4477-bef4-7806d78dd108","local_time":"20181221191958","is_ascension_mode":true,"campfire_choices":[{"data":"Noxious Fumes","floor":6.0,"key":"SMITH"}],"neow_cost":"CURSE","seed_source_timestamp":78083148259021,"circlet_count":0,"master_deck":["AscendersBane","Defend_G","Defend_G","Defend_G","Defend_G","Defend_G","Strike_G","Strike_G","Strike_G","Strike_G","Strike_G","Survivor","Neutralize+1","Flying Knee","Footwork","Noxious Fumes+1","Flying Knee","Skewer","Dodge and Roll"],"special_seed":0,"relics":["Ring of the Snake","Mercury Hourglass","Potion Belt","Regal Pillow"],"potions_floor_usage":[],"damage_taken":[{"damage":7.0,"enemies":"2 Louse","floor":1.0,"turns":3.0},{"damage":3.0,"enemies":"Cultist","floor":3.0,"turns":4.0},{"damage":4.0,"enemies":"Small Slimes","floor":5.0,"turns":4.0},{"damage":16.0,"enemies":"3 Sentries","floor":7.0,"turns":6.0},{"damage":3.0,"enemies":"Looter","floor":10.0,"turns":3.0},{"damage":29,"enemies":"Gremlin Nob","floor":11,"turns":3}],"seed_played":"-1807970691607001050","potions_obtained":[{"floor":1.0,"key":"Explosive Potion"},{"floor":5.0,"key":"GamblersBrew"}],"is_trial":false,"path_per_floor":["M","?","M","$","M","R","E","$","T","M","E"],"character_chosen":"THE_SILENT","items_purchased":["Mercury Hourglass","Noxious Fumes"],"campfire_rested":0,"item_purchase_floors":[4,4],"current_hp_per_floor":[52,52,49,49,45,45,29,29,29,26,0],"gold":37,"neow_bonus":"TWO_FIFTY_GOLD","is_prod":false,"is_daily":false,"chose_seed":false,"campfire_upgraded":1,"win_rate":0,"timestamp":1545448798,"path_taken":["M","?","M","$","M","R","E","?","T","M","E"],"build_version":"2018-12-20","purchased_purges":1,"victory":false,"max_hp_per_floor":[66,66,66,66,66,66,66,66,66,66,66],"card_choices":[{"not_picked":["Slice","All Out Attack"],"picked":"Flying Knee","floor":1.0},{"not_picked":["Riddle With Holes","PiercingWail"],"picked":"Footwork","floor":3.0},{"not_picked":["Prepared","Sucker Punch","Flying Knee"],"picked":"SKIP","floor":5.0},{"not_picked":["Prepared","Sucker Punch"],"picked":"Flying Knee","floor":5.0},{"not_picked":["Sucker Punch","Outmaneuver"],"picked":"Skewer","floor":7.0},{"not_picked":["Infinite Blades","Sucker Punch"],"picked":"Dodge and Roll","floor":10.0}],"player_experience":1159467,"relics_obtained":[{"floor":7.0,"key":"Potion Belt"},{"floor":9.0,"key":"Regal Pillow"}],"event_choices":[{"damage_healed":0.0,"max_hp_gain":0.0,"max_hp_loss":0.0,"gold_gain":0.0,"event_name":"Upgrade Shrine","player_choice":"Upgraded","floor":2.0,"gold_loss":0.0,"damage_taken":0.0,"cards_upgraded":["Neutralize"]}],"is_beta":true,"boss_relics":[],"items_purged_floors":[8],"is_endless":false,"potions_floor_spawned":[1,5],"killed_by":"Gremlin Nob","ascension_level":20}