{"path_per_floor":["M","$","M","M","M","R","E","?","T","$","M","?","$","M","R","B",null,"M","$","M","M","M"],"character_chosen":"IRONCLAD","items_purchased":["Pommel Strike"],"gold_per_floor":[112,37,55,67,87,87,117,117,117,17,29,29,29,48,48,144,144,160,110,125,145,164],"floor_reached":23,"campfire_rested":1,"playtime":1848,"current_hp_per_floor":[76,76,76,80,73,73,64,64,64,64,70,45,45,47,71,28,80,80,80,63,50,59],"items_purged":["Pain","Defend_R"],"gold":164,"score":195,"play_id":"a11a51f4-8894-4d8d-bc0d-d5db7b1371a8","is_prod":false,"is_daily":false,"is_ascension_mode":false,"campfire_upgraded":1,"path_taken":["M","$","M","M","M","R","E","?","T","$","M","?","?","M","R","BOSS","M","$","M","M","M","E"],"build_version":"2018-02-15-PROD1","purchased_purges":3,"victory":false,"master_deck":["Strike_R","Strike_R","Strike_R","Strike_R","Strike_R","Defend_R","Defend_R","Defend_R","Bash","Perfected Strike+1","Spot Weakness","Armaments","Pommel Strike","Double Tap+1","Shrug It Off","Whirlwind","Fiend Fire","Heavy Blade+1","Pommel Strike","Power Through+1","Shrug It Off","Infernal Blade+1"],"max_hp_per_floor":[80,80,80,80,80,80,80,80,80,80,80,80,80,80,80,80,80,80,80,80,80,80],"relics":["Black Blood","Ice Cream","Toolbox","Bottled Lightning","Blood Vial"],"card_choices":[{"not_picked":["Cleave","Iron Wave"],"picked":"Perfected Strike"},{"not_picked":["Clothesline","Uppercut"],"picked":"Spot Weakness"},{"not_picked":["Rampage","Havoc"],"picked":"Armaments"},{"not_picked":["Armaments","Dropkick"],"picked":"Pommel Strike"},{"not_picked":["Wild Strike","Anger"],"picked":"Double Tap"},{"not_picked":["Anger","Sever Soul"],"picked":"Shrug It Off"},{"not_picked":["Intimidate","Second Wind"],"picked":"Whirlwind"},{"not_picked":["Juggernaut","Bludgeon"],"picked":"Fiend Fire"},{"not_picked":["Combust","Perfected Strike"],"picked":"Heavy Blade"},{"not_picked":["Dual Wield","Shrug It Off"],"picked":"Power Through"},{"not_picked":["Sword Boomerang","True Grit"],"picked":"Shrug It Off"},{"not_picked":["Dropkick","Whirlwind"],"picked":"Infernal Blade"}],"player_experience":118570,"potions_floor_usage":[16,16,21,21],"damage_taken":[{"damage":10,"enemies":"Small Slimes","floor":1,"turns":3},{"damage":6,"enemies":"2 Louse","floor":3,"turns":2},{"damage":1,"enemies":"Cultist","floor":4,"turns":4},{"damage":13,"enemies":"Large Slime","floor":5,"turns":7},{"damage":15,"enemies":"Gremlin Nob","floor":7,"turns":4},{"damage":0,"enemies":"Blue Slaver","floor":11,"turns":1},{"damage":10,"enemies":"Exordium Wildlife","floor":14,"turns":3},{"damage":51,"enemies":"Hexaghost","floor":16,"turns":9},{"damage":3,"enemies":"3 Byrds","floor":18,"turns":4},{"damage":27,"enemies":"Shell Parasite","floor":20,"turns":5},{"damage":25,"enemies":"3 Cultists","floor":21,"turns":7},{"damage":3,"enemies":"Snecko","floor":22,"turns":3},{"damage":63,"enemies":"Gremlin Leader","floor":23,"turns":7}],"event_choices":[{"event_name":"Living Wall","player_choice":"Grow","floor":8,"damage_taken":0},{"event_name":"Scrap Ooze","player_choice":"success","floor":12,"damage_taken":25}],"boss_relics":[{"not_picked":["Runic Pyramid","Question Card"],"picked":"Black Blood"}],"potions_floor_spawned":[5,11,14,16,20,21],"seed_played":"1316398807695939192","killed_by":"Gremlin Leader","ascension_level":0,"is_trial":false}