{"path_per_floor":["M","M","M","?","$","R","?","M","T","M","E","M","?","M","R","B",null,"M","?","M","M","M","R","M","?","T","R","E","T","M","M","R","B",null,"M","M","T","$","M","?","R","$","T","E","R","?","M","M","R","B"],"character_chosen":"THE_SILENT","items_purchased":["Footwork","Skewer","Escape Plan","Mercury Hourglass","Noxious Fumes","Backflip"],"gold_per_floor":[117,133,147,322,62,62,126,144,144,155,184,200,223,242,242,343,343,343,343,343,343,343,343,343,343,343,343,343,343,343,343,343,343,343,343,343,343,61,61,61,61,15,15,15,15,0,0,0,0,0],"floor_reached":51,"campfire_rested":1,"playtime":3451,"current_hp_per_floor":[70,70,68,68,68,68,46,46,46,46,46,45,45,45,66,53,70,70,70,70,70,70,70,70,70,70,70,84,84,84,84,84,84,84,84,84,84,84,84,84,84,84,84,84,84,84,84,84,84,84],"items_purged":["Doubt"],"gold":0,"score":854,"play_id":"1290a8ce-6575-4744-bdab-b48a392dba24","local_time":"20180331120656","is_prod":false,"is_daily":false,"is_ascension_mode":false,"campfire_upgraded":2,"timestamp":1522512416,"path_taken":["M","M","M","?","$","R","?","M","T","M","E","M","?","M","R","BOSS","M","?","M","?","M","R","M","?","T","R","E","?","M","M","R","BOSS","M","?","?","$","M","?","R","?","T","E","R","?","?","M","R","BOSS"],"build_version":"2018-03-29","purchased_purges":1,"victory":true,"master_deck":["Defend_G+1","Defend_G+1","Defend_G+1","Defend_G+1","Defend_G+1","Strike_G+1","Strike_G+1","Strike_G+1","Strike_G+1","Strike_G+1","Survivor","Neutralize+1","Wraith Form+1","Escape Plan","Finisher","Footwork+1","Footwork","Skewer","Escape Plan","Backflip+1","Prepared+1","Dagger Throw+1","Adrenaline+1","Cloak And Dagger+1","Backstab+1","Deflect+1","Doppelganger+1","Backflip+1","Acrobatics+1","PiercingWail+1","Escape Plan+1","Malaise+1","Infinite Blades","Flying Knee+1","Adrenaline+1","Deflect+1","Cloak And Dagger+1","Noxious Fumes","Malaise+1","Backflip+1","Backflip+1","Flechettes","Blur+1","Skewer+1"],"max_hp_per_floor":[70,70,70,70,70,70,70,70,70,70,70,70,70,70,70,70,70,70,70,70,70,70,70,70,70,70,70,84,84,84,84,84,84,84,84,84,84,84,84,84,84,84,84,84,84,84,84,84,84,84],"relics":["Ring of the Snake","Toxic Egg 2","Thread and Needle","Oddly Smooth Stone","Odd Mushroom","Ectoplasm","Shovel","Ornamental Fan","Mango","Happy Flower","Omamori","Sozu","Whetstone","Mercury Hourglass","Torii","Snake Skull","Dodecahedron","Prayer Wheel","Ancient Tea Set","Red Mask","Juzu Bracelet"],"card_choices":[{"not_picked":["PiercingWail","Expertise"],"picked":"Escape Plan","floor":1},{"not_picked":["Terror","Storm of Steel"],"picked":"Finisher","floor":2},{"not_picked":["Predator","Poisoned Stab"],"picked":"Footwork","floor":3},{"not_picked":["Flying Knee","Sucker Punch"],"picked":"Backflip","floor":7},{"not_picked":["Flechettes","Bane"],"picked":"Prepared","floor":8},{"not_picked":["Bane","Leg Sweep"],"picked":"Dagger Throw","floor":10},{"not_picked":["Storm of Steel","Flying Knee"],"picked":"Adrenaline","floor":11},{"not_picked":["Dodge and Roll","Sucker Punch"],"picked":"Cloak And Dagger","floor":12},{"not_picked":["Acrobatics","Slice"],"picked":"Backstab","floor":13},{"not_picked":["Flying Knee","Well Laid Plans"],"picked":"Deflect","floor":14},{"not_picked":["Corpse Explosion","Tactician"],"picked":"Doppelganger","floor":16},{"not_picked":["Dagger Throw","Dash"],"picked":"Backflip","floor":18},{"not_picked":["Deadly Poison","Outmaneuver"],"picked":"Acrobatics","floor":20},{"not_picked":["Expertise","Backflip"],"picked":"PiercingWail","floor":21},{"not_picked":["PiercingWail","Riddle With Holes"],"picked":"Escape Plan","floor":22},{"not_picked":["Prepared","PiercingWail"],"picked":"Malaise","floor":24},{"not_picked":["Flying Knee","Blade Dance"],"picked":"Infinite Blades","floor":28},{"not_picked":["Poisoned Stab","Crippling Poison"],"picked":"Flying Knee","floor":30},{"not_picked":["Venomology","Corpse Explosion"],"picked":"Adrenaline","floor":33},{"not_picked":["Poisoned Stab","Predator"],"picked":"Deflect","floor":35},{"not_picked":["Deflect","Well Laid Plans"],"picked":"Cloak And Dagger","floor":36},{"not_picked":["Accuracy","Predator"],"picked":"Malaise","floor":39},{"not_picked":["Prepared","Bouncing Flask"],"picked":"Backflip","floor":40},{"not_picked":["Riddle With Holes","Bane"],"picked":"Flechettes","floor":44},{"not_picked":["Expertise","Flying Knee"],"picked":"Blur","floor":47},{"not_picked":["Bane","Die Die Die"],"picked":"Skewer","floor":48}],"player_experience":27641,"potions_floor_usage":[7,10,22,40,48,50],"damage_taken":[{"damage":0,"enemies":"Jaw Worm","floor":1,"turns":5},{"damage":0,"enemies":"2 Louse","floor":2,"turns":3},{"damage":2,"enemies":"Small Slimes","floor":3,"turns":8},{"damage":22,"enemies":"3 Sentries","floor":7,"turns":8},{"damage":0,"enemies":"Blue Slaver","floor":8,"turns":6},{"damage":0,"enemies":"3 Louse","floor":10,"turns":4},{"damage":0,"enemies":"Lagavulin","floor":11,"turns":9},{"damage":1,"enemies":"Exordium Wildlife","floor":12,"turns":3},{"damage":0,"enemies":"The Mushroom Lair","floor":13,"turns":6},{"damage":0,"enemies":"Lots of Slimes","floor":14,"turns":4},{"damage":13,"enemies":"The Guardian","floor":16,"turns":11},{"damage":0,"enemies":"Spheric Guardian","floor":18,"turns":2},{"damage":0,"enemies":"Shell Parasite","floor":20,"turns":4},{"damage":0,"enemies":"Centurion and Healer","floor":21,"turns":6},{"damage":0,"enemies":"Snecko","floor":22,"turns":4},{"damage":0,"enemies":"Snake Plant","floor":24,"turns":5},{"damage":0,"enemies":"Gremlin Leader","floor":28,"turns":8},{"damage":0,"enemies":"Sentry and Sphere","floor":30,"turns":4},{"damage":0,"enemies":"Snecko","floor":31,"turns":5},{"damage":0,"enemies":"Collector","floor":33,"turns":11},{"damage":0,"enemies":"3 Shapes","floor":35,"turns":3},{"damage":0,"enemies":"Flame Bruiser 1 Orb","floor":36,"turns":5},{"damage":0,"enemies":"Sphere and 2 Shapes","floor":39,"turns":5},{"damage":0,"enemies":"Mysterious Sphere","floor":40,"turns":5},{"damage":0,"enemies":"Giant Head","floor":44,"turns":7},{"damage":0,"enemies":"Flame Bruiser 2 Orb","floor":47,"turns":4},{"damage":0,"enemies":"Spire Growth","floor":48,"turns":4},{"damage":6,"enemies":"Awakened One","floor":50,"turns":15}],"event_choices":[{"event_name":"Liars Game","player_choice":"agreed","floor":4,"damage_taken":0},{"event_name":"Dead Adventurer","player_choice":"Searched \u00271\u0027 times","floor":7,"damage_taken":0},{"event_name":"Mushrooms","player_choice":"Fought Mushrooms","floor":13,"damage_taken":0},{"event_name":"Back to Basics","player_choice":"Simplicity","floor":19,"damage_taken":0},{"event_name":"Upgrade Shrine","player_choice":"Upgraded","floor":25,"damage_taken":0},{"event_name":"Mysterious Sphere","player_choice":"Fight","floor":40,"damage_taken":0},{"event_name":"Tomb of Lord Red Mask","player_choice":"Paid","floor":46,"damage_taken":0}],"boss_relics":[{"not_picked":["Lizard Tail","White Beast Statue"],"picked":"Ectoplasm"},{"not_picked":["Orrery","Calling Bell"],"picked":"Sozu"}],"potions_floor_spawned":[3,8,10,11,12,13,18,22,24,28,33,39,44,48],"seed_played":"6145336469443901196","ascension_level":0,"is_trial":false}