{"path_per_floor":["M","M","M","M","M","E","M","R","T","E","M","M","M","?","R","B",null,"M","$","M","M","?","R","$","R","T","M","E","M","M","?","R"],"character_chosen":"IRONCLAD","items_purchased":["Apotheosis","Headbutt","Metallicize"],"gold_per_floor":[109,129,141,156,170,198,212,212,212,238,254,267,282,282,282,378,378,396,168,181,195,120,120,41,41,41,60,93,110,124,124,124],"floor_reached":33,"campfire_rested":3,"playtime":2669,"current_hp_per_floor":[80,80,80,76,75,70,65,65,65,54,57,63,69,69,69,11,94,89,89,54,14,14,42,42,70,70,54,34,19,14,14,42],"items_purged":[],"gold":124,"score":285,"play_id":"d037caf4-3673-469f-93d8-740f65cc7d9b","is_prod":false,"is_daily":false,"is_ascension_mode":false,"campfire_upgraded":2,"path_taken":["M","M","M","M","M","E","M","R","T","E","M","M","M","?","R","BOSS","M","$","?","M","?","R","$","R","T","M","E","?","M","?","R","BOSS"],"build_version":"2018-02-15-PROD1","purchased_purges":0,"victory":false,"master_deck":["Strike_R+1","Strike_R+1","Strike_R+1","Strike_R+1","Defend_R+1","Defend_R+1","Defend_R+1","Defend_R+1","Bash","Heavy Blade","Seeing Red","Pommel Strike","Shrug It Off","Flex+1","Wild Strike","Clothesline","Headbutt","Cleave","Armaments+1","Sword Boomerang","Reaper","Heavy Blade","Apotheosis","Headbutt","Inflame+1","Metallicize","Thunderclap+1","Cleave+1","Twin Strike","Metallicize+1"],"max_hp_per_floor":[80,80,80,80,80,94,94,94,94,94,94,94,94,94,94,94,94,94,94,94,94,94,94,94,94,94,94,94,94,94,94,94],"relics":["Burning Blood","NeowsBlessing","Mango","Lantern","Bag of Preparation","Runic Cube","Shuriken","Prayer Wheel"],"card_choices":[{"not_picked":["Twin Strike","Thunderclap"],"picked":"Heavy Blade"},{"not_picked":["Clash","Flame Barrier"],"picked":"Seeing Red"},{"not_picked":["Dual Wield","Berserk"],"picked":"Pommel Strike"},{"not_picked":["Sword Boomerang","Fire Breathing"],"picked":"Shrug It Off"},{"not_picked":["Flame Barrier","Clothesline"],"picked":"Flex"},{"not_picked":["Iron Wave","Searing Blow"],"picked":"Wild Strike"},{"not_picked":["Sword Boomerang","Feel No Pain"],"picked":"Clothesline"},{"not_picked":["Warcry","Power Through"],"picked":"Headbutt"},{"not_picked":["Feed","Havoc"],"picked":"Cleave"},{"not_picked":["Thunderclap","Searing Blow"],"picked":"Armaments"},{"not_picked":["Power Through","Clothesline"],"picked":"Sword Boomerang"},{"not_picked":["Impervious","Exhume"],"picked":"Reaper"},{"not_picked":["Thunderclap","Sword Boomerang"],"picked":"Heavy Blade"},{"not_picked":["True Grit","Thunderclap"],"picked":"Inflame"},{"not_picked":["Headbutt","True Grit"],"picked":"Thunderclap"},{"not_picked":["Clothesline","Hemokinesis"],"picked":"Cleave"},{"not_picked":["True Grit","Rampage"],"picked":"Twin Strike"},{"not_picked":["Heavy Blade","True Grit"],"picked":"Metallicize"}],"player_experience":57384,"potions_floor_usage":[16,16,16,21,21,27,30,33],"damage_taken":[{"damage":0,"enemies":"Jaw Worm","floor":1,"turns":1},{"damage":0,"enemies":"Small Slimes","floor":2,"turns":1},{"damage":0,"enemies":"Cultist","floor":3,"turns":1},{"damage":10,"enemies":"Looter","floor":4,"turns":3},{"damage":7,"enemies":"3 Louse","floor":5,"turns":4},{"damage":25,"enemies":"Gremlin Nob","floor":6,"turns":4},{"damage":11,"enemies":"Large Slime","floor":7,"turns":4},{"damage":17,"enemies":"3 Sentries","floor":10,"turns":7},{"damage":3,"enemies":"Lots of Slimes","floor":11,"turns":4},{"damage":0,"enemies":"2 Fungi Beasts","floor":12,"turns":2},{"damage":0,"enemies":"3 Louse","floor":13,"turns":1},{"damage":64,"enemies":"The Guardian","floor":16,"turns":13},{"damage":11,"enemies":"Spheric Guardian","floor":18,"turns":4},{"damage":45,"enemies":"3 Byrds","floor":20,"turns":7},{"damage":46,"enemies":"Slaver and Parasite","floor":21,"turns":7},{"damage":22,"enemies":"Sentry and Sphere","floor":27,"turns":5},{"damage":47,"enemies":"Slavers","floor":28,"turns":4},{"damage":33,"enemies":"Centurion and Healer","floor":29,"turns":6},{"damage":14,"enemies":"3 Cultists","floor":30,"turns":3},{"damage":81,"enemies":"Automaton","floor":33,"turns":6}],"event_choices":[{"event_name":"Liars Game","player_choice":"disagreed","floor":14,"damage_taken":0},{"event_name":"Beggar","player_choice":"Gave Gold","floor":22,"damage_taken":0},{"event_name":"Back to Basics","player_choice":"Simplicity","floor":31,"damage_taken":0}],"boss_relics":[{"not_picked":["Ectoplasm","Lizard Tail"],"picked":"Runic Cube"}],"potions_floor_spawned":[4,6,11,12,13,16,20,21,29,30],"seed_played":"2266162309313317411","killed_by":"Automaton","ascension_level":0,"is_trial":false}