{"path_per_floor":["M","$","?","M","T","R","E","R","T","M","M","?","E","?","R","B",null,"M","$","M","?","?","R","E"],"character_chosen":"IRONCLAD","items_purchased":["Shrug It Off","Flex","Bottled Flame"],"gold_per_floor":[118,96,96,110,136,136,163,163,163,173,185,260,290,255,255,354,354,372,90,109,136,136,136,194,194],"floor_reached":25,"campfire_rested":2,"playtime":794,"current_hp_per_floor":[80,80,80,80,80,80,62,62,62,62,64,53,31,51,75,46,80,71,71,45,33,33,57,33,0],"items_purged":["Pain"],"gold":194,"score":261,"play_id":"1f0465a3-05f7-44bf-8114-7f3bae1bc7ea","local_time":"20180408150142","is_prod":false,"is_daily":false,"is_ascension_mode":true,"campfire_upgraded":2,"timestamp":1523214102,"path_taken":["M","$","?","?","?","R","E","R","T","M","M","?","E","?","R","BOSS","M","$","M","?","?","R","E","M"],"build_version":"2018-04-05","purchased_purges":1,"victory":false,"master_deck":["Strike_R+1","Strike_R+1","Strike_R+1","Strike_R+1","Strike_R+1","Defend_R+1","Defend_R+1","Defend_R+1","Defend_R+1","Bash","Headbutt+1","Shrug It Off+1","Offering+1","Flex","Heavy Blade","Reaper","Decay","Decay","Spot Weakness","Flex","Heavy Blade+1"],"max_hp_per_floor":[80,80,80,80,80,80,80,80,80,80,80,80,80,80,80,80,80,80,80,80,80,80,80,80,80],"relics":["Burning Blood","Art of War","Question Card","Mercury Hourglass","Bag of Marbles","Calling Bell","Prayer Wheel","Vajra","The Courier","Bottled Flame","Red Mask","Tiny Chest"],"card_choices":[{"not_picked":["Shrug It Off","Pommel Strike"],"picked":"Headbutt","floor":1},{"not_picked":["Shrug It Off","Dual Wield"],"picked":"Offering","floor":7},{"not_picked":["Iron Wave","Ghostly Armor","Rage"],"picked":"Flex","floor":10},{"not_picked":["Clothesline","Pummel","Seeing Red"],"picked":"Heavy Blade","floor":13},{"not_picked":["Immolate","Impervious","Brutality"],"picked":"Reaper","floor":16},{"not_picked":["Twin Strike","True Grit","Sword Boomerang"],"picked":"Spot Weakness","floor":18},{"not_picked":["Wild Strike","True Grit","Battle Trance"],"picked":"Heavy Blade","floor":21}],"player_experience":137933,"potions_floor_usage":[7,16,24,24],"damage_taken":[{"damage":0,"enemies":"Small Slimes","floor":1,"turns":3},{"damage":1,"enemies":"Cultist","floor":4,"turns":4},{"damage":24,"enemies":"Gremlin Nob","floor":7,"turns":4},{"damage":6,"enemies":"Jaw Worm","floor":10,"turns":2},{"damage":4,"enemies":"Blue Slaver","floor":11,"turns":1},{"damage":28,"enemies":"Lagavulin","floor":13,"turns":4},{"damage":35,"enemies":"Slime Boss","floor":16,"turns":10},{"damage":22,"enemies":"2 Thieves","floor":18,"turns":2},{"damage":32,"enemies":"Shell Parasite","floor":20,"turns":4},{"damage":18,"enemies":"Masked Bandits","floor":21,"turns":3},{"damage":38,"enemies":"Book of Stabbing","floor":24,"turns":4},{"damage":33,"enemies":"Sentry and Sphere","floor":25,"turns":3}],"event_choices":[{"event_name":"Accursed Blacksmith","player_choice":"Forge","floor":3,"damage_taken":0},{"event_name":"World of Goop","player_choice":"Gather Gold","floor":12,"damage_taken":0},{"event_name":"The Cleric","player_choice":"Healed","floor":14,"damage_taken":0},{"event_name":"Masked Bandits","player_choice":"Fought over 109 gold","floor":21,"damage_taken":0},{"event_name":"Back to Basics","player_choice":"Simplicity","floor":22,"damage_taken":0}],"boss_relics":[{"not_picked":["White Beast Statue","Orrery"],"picked":"Calling Bell"}],"potions_floor_spawned":[1,7,13,18,21,24],"seed_played":"-7944459650357881576","killed_by":"Sentry and Sphere","ascension_level":3,"is_trial":false}