{"path_per_floor":["M","M","?","M","M","R","M","R","T","?","M","M","$","M","R","B",null,"M","$","?","?","M","E","R","M","T","M","$","?","M","?","R","B",null,"M","$","?","M","?","R","?","R","T","R","M","M","M","M","R","B",null,"M","M","?","$","$","R","M","R","T","?","M","M","$","M","R","B",null,"M","$","?","?","M","R","$"],"character_chosen":"THE_SILENT","items_purchased":["Burst","Choke","Infinite Blades","Backflip","Well Laid Plans","Bouncing Flask","Mind Blast","Noxious Fumes","Incense Burner","Blur","Mind Blast","Noxious Fumes"],"gold_per_floor":[118,129,129,143,157,157,167,167,167,167,187,199,53,71,71,166,166,177,66,66,66,80,115,115,132,132,151,23,0,11,11,11,114,114,127,50,50,60,0,0,0,0,300,300,317,329,349,368,368,472,472,491,506,506,9,9,9,28,28,54,54,69,89,1,26,26,156,156,176,101,51,51,72,72,5,5],"floor_reached":76,"campfire_rested":0,"playtime":3870,"item_purchase_floors":[13,19,19,28,28,36,55,55,55,55,64,75],"current_hp_per_floor":[70,70,75,67,67,67,62,62,62,50,50,47,47,56,56,29,75,75,75,75,69,65,47,47,29,29,17,17,17,29,29,29,25,37,34,34,29,29,29,29,29,29,29,29,28,28,28,26,26,16,37,37,37,37,37,37,37,37,37,43,43,29,29,29,29,29,16,43,43,43,43,43,40,40,40,0],"items_purged":["Doubt"],"gold":5,"score":1079,"play_id":"48348695-6a09-4ae2-b554-dfa8e6edc034","local_time":"20180617141707","is_prod":false,"is_daily":false,"chose_seed":false,"is_ascension_mode":false,"campfire_upgraded":13,"win_rate":0,"timestamp":1529259427,"campfire_choices":[{"data":"Neutralize","floor":6,"key":"SMITH"},{"data":"Cloak And Dagger","floor":8,"key":"SMITH"},{"data":"Skewer","floor":15,"key":"SMITH"},{"data":"After Image","floor":24,"key":"SMITH"},{"data":"Ghostly","floor":32,"key":"SMITH"},{"data":"Ghostly","floor":40,"key":"SMITH"},{"data":"Ghostly","floor":42,"key":"SMITH"},{"data":"Ghostly","floor":44,"key":"SMITH"},{"data":"Ghostly","floor":49,"key":"SMITH"},{"data":"Mind Blast","floor":57,"key":"SMITH"},{"data":"RitualDagger","floor":59,"key":"SMITH"},{"data":"Mind Blast","floor":66,"key":"SMITH"},{"data":"Madness","floor":74,"key":"SMITH"}],"path_taken":["M","M","?","?","M","R","M","R","T","?","M","?","$","M","R","BOSS","M","$","?","?","M","E","R","M","T","M","$","?","?","?","R","BOSS","M","$","?","M","?","R","?","R","T","R","M","M","?","M","R","BOSS","M","?","?","?","$","R","M","R","T","?","M","?","$","M","R","BOSS","M","$","?","?","M","R","$","E"],"build_version":"2018-06-14v2","seed_source_timestamp":231941159896347,"purchased_purges":1,"victory":false,"master_deck":["Defend_G","Defend_G","Defend_G","Defend_G","Defend_G","Strike_G","Strike_G","Strike_G","Strike_G","Strike_G","Survivor","Neutralize+1","Die Die Die","Deadly Poison","Cloak And Dagger","Blade Dance","Cloak And Dagger+1","Terror","Footwork","Burst","Skewer+1","Night Terror","Terror+1","Choke","Infinite Blades","RitualDagger+1","Dodge and Roll","After Image+1","Caltrops","Dodge and Roll","Backflip","Well Laid Plans","Outmaneuver","Ghostly+1","Ghostly+1","Ghostly+1","Ghostly+1","Ghostly+1","Glass Knife","Deflect+1","Bouncing Flask","Madness","Madness+1","Flying Knee","Flechettes+1","Bouncing Flask","Flying Knee+1","Cloak And Dagger+1","Tools of the Trade","Escape Plan","Dagger Spray","Mind Blast+1","Noxious Fumes","Blur","Deadly Poison","Pain","Outmaneuver","Leg Sweep","Mind Blast+1","Flying Knee","A Thousand Cuts","Dodge and Roll+1","Choke","Noxious Fumes"],"max_hp_per_floor":[70,70,75,75,75,75,75,75,75,75,75,75,75,75,75,75,75,75,75,75,75,75,75,75,75,75,75,75,75,75,37,37,37,37,37,37,37,37,37,37,37,37,37,37,37,37,37,37,37,37,37,37,37,37,37,37,37,37,37,43,43,43,43,43,43,43,43,43,43,43,43,43,43,43,43,43],"relics":["Ring of the Snake","Darkstone Periapt","Oddly Smooth Stone","Snecko Eye","The Specimen","Meat on the Bone","Sozu","Red Mask","Old Coin","Cursed Key","Incense Burner","Omamori","Golden Idol","Black Star"],"card_choices":[{"not_picked":["Doppelganger","Venomology"],"picked":"Die Die Die","floor":0},{"not_picked":["PiercingWail","Outmaneuver"],"picked":"Deadly Poison","floor":1},{"not_picked":["Concentrate","Dagger Throw"],"picked":"Cloak And Dagger","floor":2},{"not_picked":["Deadly Poison","Distraction"],"picked":"Blade Dance","floor":4},{"not_picked":["Expertise","PiercingWail"],"picked":"Dash","floor":5},{"not_picked":["PiercingWail","Underhanded Strike"],"picked":"Cloak And Dagger","floor":7},{"not_picked":["Quick Slash","Sucker Punch"],"picked":"Terror","floor":11},{"not_picked":["Endless Agony","Backflip"],"picked":"Footwork","floor":12},{"not_picked":["Dodge and Roll","PiercingWail"],"picked":"Skewer","floor":14},{"not_picked":["Doppelganger","Storm of Steel"],"picked":"Night Terror","floor":16},{"not_picked":["Slice","Masterful Stab+1"],"picked":"Terror+1","floor":18},{"not_picked":["Dagger Spray","Quick Slash"],"picked":"Dodge and Roll","floor":22},{"not_picked":["Deflect","Crippling Poison"],"picked":"After Image","floor":23},{"not_picked":["Prepared","Slice"],"picked":"Caltrops","floor":25},{"not_picked":["Flying Knee+1","Blade Dance"],"picked":"Dodge and Roll","floor":27},{"not_picked":["Bane","Skewer"],"picked":"Outmaneuver","floor":30},{"not_picked":["Doppelganger","Burst"],"picked":"Glass Knife","floor":33},{"not_picked":["Slice","Backflip"],"picked":"Deflect+1","floor":35},{"not_picked":["Dagger Spray","Backflip+1"],"picked":"Flying Knee","floor":38},{"not_picked":["Sucker Punch+1","Bane+1"],"picked":"Flechettes+1","floor":45},{"not_picked":["Infinite Blades","Terror+1"],"picked":"Bouncing Flask","floor":46},{"not_picked":["Reflex+1","Corpse Explosion"],"picked":"Flying Knee+1","floor":47},{"not_picked":["Slice","Skewer"],"picked":"Cloak And Dagger+1","floor":48},{"not_picked":["Doppelganger","Die Die Die"],"picked":"Tools of the Trade","floor":50},{"not_picked":["Deadly Poison","Blade Dance"],"picked":"Escape Plan","floor":52},{"not_picked":["Eviscerate","Bane"],"picked":"Dagger Spray","floor":53},{"not_picked":["Footwork","Dagger Spray"],"picked":"Deadly Poison","floor":58},{"not_picked":["Flying Knee","Poisoned Stab"],"picked":"Outmaneuver","floor":62},{"not_picked":["Choke","Outmaneuver"],"picked":"Leg Sweep","floor":63},{"not_picked":["Skewer","Underhanded Strike"],"picked":"Flying Knee","floor":65},{"not_picked":["Tactician","Corpse Explosion"],"picked":"A Thousand Cuts","floor":67},{"not_picked":["Bane+1","Outmaneuver"],"picked":"Dodge and Roll+1","floor":69},{"not_picked":["Dodge and Roll+1","Dagger Throw"],"picked":"Choke","floor":73}],"player_experience":444880,"potions_floor_usage":[14,14,23,27,33,47],"damage_taken":[{"damage":0,"enemies":"Cultist","floor":1,"turns":3},{"damage":0,"enemies":"2 Louse","floor":2,"turns":2},{"damage":8,"enemies":"Jaw Worm","floor":4,"turns":2},{"damage":0,"enemies":"Red Slaver","floor":5,"turns":5},{"damage":5,"enemies":"2 Fungi Beasts","floor":7,"turns":3},{"damage":0,"enemies":"Blue Slaver","floor":11,"turns":4},{"damage":3,"enemies":"Large Slime","floor":12,"turns":7},{"damage":0,"enemies":"Gremlin Gang","floor":14,"turns":3},{"damage":27,"enemies":"The Guardian","floor":16,"turns":11},{"damage":0,"enemies":"3 Byrds","floor":18,"turns":7},{"damage":4,"enemies":"Shell Parasite","floor":22,"turns":5},{"damage":18,"enemies":"Book of Stabbing","floor":23,"turns":6},{"damage":18,"enemies":"Snake Plant","floor":25,"turns":4},{"damage":24,"enemies":"Cultist and Chosen","floor":27,"turns":5},{"damage":0,"enemies":"Centurion and Healer","floor":30,"turns":10},{"damage":4,"enemies":"Collector","floor":33,"turns":14},{"damage":3,"enemies":"3 Darklings","floor":35,"turns":6},{"damage":0,"enemies":"3 Shapes","floor":38,"turns":6},{"damage":1,"enemies":"3 Darklings","floor":45,"turns":9},{"damage":0,"enemies":"Maw","floor":46,"turns":8},{"damage":0,"enemies":"Spire Growth","floor":47,"turns":5},{"damage":2,"enemies":"Transient","floor":48,"turns":5},{"damage":22,"enemies":"Donu and Deca","floor":50,"turns":12},{"damage":0,"enemies":"Cultist","floor":52,"turns":4},{"damage":0,"enemies":"Jaw Worm","floor":53,"turns":3},{"damage":0,"enemies":"Small Slimes","floor":58,"turns":2},{"damage":14,"enemies":"Blue Slaver","floor":62,"turns":3},{"damage":0,"enemies":"Exordium Wildlife","floor":63,"turns":3},{"damage":0,"enemies":"2 Fungi Beasts","floor":65,"turns":2},{"damage":25,"enemies":"Slime Boss","floor":67,"turns":13},{"damage":0,"enemies":"3 Byrds","floor":69,"turns":5},{"damage":3,"enemies":"Chosen","floor":73,"turns":2},{"damage":48,"enemies":"Slavers","floor":76,"turns":3}],"relics_obtained":[{"floor":9,"key":"Darkstone Periapt"},{"floor":23,"key":"The Specimen"},{"floor":26,"key":"Meat on the Bone"},{"floor":43,"key":"Old Coin"},{"floor":60,"key":"Omamori"}],"event_choices":[{"event_name":"Big Fish","player_choice":"Donut","floor":3,"damage_taken":0},{"event_name":"Scrap Ooze","player_choice":"success","floor":10,"damage_taken":12},{"event_name":"Beggar","player_choice":"Ignored","floor":20,"damage_taken":0},{"event_name":"Nest","player_choice":"Joined the Cult","floor":21,"damage_taken":0},{"event_name":"Masked Bandits","player_choice":"Paid Bandits 23 gold","floor":29,"damage_taken":0},{"event_name":"Ghosts","player_choice":"Became a Ghost","floor":31,"damage_taken":0},{"event_name":"Winding Halls","player_choice":"Embrace Madness","floor":37,"damage_taken":0},{"event_name":"Tomb of Lord Red Mask","player_choice":"Paid","floor":39,"damage_taken":0},{"event_name":"Falling","player_choice":"Removed Attack","floor":41,"damage_taken":0},{"event_name":"Liars Game","player_choice":"disagreed","floor":54,"damage_taken":0},{"event_name":"Golden Idol","player_choice":"Take Wound","floor":61,"damage_taken":0},{"event_name":"The Joust","player_choice":"Bet on Murderer","floor":71,"damage_taken":0},{"event_name":"Beggar","player_choice":"Ignored","floor":72,"damage_taken":0}],"boss_relics":[{"not_picked":["Philosopher\u0027s Stone","Empty Cage"],"picked":"Snecko Eye"},{"not_picked":["Orrery","Astrolabe"],"picked":"Sozu"},{"not_picked":["Tiny House","Eternal Feather"],"picked":"Cursed Key"},{"not_picked":["Ectoplasm","Philosopher\u0027s Stone"],"picked":"Black Star"}],"items_purged_floors":[70],"is_endless":true,"potions_floor_spawned":[1,2,4,14,22,25,27,30,35,38,47,53,63,67,69],"seed_played":"-5856331688881848538","killed_by":"Slavers","ascension_level":0,"potions_obtained":[{"floor":1,"key":"FearPotion"},{"floor":2,"key":"Strength Potion"},{"floor":4,"key":"Regen Potion"},{"floor":14,"key":"SpeedPotion"},{"floor":22,"key":"Weak Potion"},{"floor":25,"key":"GamblersBrew"},{"floor":27,"key":"GamblersBrew"},{"floor":30,"key":"Block Potion"}],"is_trial":false}