{"path_per_floor":["M","$","M","?","?","R","M","?","T","?","M","?","?","E","R","B",null,"M","?","?","M","?","R","$","E","T","?","R","M","E","?","R"],"character_chosen":"THE_SILENT","items_purchased":["Backstab","Leg Sweep","Ornamental Fan","Acrobatics"],"gold_per_floor":[219,105,115,115,80,80,90,90,115,115,131,202,202,233,233,336,336,346,346,346,359,359,359,59,89,115,115,115,129,161,161,161,161],"floor_reached":33,"campfire_rested":3,"playtime":1234,"current_hp_per_floor":[58,58,52,38,55,70,70,70,70,75,66,66,66,53,53,1,57,57,57,57,57,41,63,63,62,62,48,72,74,69,69,69,0],"items_purged":[],"gold":161,"score":391,"play_id":"ff7fb856-87f1-4332-8e15-3f4ccd79f1c9","local_time":"20180414180615","is_prod":false,"is_daily":false,"chose_seed":false,"is_ascension_mode":true,"campfire_upgraded":2,"timestamp":1523743575,"path_taken":["M","$","M","?","?","R","M","?","T","?","M","?","?","E","R","BOSS","M","?","?","M","?","R","$","E","T","?","R","M","E","?","R","BOSS"],"build_version":"2018-04-13","seed_source_timestamp":206170901799645,"purchased_purges":0,"victory":false,"master_deck":["Defend_G+1","Defend_G+1","Defend_G+1","Defend_G+1","Strike_G+1","Strike_G+1","Strike_G+1","Strike_G+1","Survivor","Neutralize","Finisher+1","Backstab+1","Leg Sweep","Riddle With Holes","Dagger Spray","All Out Attack","Deflect","Night Terror+1","Wraith Form v2+1","Acrobatics","Slice","Necronomicurse","Acrobatics","Slice","Infinite Blades+1","Wraith Form v2"],"max_hp_per_floor":[70,70,70,70,70,70,70,70,70,75,75,75,75,75,75,75,75,75,75,75,75,75,75,75,75,75,80,80,82,82,82,82,82],"relics":["Ring of the Snake","Juzu Bracelet","Thread and Needle","Runic Pyramid","Necronomicon","Ornamental Fan","Bag of Preparation","Singing Bowl","Regal Pillow"],"card_choices":[{"not_picked":["Calculated Gamble","Accuracy"],"picked":"Finisher","floor":1},{"not_picked":["Deadly Poison","Flechettes"],"picked":"Riddle With Holes","floor":3},{"not_picked":["Underhanded Strike","Outmaneuver"],"picked":"Dagger Spray","floor":7},{"not_picked":["Sucker Punch","All Out Attack"],"picked":"Deflect","floor":11},{"not_picked":["Slice","Blur"],"picked":"Night Terror","floor":14},{"not_picked":["Phantasmal Killer","Night Terror"],"picked":"Wraith Form v2","floor":16},{"not_picked":["Dodge and Roll","Endless Agony"],"picked":"Acrobatics","floor":18},{"not_picked":["Eviscerate","Escape Plan"],"picked":"Slice","floor":21},{"not_picked":["Dagger Spray","Eviscerate"],"picked":"Slice","floor":25},{"not_picked":["Escape Plan","Acrobatics"],"picked":"Infinite Blades","floor":30}],"player_experience":185327,"potions_floor_usage":[16,21,29,30,33],"damage_taken":[{"damage":5,"enemies":"Small Slimes","floor":1,"turns":5},{"damage":6,"enemies":"Jaw Worm","floor":3,"turns":4},{"damage":0,"enemies":"2 Louse","floor":7,"turns":1},{"damage":9,"enemies":"Exordium Thugs","floor":11,"turns":3},{"damage":13,"enemies":"3 Sentries","floor":14,"turns":5},{"damage":52,"enemies":"Slime Boss","floor":16,"turns":13},{"damage":0,"enemies":"Spheric Guardian","floor":18,"turns":2},{"damage":0,"enemies":"2 Thieves","floor":21,"turns":4},{"damage":1,"enemies":"Book of Stabbing","floor":25,"turns":6},{"damage":0,"enemies":"Cultist and Chosen","floor":29,"turns":6},{"damage":5,"enemies":"Gremlin Leader","floor":30,"turns":7},{"damage":97,"enemies":"Champ","floor":33,"turns":13}],"event_choices":[{"event_name":"Shining Light","player_choice":"Entered Light","floor":4,"damage_taken":0},{"event_name":"The Cleric","player_choice":"Healed","floor":5,"damage_taken":0},{"event_name":"Transmorgrifier","player_choice":"Transform","floor":8,"damage_taken":0},{"event_name":"Big Fish","player_choice":"Donut","floor":10,"damage_taken":0},{"event_name":"Golden Wing","player_choice":"Gained Gold","floor":12,"damage_taken":0},{"event_name":"Living Wall","player_choice":"Grow","floor":13,"damage_taken":0},{"event_name":"Accursed Blacksmith","player_choice":"Forge","floor":19,"damage_taken":0},{"event_name":"Back to Basics","player_choice":"Simplicity","floor":20,"damage_taken":0},{"event_name":"Cursed Tome","player_choice":"Obtained Book","floor":22,"damage_taken":0},{"event_name":"Forgotten Altar","player_choice":"Shed Blood","floor":27,"damage_taken":0},{"event_name":"Transmorgrifier","player_choice":"Transform","floor":31,"damage_taken":0}],"boss_relics":[{"not_picked":["Tiny House","Calling Bell"],"picked":"Runic Pyramid"}],"potions_floor_spawned":[1,7,11,14,18,21],"seed_played":"1049338759563554604","killed_by":"Champ","ascension_level":8,"is_trial":false}