{"gold_per_floor":[113,125,49,115,126,126,161,161,161,186,186,211,221,239,239,335,335,335,7,7,7,7,7,7,7,7,7,7,7,7,7,7,7,7,7,7,7,7,7,7,7,7,7,7,7,7,7,7,7,7],"floor_reached":51,"playtime":2114,"items_purged":[],"score":1002,"play_id":"99cc4fde-52c2-470a-8a89-2be48d661996","local_time":"20180805011335","daily_mods":["Draft","Diverse","Heirloom","Allstar","Elite Swarm","Uncertain Future","Binary"],"is_ascension_mode":true,"campfire_choices":[{"data":"Wraith Form v2","floor":6,"key":"SMITH"},{"data":"Echo Form","floor":15,"key":"SMITH"},{"floor":24,"key":"DIG"},{"floor":30,"key":"REST"},{"floor":32,"key":"DIG"},{"floor":40,"key":"DIG"},{"floor":42,"key":"DIG"},{"floor":49,"key":"DIG"}],"neow_cost":"","seed_source_timestamp":0,"circlet_count":0,"master_deck":["Demon Form","Wraith Form v2+1","Echo Form+1","Dash","Blade Dance","Sunder+1","Hologram","Dagger Spray","Go for the Eyes","Cloak And Dagger","Pommel Strike","Sunder","Undo","Beam Cell","Headbutt","Glacier","Backflip","Gash","Sucker Punch","Fire Breathing","Ghostly Armor","Cold Snap","Malaise","Corpse Explosion","Die Die Die+1","Escape Plan","Fusion","Bullet Time","Infinite Blades","Self Repair","Bloodletting+1","Barricade","Corpse Explosion","All For One","Steam","Flame Barrier+1","Flame Barrier+1","Glass Knife","Storm","Turbo+1","Heavy Blade+1","Fusion+1","Wraith Form v2","All For One","Turbo","All For One","Enlightenment","Panacea","Mind Blast","Ball Lightning+1"],"relics":["Burning Blood","Charon\u0027s Ashes","The Courier","Darkstone Periapt","Orichalcum","Regal Pillow","Bottled Flame","Ectoplasm","Vajra","Happy Flower","Shovel","Prayer Wheel","Bottled Tornado","Whetstone","MawBank","Juzu Bracelet","Lantern","Mark of Pain","Boot","Girya","Red Skull","Anchor","Smiling Mask","Omamori","Bag of Preparation"],"potions_floor_usage":[7,16,16,23,23,27,46,50],"damage_taken":[{"damage":0,"enemies":"Small Slimes","floor":1,"turns":1},{"damage":0,"enemies":"2 Louse","floor":2,"turns":2},{"damage":0,"enemies":"Jaw Worm","floor":5,"turns":2},{"damage":9,"enemies":"Gremlin Nob","floor":7,"turns":4},{"damage":0,"enemies":"Lagavulin","floor":10,"turns":7},{"damage":2,"enemies":"Gremlin Nob","floor":12,"turns":4},{"damage":0,"enemies":"Exordium Wildlife","floor":13,"turns":3},{"damage":0,"enemies":"Looter","floor":14,"turns":2},{"damage":12,"enemies":"Hexaghost","floor":16,"turns":6},{"damage":0,"enemies":"Shell Parasite","floor":18,"turns":4},{"damage":14,"enemies":"Spheric Guardian","floor":22,"turns":4},{"damage":30,"enemies":"Slavers","floor":23,"turns":3},{"damage":16,"enemies":"Gremlin Leader","floor":25,"turns":5},{"damage":26,"enemies":"Book of Stabbing","floor":27,"turns":4},{"damage":22,"enemies":"Slaver and Parasite","floor":28,"turns":5},{"damage":0,"enemies":"Snecko","floor":29,"turns":4},{"damage":5,"enemies":"Automaton","floor":33,"turns":6},{"damage":9,"enemies":"3 Shapes","floor":35,"turns":3},{"damage":0,"enemies":"Flame Bruiser 1 Orb","floor":38,"turns":6},{"damage":0,"enemies":"Nemesis","floor":41,"turns":5},{"damage":49,"enemies":"2 Orb Walkers","floor":44,"turns":4},{"damage":5,"enemies":"4 Shapes","floor":45,"turns":4},{"damage":13,"enemies":"Nemesis","floor":46,"turns":7},{"damage":0,"enemies":"Transient","floor":48,"turns":5},{"damage":11,"enemies":"Time Eater","floor":50,"turns":10}],"seed_played":"-7119158130778173449","potions_obtained":[{"floor":1,"key":"AttackPotion"},{"floor":10,"key":"LiquidBronze"},{"floor":12,"key":"SteroidPotion"},{"floor":14,"key":"PowerPotion"},{"floor":18,"key":"Poison Potion"},{"floor":22,"key":"AttackPotion"},{"floor":27,"key":"FearPotion"},{"floor":38,"key":"Strength Potion"},{"floor":45,"key":"Regen Potion"}],"is_trial":true,"path_per_floor":["M","M","$","?","M","R","E","T","T","E","?","E","M","M","R","B",null,"M","$","?","?","M","E","R","E","T","E","M","M","R","?","R","B",null,"M","$","$","M","?","R","E","R","T","E","M","E","?","M","R","B"],"character_chosen":"IRONCLAD","items_purchased":["Ghostly Armor","Vajra","Happy Flower","Self Repair"],"campfire_rested":1,"item_purchase_floors":[3,19,19,19],"current_hp_per_floor":[80,80,80,80,80,80,77,77,77,80,80,80,80,80,80,74,80,80,80,86,86,85,61,61,51,51,31,15,21,61,61,61,69,86,83,83,83,86,86,86,86,86,86,57,72,86,76,86,86,86],"gold":7,"neow_bonus":"","is_prod":false,"is_daily":false,"chose_seed":false,"campfire_upgraded":2,"win_rate":0,"timestamp":1533446015,"path_taken":["M","M","$","?","M","R","E","?","T","E","?","E","M","M","R","BOSS","M","$","?","?","M","E","R","E","T","E","M","M","R","?","R","BOSS","M","?","$","M","?","R","E","R","T","E","M","E","?","M","R","BOSS"],"build_version":"2018-08-01","purchased_purges":0,"victory":true,"max_hp_per_floor":[80,80,80,80,80,80,80,80,80,80,80,80,80,80,80,80,80,80,80,86,86,86,86,86,86,86,86,86,86,86,86,86,86,86,86,86,86,86,86,86,86,86,86,86,86,86,86,86,86,86],"card_choices":[{"not_picked":["Conserve Battery","Doom and Gloom"],"picked":"Dash","floor":0},{"not_picked":["Corruption","Bouncing Flask"],"picked":"Blade Dance","floor":0},{"not_picked":["Bane","Clash"],"picked":"Sunder","floor":0},{"not_picked":["Steam Power","Havoc"],"picked":"Hologram","floor":0},{"not_picked":["Sword Boomerang","Warcry"],"picked":"Dagger Spray","floor":0},{"not_picked":["Predator","Flying Knee"],"picked":"Go for the Eyes","floor":0},{"not_picked":["Deflect","Chaos"],"picked":"Cloak And Dagger","floor":0},{"not_picked":["Caltrops","Havoc"],"picked":"Pommel Strike","floor":0},{"not_picked":["Rebound","Streamline"],"picked":"Sunder","floor":0},{"not_picked":["Sword Boomerang","Deflect"],"picked":"Undo","floor":0},{"not_picked":["Streamline","Choke"],"picked":"Beam Cell","floor":0},{"not_picked":["Rebound","Beam Cell"],"picked":"Headbutt","floor":0},{"not_picked":["Leap","Cold Snap"],"picked":"Glacier","floor":0},{"not_picked":["Havoc","Intimidate"],"picked":"Backflip","floor":0},{"not_picked":["Dual Wield","Wild Strike"],"picked":"Gash","floor":0},{"not_picked":["Second Wind"],"picked":"Sucker Punch","floor":1},{"not_picked":["Flex"],"picked":"Fire Breathing","floor":2},{"not_picked":["Accuracy"],"picked":"Cold Snap","floor":5},{"not_picked":["Unload"],"picked":"Malaise","floor":7},{"not_picked":["Unload"],"picked":"Corpse Explosion","floor":10},{"not_picked":["Berserk"],"picked":"Die Die Die","floor":12},{"not_picked":["Dropkick"],"picked":"Escape Plan","floor":13},{"not_picked":["Expertise"],"picked":"Fusion","floor":14},{"not_picked":["Bludgeon"],"picked":"Bullet Time","floor":16},{"not_picked":["Bane+1"],"picked":"Infinite Blades","floor":18},{"not_picked":["Body Slam"],"picked":"Bloodletting+1","floor":22},{"not_picked":["Juggernaut"],"picked":"Barricade","floor":23},{"not_picked":["Berserk"],"picked":"Corpse Explosion","floor":25},{"not_picked":["Phantasmal Killer"],"picked":"All For One","floor":27},{"not_picked":["True Grit"],"picked":"Steam","floor":28},{"not_picked":["Distraction+1"],"picked":"Flame Barrier+1","floor":28},{"not_picked":["Pommel Strike"],"picked":"Flame Barrier+1","floor":29},{"not_picked":["Barrage+1","Recycle"],"picked":"SKIP","floor":29},{"not_picked":["Feed"],"picked":"Glass Knife","floor":33},{"not_picked":["Anger+1"],"picked":"Storm","floor":35},{"not_picked":["Deadly Poison"],"picked":"Turbo+1","floor":35},{"not_picked":["Dual Wield+1"],"picked":"Heavy Blade+1","floor":38},{"not_picked":["Noxious Fumes"],"picked":"Fusion+1","floor":38},{"not_picked":["Malaise"],"picked":"Wraith Form v2","floor":41},{"not_picked":["Multi-Cast"],"picked":"All For One","floor":44},{"not_picked":["Barrage+1"],"picked":"Turbo","floor":45},{"not_picked":["Consume+1","Gash+1"],"picked":"SKIP","floor":45},{"not_picked":["Unload"],"picked":"All For One","floor":46},{"not_picked":["Transmutation"],"picked":"Enlightenment","floor":47},{"not_picked":["Mind Blast"],"picked":"Panacea","floor":47},{"not_picked":["HandOfGreed"],"picked":"Mind Blast","floor":47},{"not_picked":["Beam Cell+1"],"picked":"Ball Lightning+1","floor":48},{"not_picked":["Gash+1","Deadly Poison"],"picked":"SKIP","floor":48}],"player_experience":720119,"relics_obtained":[{"floor":7,"key":"The Courier"},{"floor":8,"key":"Darkstone Periapt"},{"floor":9,"key":"Orichalcum"},{"floor":10,"key":"Regal Pillow"},{"floor":12,"key":"Bottled Flame"},{"floor":23,"key":"Prayer Wheel"},{"floor":24,"key":"Bottled Tornado"},{"floor":25,"key":"Whetstone"},{"floor":26,"key":"MawBank"},{"floor":27,"key":"Juzu Bracelet"},{"floor":32,"key":"Lantern"},{"floor":40,"key":"Boot"},{"floor":41,"key":"Girya"},{"floor":42,"key":"Red Skull"},{"floor":43,"key":"Anchor"},{"floor":44,"key":"Smiling Mask"},{"floor":46,"key":"Omamori"},{"floor":49,"key":"Bag of Preparation"}],"event_choices":[{"event_name":"Golden Wing","player_choice":"Gained Gold","floor":4,"damage_taken":0},{"event_name":"Liars Game","player_choice":"disagreed","floor":11,"damage_taken":0},{"event_name":"The Mausoleum","player_choice":"Yes","floor":20,"damage_taken":0},{"event_name":"Golden Shrine","player_choice":"Pray","floor":21,"damage_taken":0},{"event_name":"Vampires","player_choice":"Ignored","floor":31,"damage_taken":0},{"event_name":"Fountain of Cleansing","player_choice":"Removed Curse","floor":39,"damage_taken":0},{"event_name":"SensoryStone","player_choice":"Memory 3","floor":47,"damage_taken":0}],"is_beta":true,"boss_relics":[{"not_picked":["Astrolabe","Empty Cage"],"picked":"Ectoplasm"},{"not_picked":["Velvet Choker","White Beast Statue"],"picked":"Mark of Pain"}],"items_purged_floors":[],"is_endless":false,"potions_floor_spawned":[1,10,12,14,18,22,27,38,45],"ascension_level":1}