{"gold_per_floor":[114,64,75,75,85,85,116,86,86,102,120,120,120,138,138,234,234,252,269,13,13,25,25,86,98,148,49,49,49,83,94,94,94],"floor_reached":33,"playtime":2801,"items_purged":["Strike_R"],"score":431,"play_id":"888cafb7-1f75-4cf7-9f49-6c13e7061257","local_time":"20181202125306","is_ascension_mode":true,"campfire_choices":[{"data":"Wild Strike","floor":6,"key":"SMITH"},{"floor":13,"key":"REST"},{"floor":15,"key":"RECALL"},{"data":"Limit Break","floor":23,"key":"SMITH"},{"data":"True Grit","floor":29,"key":"SMITH"},{"floor":32,"key":"REST"}],"neow_cost":"NONE","seed_source_timestamp":1444865381341185,"circlet_count":0,"master_deck":["AscendersBane","Strike_R","Strike_R","Defend_R","Defend_R","Defend_R","Defend_R","Bash+1","Sever Soul","Sword Boomerang+1","Wild Strike+1","Shrug It Off","Cleave+1","Clothesline+1","Shrug It Off","Pummel+1","Limit Break+1","True Grit+1","Seeing Red","Cleave+1","Headbutt+1","Carnage+1","Shrug It Off","Limit Break+1","Shockwave+1","Impervious"],"relics":["Burning Blood","Molten Egg 2","Anchor","Snecko Eye","Shuriken","Tiny Chest","Bag of Marbles","Sundial"],"potions_floor_usage":[16,18,24,30,33,33],"damage_taken":[{"damage":13,"enemies":"Jaw Worm","floor":1,"turns":4},{"damage":0,"enemies":"2 Louse","floor":3,"turns":3},{"damage":0,"enemies":"Small Slimes","floor":5,"turns":3},{"damage":47,"enemies":"3 Sentries","floor":7,"turns":11},{"damage":10,"enemies":"Exordium Wildlife","floor":10,"turns":3},{"damage":0,"enemies":"Large Slime","floor":11,"turns":4},{"damage":2,"enemies":"Lots of Slimes","floor":14,"turns":4},{"damage":50,"enemies":"Hexaghost","floor":16,"turns":9},{"damage":0,"enemies":"Shell Parasite","floor":18,"turns":2},{"damage":0,"enemies":"Chosen","floor":19,"turns":3},{"damage":6,"enemies":"Centurion and Healer","floor":22,"turns":4},{"damage":35,"enemies":"Gremlin Leader","floor":24,"turns":6},{"damage":2,"enemies":"Chosen and Byrds","floor":25,"turns":5},{"damage":17,"enemies":"Book of Stabbing","floor":30,"turns":5},{"damage":14,"enemies":"Shelled Parasite and Fungi","floor":31,"turns":3},{"damage":69,"enemies":"Collector","floor":33,"turns":6}],"seed_played":"-6083648351577675646","potions_obtained":[{"floor":3,"key":"Weak Potion"},{"floor":5,"key":"FearPotion"},{"floor":10,"key":"Strength Potion"},{"floor":16,"key":"AttackPotion"},{"floor":22,"key":"BloodPotion"},{"floor":25,"key":"LiquidBronze"},{"floor":31,"key":"GamblersBrew"}],"is_trial":false,"path_per_floor":["M","?","M","?","M","R","E","?","T","M","M","?","R","M","R","B",null,"M","M","$","?","M","R","E","M","T","$","?","R","E","M","R","B"],"character_chosen":"IRONCLAD","items_purchased":["Shuriken","Shrug It Off"],"campfire_rested":2,"item_purchase_floors":[20,27],"current_hp_per_floor":[65,65,71,55,61,61,20,20,20,16,22,48,72,76,76,32,68,74,80,80,80,80,80,51,55,55,55,55,55,44,36,60,0],"gold":94,"neow_bonus":"TRANSFORM_CARD","is_prod":false,"is_daily":false,"chose_seed":false,"campfire_upgraded":3,"win_rate":0,"timestamp":1543773186,"path_taken":["M","?","M","?","M","R","E","?","T","M","?","?","R","M","R","BOSS","M","M","$","?","M","R","E","M","T","$","?","R","E","?","R","BOSS"],"build_version":"2018-11-15","purchased_purges":1,"victory":false,"max_hp_per_floor":[80,80,80,80,80,80,80,80,80,80,80,80,80,80,80,80,80,80,80,80,80,80,80,80,80,80,80,80,80,80,80,80,80],"card_choices":[{"not_picked":["Heavy Blade","Infernal Blade"],"picked":"Sword Boomerang","floor":1},{"not_picked":["Fire Breathing","Sentinel"],"picked":"Wild Strike","floor":3},{"not_picked":["Sentinel","Twin Strike"],"picked":"Shrug It Off","floor":5},{"not_picked":["Clothesline","Blood for Blood"],"picked":"Cleave","floor":7},{"not_picked":["Havoc","Thunderclap+1"],"picked":"Clothesline+1","floor":10},{"not_picked":["Twin Strike+1","Clash+1"],"picked":"Shrug It Off","floor":11},{"not_picked":["Anger+1","Warcry"],"picked":"Pummel+1","floor":14},{"not_picked":["Offering","Impervious"],"picked":"Limit Break","floor":16},{"not_picked":["Wild Strike+1","Infernal Blade"],"picked":"True Grit","floor":18},{"not_picked":["Iron Wave+1","Sword Boomerang+1"],"picked":"Seeing Red","floor":19},{"not_picked":["Iron Wave+1","Pummel+1"],"picked":"Cleave+1","floor":22},{"not_picked":["Perfected Strike+1","Entrench"],"picked":"Headbutt+1","floor":24},{"not_picked":["Havoc","Warcry"],"picked":"Carnage+1","floor":25},{"not_picked":["Thunderclap+1","Pommel Strike+1"],"picked":"Shockwave+1","floor":30},{"not_picked":["Spot Weakness","Cleave+1"],"picked":"Impervious","floor":31}],"player_experience":928169,"relics_obtained":[{"floor":7,"key":"Molten Egg 2"},{"floor":9,"key":"Anchor"},{"floor":24,"key":"Tiny Chest"},{"floor":26,"key":"Bag of Marbles"},{"floor":30,"key":"Sundial"}],"event_choices":[{"cards_removed":["Strike_R"],"damage_healed":0,"gold_gain":0,"player_choice":"Card Removal","damage_taken":0,"max_hp_gain":0,"max_hp_loss":0,"event_name":"The Cleric","floor":2,"gold_loss":50},{"damage_healed":0,"gold_gain":0,"player_choice":"Entered Light","damage_taken":16,"max_hp_gain":0,"max_hp_loss":0,"event_name":"Shining Light","floor":4,"gold_loss":0,"cards_upgraded":["Bash","Sword Boomerang"]},{"damage_healed":0,"gold_gain":0,"player_choice":"Left Gold","damage_taken":0,"max_hp_gain":0,"max_hp_loss":0,"event_name":"World of Goop","floor":8,"gold_loss":30},{"damage_healed":26,"gold_gain":0,"player_choice":"Banana","damage_taken":0,"max_hp_gain":0,"max_hp_loss":0,"event_name":"Big Fish","floor":12,"gold_loss":0},{"damage_healed":0,"gold_gain":0,"player_choice":"Ignored","damage_taken":0,"max_hp_gain":0,"max_hp_loss":0,"event_name":"Ghosts","floor":21,"gold_loss":0},{"damage_healed":0,"gold_gain":0,"player_choice":"Copied","damage_taken":0,"max_hp_gain":0,"max_hp_loss":0,"event_name":"Duplicator","floor":28,"gold_loss":0,"cards_obtained":["Limit Break"]}],"is_beta":true,"boss_relics":[{"not_picked":["Ectoplasm","Coffee Dripper"],"picked":"Snecko Eye"}],"items_purged_floors":[27],"is_endless":false,"potions_floor_spawned":[3,5,10,14,16,22,25,31],"killed_by":"Collector","ascension_level":10}