{"path_per_floor":["M","M","T","M","M","R","E","?","T","M","R","$","R","E","R","B",null,"M","?","$","M","?","R","E","$","T","M","M","M","R","M","R","B",null,"M","M","$","?","M","R","?","R","T","M","T","M","R","M","R"],"character_chosen":"THE_SILENT","items_purchased":["Mind Blast","Unceasing Top","Oddly Smooth Stone","PiercingWail","Prepared","Dodge and Roll","Bane"],"gold_per_floor":[110,121,421,436,452,452,510,610,610,627,627,28,28,62,62,157,157,144,144,15,30,30,30,57,7,33,50,63,75,75,86,86,182,182,201,211,86,86,106,106,106,106,106,117,166,178,178,191,191],"floor_reached":50,"campfire_rested":6,"playtime":4191,"current_hp_per_floor":[70,70,70,70,65,65,62,62,62,62,62,62,62,52,52,54,77,65,77,77,77,61,77,42,42,42,43,37,29,52,50,73,16,77,50,52,52,52,34,57,57,57,57,59,59,35,58,15,38],"items_purged":["Normality","Strike_G"],"gold":191,"score":474,"play_id":"e65de704-1633-42c4-a8a7-0272c1f769c5","is_prod":false,"is_daily":false,"is_ascension_mode":false,"campfire_upgraded":5,"path_taken":["M","M","?","M","M","R","E","?","T","M","R","$","R","E","R","BOSS","M","?","$","M","?","R","E","$","T","M","?","M","R","M","R","BOSS","M","M","$","?","M","R","?","R","T","M","?","?","R","M","R","BOSS"],"build_version":"2018-02-15-PROD1","purchased_purges":3,"victory":false,"master_deck":["Defend_G","Defend_G","Defend_G","Defend_G","Defend_G","Strike_G","Strike_G","Strike_G","Survivor","Neutralize+1","Flying Knee","Caltrops+1","Slice","Glass Knife+1","All Out Attack","Endless Agony","Mind Blast+1","PiercingWail","Deflect","Night Terror","Dash","Prepared","Slice","Backstab+1","Dodge and Roll","Escape Plan","Deflect","Dagger Throw+1","Outmaneuver+1","Phantasmal Killer","Poisoned Stab+1","Dash","Dagger Spray+1","Riddle With Holes+1","PiercingWail","Deadly Poison+1","Crippling Poison+1","Bane","Dagger Throw","Dash+1","Terror+1","Sucker Punch"],"max_hp_per_floor":[70,70,70,70,70,70,70,70,70,70,70,70,70,70,70,70,77,77,77,77,77,77,77,77,77,77,77,77,77,77,77,77,77,77,77,77,77,77,77,77,77,77,77,77,77,77,77,77,77],"relics":["Ring of the Snake","NeowsBlessing","Old Coin","Tiny Chest","Bag of Marbles","Unceasing Top","Oddly Smooth Stone","Pantograph","Calling Bell","Dodecahedron","Darkstone Periapt","Strawberry","Nilry\u0027s Codex","Dead Branch","Blood Vial","Orrery","Ginger","Ancient Tea Set"],"card_choices":[{"not_picked":["Bouncing Flask","Predator"],"picked":"Flying Knee"},{"not_picked":["Riddle With Holes","Quick Slash"],"picked":"Caltrops"},{"not_picked":["Underhanded Strike","Malaise"],"picked":"Slice"},{"not_picked":["Cloak And Dagger","Dagger Throw"],"picked":"Glass Knife"},{"not_picked":["Finisher","Outmaneuver"],"picked":"All Out Attack"},{"not_picked":["Dagger Spray","Malaise"],"picked":"Endless Agony"},{"not_picked":["Catalyst","Underhanded Strike"],"picked":"Deflect"},{"not_picked":["Wraith Form","Storm of Steel"],"picked":"Night Terror"},{"not_picked":["PiercingWail","Reflex"],"picked":"Dash"},{"not_picked":["Crippling Poison","Underhanded Strike"],"picked":"Slice"},{"not_picked":["Masterful Stab","PiercingWail"],"picked":"Backstab"},{"not_picked":["Sucker Punch","Deadly Poison"],"picked":"Escape Plan"},{"not_picked":["Slice","Deadly Poison"],"picked":"Deflect"},{"not_picked":["Deadly Poison","Prepared"],"picked":"Dagger Throw"},{"not_picked":["Distraction","Dash"],"picked":"Outmaneuver"},{"not_picked":["Venomology","Corpse Explosion"],"picked":"Phantasmal Killer"},{"not_picked":["Cloak And Dagger","Outmaneuver"],"picked":"Poisoned Stab"},{"not_picked":["Expertise","Backflip"],"picked":"Dash"},{"not_picked":["Dagger Throw","Phantasmal Killer"],"picked":"Dagger Spray"},{"not_picked":["PiercingWail","Choke"],"picked":"Riddle With Holes"},{"not_picked":["Calculated Gamble","Flying Knee"],"picked":"PiercingWail"},{"not_picked":["Quick Slash","Cloak And Dagger"],"picked":"Deadly Poison"},{"not_picked":["Bouncing Flask","Catalyst"],"picked":"Crippling Poison"},{"not_picked":["Flying Knee","Riddle With Holes"],"picked":"Dagger Throw"},{"not_picked":["Accuracy","Deadly Poison"],"picked":"Dash"},{"not_picked":["Cloak And Dagger","Sucker Punch"],"picked":"Terror"},{"not_picked":["Bane","A Thousand Cuts"],"picked":"Sucker Punch"}],"player_experience":133293,"potions_floor_usage":[7,24,24,33,33,46,50,50],"damage_taken":[{"damage":0,"enemies":"Cultist","floor":1,"turns":1},{"damage":0,"enemies":"Jaw Worm","floor":2,"turns":1},{"damage":0,"enemies":"Small Slimes","floor":4,"turns":1},{"damage":5,"enemies":"2 Fungi Beasts","floor":5,"turns":4},{"damage":3,"enemies":"3 Sentries","floor":7,"turns":6},{"damage":0,"enemies":"Blue Slaver","floor":10,"turns":4},{"damage":10,"enemies":"Gremlin Nob","floor":14,"turns":3},{"damage":16,"enemies":"Slime Boss","floor":16,"turns":10},{"damage":12,"enemies":"2 Thieves","floor":18,"turns":4},{"damage":0,"enemies":"Chosen","floor":21,"turns":2},{"damage":35,"enemies":"Book of Stabbing","floor":24,"turns":5},{"damage":1,"enemies":"Snake Plant","floor":27,"turns":2},{"damage":8,"enemies":"Snecko","floor":28,"turns":4},{"damage":10,"enemies":"Centurion and Healer","floor":29,"turns":4},{"damage":4,"enemies":"Chosen and Byrds","floor":31,"turns":3},{"damage":61,"enemies":"Champ","floor":33,"turns":15},{"damage":27,"enemies":"3 Shapes","floor":35,"turns":4},{"damage":0,"enemies":"Orb Walker","floor":36,"turns":1},{"damage":20,"enemies":"Maw","floor":39,"turns":9},{"damage":0,"enemies":"3 Darklings","floor":44,"turns":1},{"damage":26,"enemies":"Sphere and 2 Shapes","floor":46,"turns":5},{"damage":45,"enemies":"Maw","floor":48,"turns":6},{"damage":93,"enemies":"Awakened One","floor":50,"turns":11}],"event_choices":[{"event_name":"Golden Shrine","player_choice":"Pray","floor":8,"damage_taken":0},{"event_name":"The Library","player_choice":"Heal","floor":19,"damage_taken":0},{"event_name":"Cursed Tome","player_choice":"Obtained Book","floor":22,"damage_taken":0},{"event_name":"Fountain of Cleansing","player_choice":"Removed Curse","floor":41,"damage_taken":0}],"boss_relics":[{"not_picked":["Question Card","Runic Dome"],"picked":"Calling Bell"},{"not_picked":["Velvet Choker","Philosopher\u0027s Stone"],"picked":"Orrery"}],"potions_floor_spawned":[4,5,16,29,31,39,44,48],"seed_played":"1606115611094401544","killed_by":"Awakened One","ascension_level":0,"is_trial":false}