{"gold_per_floor":[18,18,18,18,31,31,58,76,148,148,182,196,206,234,234,339,339,356,368,368,36,36,54,80,97,123,123,136,136,136,152,152,253,253,273,27,27,27,42,73,73,103,103,119,119,136,171,171,171,171],"floor_reached":51,"playtime":3388,"items_purged":["Strike_G"],"score":813,"play_id":"d3bfe6ee-8fb8-4fcf-aae8-1c4798d705c4","local_time":"20190118000831","is_ascension_mode":true,"campfire_choices":[{"floor":6.0,"key":"REST"},{"floor":15.0,"key":"REST"},{"floor":27.0,"key":"REST"},{"data":"After Image","floor":30.0,"key":"SMITH"},{"data":"Dash","floor":32.0,"key":"SMITH"},{"data":"Apotheosis","floor":41,"key":"SMITH"},{"data":"Bullet Time","floor":45,"key":"SMITH"},{"data":"Backstab","floor":49,"key":"SMITH"}],"neow_cost":"NO_GOLD","seed_source_timestamp":0,"circlet_count":0,"master_deck":["Defend_G","Defend_G+1","Defend_G","Defend_G+1","Strike_G","Strike_G","Strike_G","Survivor","Neutralize","Infinite Blades","Terror","Dash+1","Calculated Gamble","Backflip","Phantasmal Killer+1","Crippling Poison","Tools of the Trade","Endless Agony","Blade Dance","Dramatic Entrance","After Image+1","Dagger Spray","Backstab+1","Infinite Blades","Bullet Time+1","Footwork+1","Apotheosis+1","Cloak And Dagger+1"],"special_seed":0,"relics":["Ring of the Serpent","Torii","Dream Catcher","Paper Crane","Du-Vu Doll","Ornamental Fan","Shuriken","Mummified Hand","Anchor","Letter Opener","WristBlade","Juzu Bracelet","Darkstone Periapt","Meat on the Bone","Pantograph"],"potions_floor_usage":[40,47,50,50,50],"damage_taken":[{"damage":1.0,"enemies":"Small Slimes","floor":1.0,"turns":5.0},{"damage":0.0,"enemies":"2 Louse","floor":5.0,"turns":4.0},{"damage":13.0,"enemies":"Gremlin Nob","floor":7.0,"turns":4.0},{"damage":0.0,"enemies":"Cultist","floor":8.0,"turns":3.0},{"damage":1.0,"enemies":"Lagavulin","floor":11.0,"turns":6.0},{"damage":2.0,"enemies":"Lots of Slimes","floor":12.0,"turns":5.0},{"damage":1.0,"enemies":"Large Slime","floor":13.0,"turns":8.0},{"damage":4.0,"enemies":"3 Sentries","floor":14.0,"turns":9.0},{"damage":43.0,"enemies":"The Guardian","floor":16.0,"turns":13.0},{"damage":1.0,"enemies":"Shell Parasite","floor":18.0,"turns":6.0},{"damage":0.0,"enemies":"Chosen","floor":19.0,"turns":6.0},{"damage":1.0,"enemies":"Snecko","floor":23.0,"turns":4.0},{"damage":21.0,"enemies":"Slavers","floor":24.0,"turns":6.0},{"damage":1.0,"enemies":"Chosen and Byrds","floor":25.0,"turns":6.0},{"damage":1.0,"enemies":"Snake Plant","floor":28.0,"turns":6.0},{"damage":1.0,"enemies":"Snecko","floor":31.0,"turns":5.0},{"damage":2.0,"enemies":"Automaton","floor":33.0,"turns":9.0},{"damage":7,"enemies":"3 Shapes","floor":35,"turns":4},{"damage":0,"enemies":"Orb Walker","floor":39,"turns":3},{"damage":9,"enemies":"Nemesis","floor":40,"turns":5},{"damage":0,"enemies":"Giant Head","floor":42,"turns":6},{"damage":0,"enemies":"Jaw Worm Horde","floor":44,"turns":4},{"damage":0,"enemies":"3 Darklings","floor":46,"turns":3},{"damage":11,"enemies":"Reptomancer","floor":47,"turns":6},{"damage":16,"enemies":"Time Eater","floor":50,"turns":8}],"seed_played":"2904413793112812246","potions_obtained":[{"floor":7.0,"key":"AttackPotion"},{"floor":8.0,"key":"Dexterity Potion"},{"floor":11.0,"key":"SkillPotion"},{"floor":46,"key":"Weak Potion"},{"floor":47,"key":"Poison Potion"}],"is_trial":false,"path_per_floor":["M","?","$","?","M","R","E","M","T","?","E","M","M","E","R","B",null,"M","M","?","$","?","M","E","M","T","R","M","T","R","M","R","B",null,"M","$","?","?","M","E","R","E","T","M","R","M","E","?","R","B",null],"character_chosen":"THE_SILENT","items_purchased":["Dramatic Entrance","Shuriken","Apotheosis"],"campfire_rested":3,"item_purchase_floors":[21,21,36],"current_hp_per_floor":[69,55,55,48,48,69,56,56,56,56,55,53,52,48,69,26,70,69,69,69,69,69,68,47,46,46,67,66,66,66,65,65,63,70,63,63,63,63,63,54,54,54,54,54,54,54,43,43,43,50],"gold":171,"neow_bonus":"ONE_RARE_RELIC","is_prod":false,"is_daily":false,"chose_seed":false,"campfire_upgraded":5,"win_rate":0,"timestamp":1547788111,"path_taken":["M","?","$","?","M","R","E","M","T","?","E","?","M","E","R","BOSS","M","?","?","$","?","?","E","?","T","R","M","?","R","M","R","BOSS","M","$","?","?","?","E","R","E","T","M","R","M","E","?","R","BOSS"],"build_version":"2019-01-17","purchased_purges":1,"victory":true,"max_hp_per_floor":[70,70,70,70,70,70,70,70,70,70,70,70,70,70,70,70,70,70,70,70,70,70,70,70,70,70,70,70,70,70,70,70,70,70,70,70,66,66,66,66,66,66,66,66,66,66,66,66,66,66],"card_choices":[{"not_picked":["Slice","Dodge and Roll"],"picked":"Infinite Blades","floor":1.0},{"not_picked":["Deadly Poison","Dagger Throw"],"picked":"Terror","floor":5.0},{"not_picked":["Deadly Poison","Skewer"],"picked":"Dash","floor":7.0},{"not_picked":["Poisoned Stab","Acrobatics","Dodge and Roll"],"picked":"SKIP","floor":8.0},{"not_picked":["Flying Knee","Quick Slash","Caltrops"],"picked":"SKIP","floor":11.0},{"not_picked":["Dagger Spray","Acrobatics"],"picked":"Backflip","floor":12.0},{"not_picked":["A Thousand Cuts","Underhanded Strike","Flying Knee"],"picked":"SKIP","floor":13.0},{"not_picked":["A Thousand Cuts","Underhanded Strike","Flying Knee"],"picked":"SKIP","floor":13.0},{"not_picked":["Acrobatics","Deadly Poison"],"picked":"Phantasmal Killer","floor":14.0},{"not_picked":["Distraction","Well Laid Plans"],"picked":"Crippling Poison","floor":15.0},{"not_picked":["Wraith Form v2","Die Die Die"],"picked":"Tools of the Trade","floor":16.0},{"not_picked":["Crippling Poison+1","Sucker Punch"],"picked":"Endless Agony","floor":18.0},{"not_picked":["Crippling Poison","Bane"],"picked":"Blade Dance","floor":19.0},{"not_picked":["Poisoned Stab","Outmaneuver","Dodge and Roll"],"picked":"SKIP","floor":23.0},{"not_picked":["PiercingWail","Outmaneuver"],"picked":"After Image","floor":24.0},{"not_picked":["Outmaneuver","Deadly Poison"],"picked":"Dagger Spray","floor":25.0},{"not_picked":["Deadly Poison","Sucker Punch+1"],"picked":"Backstab","floor":27.0},{"not_picked":["Underhanded Strike","Dagger Spray"],"picked":"Infinite Blades","floor":28.0},{"not_picked":["Cloak And Dagger","Poisoned Stab","Dagger Spray"],"picked":"SKIP","floor":31.0},{"not_picked":["Glass Knife","A Thousand Cuts"],"picked":"Bullet Time","floor":33.0},{"not_picked":["Concentrate","Masterful Stab+1"],"picked":"Footwork+1","floor":35},{"not_picked":["Flying Knee+1","Backflip+1"],"picked":"Cloak And Dagger+1","floor":39},{"not_picked":["Endless Agony","PiercingWail+1","Malaise"],"picked":"SKIP","floor":40},{"not_picked":["PiercingWail","Dodge and Roll+1","Quick Slash"],"picked":"SKIP","floor":42},{"not_picked":["Bane+1","Underhanded Strike+1","Catalyst+1"],"picked":"SKIP","floor":44},{"not_picked":["Deadly Poison+1","Unload","Bane+1"],"picked":"SKIP","floor":46},{"not_picked":["Leg Sweep","Doppelganger","Poisoned Stab"],"picked":"SKIP","floor":47}],"player_experience":69500,"relics_obtained":[{"floor":7.0,"key":"Dream Catcher"},{"floor":9.0,"key":"Paper Crane"},{"floor":11.0,"key":"Du-Vu Doll"},{"floor":14.0,"key":"Ornamental Fan"},{"floor":24.0,"key":"Mummified Hand"},{"floor":26.0,"key":"Anchor"},{"floor":29.0,"key":"Letter Opener"},{"floor":40,"key":"Juzu Bracelet"},{"floor":42,"key":"Darkstone Periapt"},{"floor":43,"key":"Meat on the Bone"},{"floor":47,"key":"Pantograph"}],"event_choices":[{"damage_healed":0.0,"max_hp_gain":0.0,"max_hp_loss":0.0,"gold_gain":0.0,"event_name":"Shining Light","player_choice":"Entered Light","floor":2.0,"gold_loss":0.0,"damage_taken":14.0,"cards_upgraded":["Defend_G","Defend_G"]},{"cards_removed":["Strike_G"],"damage_healed":0.0,"max_hp_gain":0.0,"max_hp_loss":0.0,"gold_gain":0.0,"event_name":"Golden Wing","player_choice":"Card Removal","floor":4.0,"gold_loss":0.0,"damage_taken":7.0},{"damage_healed":0.0,"max_hp_gain":0.0,"max_hp_loss":0.0,"gold_gain":0.0,"cards_transformed":["Defend_G"],"event_name":"Transmorgrifier","player_choice":"Transformed","floor":10.0,"gold_loss":0.0,"damage_taken":0.0,"cards_obtained":["Calculated Gamble"]},{"damage_healed":0.0,"max_hp_gain":0.0,"max_hp_loss":0.0,"gold_gain":0.0,"event_name":"Vampires","player_choice":"Ignored","floor":20.0,"gold_loss":0.0,"damage_taken":0.0},{"damage_healed":0.0,"max_hp_gain":0.0,"max_hp_loss":0.0,"gold_gain":0.0,"event_name":"Accursed Blacksmith","player_choice":"Forge","floor":22.0,"gold_loss":0.0,"damage_taken":0.0,"cards_upgraded":["Phantasmal Killer"]},{"damage_healed":0,"gold_gain":0,"player_choice":"Max HP","damage_taken":0,"max_hp_gain":0,"max_hp_loss":4,"event_name":"Winding Halls","floor":37,"gold_loss":0},{"damage_healed":0,"gold_gain":0,"player_choice":"Ignored","damage_taken":0,"max_hp_gain":0,"max_hp_loss":0,"event_name":"SecretPortal","floor":38,"gold_loss":0},{"damage_healed":0,"gold_gain":0,"player_choice":"Bought 0 Potions","damage_taken":0,"max_hp_gain":0,"max_hp_loss":0,"event_name":"The Woman in Blue","floor":48,"gold_loss":0}],"is_beta":false,"boss_relics":[{"not_picked":["Runic Dome","Black Star"],"picked":"Ring of the Serpent"},{"not_picked":["Cursed Key","Fusion Hammer"],"picked":"WristBlade"}],"items_purged_floors":[36],"is_endless":false,"potions_floor_spawned":[7,8,11,14,19,23,46,47],"ascension_level":1}