{"path_per_floor":["M","?","M","?","?","R","?","?","T","R","?","R","?","M","R","B",null,"M","?","?","?","$","R","?","R","T","R","M","M","T","M","R","B",null,"M","$","?","?","?","R","E","M","T","T","?","$","M","M","R"],"character_chosen":"THE_SILENT","items_purchased":["Bag of Marbles","Bane","Noxious Fumes"],"gold_per_floor":[119,119,134,134,134,134,134,134,157,157,157,157,213,227,227,330,330,347,347,347,272,47,47,47,47,100,100,87,105,128,142,142,240,240,256,104,0,0,0,0,26,42,42,42,42,2,22,37,37],"floor_reached":50,"campfire_rested":3,"playtime":2346,"current_hp_per_floor":[70,45,45,31,31,52,70,70,70,70,70,70,66,66,66,48,70,61,61,49,49,49,49,49,49,49,49,45,49,49,38,49,49,49,43,43,43,37,37,37,20,21,21,21,21,21,20,6,20],"items_purged":["Defend_G","Defend_G"],"gold":37,"score":493,"play_id":"0363624e-e51a-47ec-86ca-57979dbfd4e8","local_time":"20180302235325","is_prod":false,"is_daily":false,"is_ascension_mode":true,"campfire_upgraded":7,"timestamp":1520052805,"path_taken":["M","?","M","?","?","R","?","?","T","R","?","R","?","M","R","BOSS","M","?","?","?","$","R","?","R","T","R","M","M","?","M","R","BOSS","M","$","?","?","?","R","E","M","T","?","?","$","M","M","R","BOSS"],"build_version":"2018-03-01-PROD1","purchased_purges":2,"victory":false,"master_deck":["Defend_G+1","Defend_G","Survivor+1","Neutralize+1","Backflip+1","Poisoned Stab+1","Noxious Fumes+1","After Image+1","Bite+1","Bite+1","Bite","Bite","Bite","Cloak And Dagger+1","Flying Knee+1","Footwork+1","Envenom","Deflect","Bane","Madness","Cloak And Dagger+1","PiercingWail+1","Purity","Noxious Fumes","Crippling Poison+1","Dagger Spray+1"],"max_hp_per_floor":[70,70,70,70,70,70,70,70,70,70,70,70,70,70,70,70,70,70,70,49,49,49,49,49,49,49,49,49,49,49,49,49,49,49,49,49,49,49,49,49,49,49,49,49,49,49,49,49,49],"relics":["Ring of the Snake","Juzu Bracelet","Whetstone","Mercury Hourglass","Lizard Tail","Bag of Marbles","Tiny Chest","Vajra","The Specimen","Red Mask","Bottled Flame","Calipers","Art of War"],"card_choices":[{"not_picked":["Flechettes","Grand Finale"],"picked":"Finisher"},{"not_picked":["Choke","Bane"],"picked":"Backflip"},{"not_picked":["Dodge and Roll","Blade Dance"],"picked":"Poisoned Stab"},{"not_picked":["Dodge and Roll","Flying Knee"],"picked":"Noxious Fumes"},{"not_picked":["Adrenaline","Wraith Form"],"picked":"After Image"},{"not_picked":["Noxious Fumes","Bane"],"picked":"Flying Knee"},{"not_picked":["Dagger Spray","Finisher"],"picked":"Cloak And Dagger"},{"not_picked":["Outmaneuver","Bane"],"picked":"Flying Knee"},{"not_picked":["Reflex","Heel Hook"],"picked":"Footwork"},{"not_picked":["Storm of Steel","Corpse Explosion"],"picked":"Envenom"},{"not_picked":["Dagger Spray","Deadly Poison"],"picked":"Deflect"},{"not_picked":["Flying Knee","Acrobatics"],"picked":"Cloak And Dagger"},{"not_picked":["Endless Agony","Eviscerate"],"picked":"PiercingWail"},{"not_picked":["Flechettes","PiercingWail"],"picked":"Crippling Poison"},{"not_picked":["Flying Knee","Well Laid Plans"],"picked":"Dagger Spray"}],"player_experience":336755,"potions_floor_usage":[13,16,31,33,35,41,42],"damage_taken":[{"damage":0,"enemies":"Jaw Worm","floor":1,"turns":7},{"damage":0,"enemies":"2 Louse","floor":3,"turns":4},{"damage":10,"enemies":"Gremlin Nob","floor":13,"turns":5},{"damage":0,"enemies":"Small Slimes","floor":14,"turns":2},{"damage":18,"enemies":"The Guardian","floor":16,"turns":9},{"damage":9,"enemies":"Shell Parasite","floor":18,"turns":7},{"damage":16,"enemies":"2 Thieves","floor":28,"turns":4},{"damage":2,"enemies":"Centurion and Healer","floor":29,"turns":7},{"damage":11,"enemies":"Cultist and Chosen","floor":31,"turns":6},{"damage":29,"enemies":"Automaton","floor":33,"turns":12},{"damage":6,"enemies":"Orb Walker","floor":35,"turns":4},{"damage":42,"enemies":"Giant Head","floor":41,"turns":11},{"damage":21,"enemies":"3 Darklings","floor":42,"turns":7},{"damage":12,"enemies":"4 Shapes","floor":47,"turns":5},{"damage":25,"enemies":"Sphere and 2 Shapes","floor":48,"turns":6},{"damage":70,"enemies":"Time Eater","floor":50,"turns":11}],"event_choices":[{"event_name":"Scrap Ooze","player_choice":"success","floor":2,"damage_taken":25},{"event_name":"Shining Light","player_choice":"Entered Light","floor":4,"damage_taken":0},{"event_name":"Wheel of Change","player_choice":"Curse","floor":5,"damage_taken":0},{"event_name":"Big Fish","player_choice":"Banana","floor":7,"damage_taken":0},{"event_name":"The Woman in Blue","player_choice":"Bought 0 Potions","floor":8,"damage_taken":0},{"event_name":"Liars Game","player_choice":"disagreed","floor":11,"damage_taken":0},{"event_name":"Dead Adventurer","player_choice":"Searched \u00272\u0027 times","floor":13,"damage_taken":0},{"event_name":"Back to Basics","player_choice":"Elegance","floor":19,"damage_taken":0},{"event_name":"Vampires","player_choice":"Became a vampire","floor":20,"damage_taken":0},{"event_name":"Beggar","player_choice":"Gave Gold","floor":21,"damage_taken":0},{"event_name":"Bonfire Elementals","player_choice":"UNCOMMON","floor":24,"damage_taken":0},{"event_name":"Tomb of Lord Red Mask","player_choice":"Paid","floor":37,"damage_taken":0},{"event_name":"Winding Halls","player_choice":"Embrace Madness","floor":38,"damage_taken":0},{"event_name":"Transmorgrifier","player_choice":"Transform","floor":45,"damage_taken":0}],"boss_relics":[{"not_picked":["Philosopher\u0027s Stone","Calling Bell"],"picked":"Lizard Tail"},{"not_picked":["Velvet Choker","Snecko Eye"],"picked":"The Specimen"}],"potions_floor_spawned":[1,3,13,16,28,33,41],"seed_played":"8775060761609571815","killed_by":"Time Eater","ascension_level":2,"is_trial":false}