{"path_per_floor":["M","M","M","$","?","R","M","M","T","R","?","M","M","M","R","B",null,"M","?","$","M","M","R","?","E","T","R","M"],"character_chosen":"IRONCLAD","items_purchased":["Fire Breathing","Perfected Strike"],"gold_per_floor":[115,127,141,66,66,66,83,98,123,123,88,106,117,132,132,230,230,249,164,36,47,64,64,64,97,97,97,113],"floor_reached":29,"campfire_rested":1,"playtime":2488,"current_hp_per_floor":[80,80,78,78,62,62,61,57,57,57,77,76,64,61,61,13,80,56,56,56,53,25,64,80,33,33,33,30],"items_purged":["Injury"],"gold":113,"score":239,"play_id":"ae5b0493-2c58-4cc2-a882-2eeb2d0359b9","is_prod":false,"is_daily":false,"is_ascension_mode":false,"campfire_upgraded":4,"path_taken":["M","M","M","$","?","R","M","M","T","R","?","M","M","M","R","BOSS","M","?","$","?","M","R","?","E","T","R","M","E"],"build_version":"2018-02-15-PROD1","purchased_purges":1,"victory":false,"master_deck":["Strike_R","Strike_R","Strike_R","Strike_R+1","Strike_R","Defend_R","Defend_R","Defend_R","Defend_R+1","Bash","Brutality+1","Blood for Blood+1","Flame Barrier","Pommel Strike","Fire Breathing","Headbutt","Spot Weakness","Intimidate","Blood for Blood+1","Reaper+1","Shockwave","Perfected Strike","Rampage","Shrug It Off","Heavy Blade","Pommel Strike"],"max_hp_per_floor":[80,80,80,80,80,80,80,80,80,80,80,80,80,80,80,80,80,80,80,80,80,80,80,80,80,80,80,80],"relics":["Black Blood","Bag of Preparation","Regal Pillow","Red Skull","Centennial Puzzle"],"card_choices":[{"not_picked":["Bludgeon","Berserk"],"picked":"Brutality"},{"not_picked":["Shrug It Off","Sword Boomerang"],"picked":"Blood for Blood"},{"not_picked":["Pummel","Combust"],"picked":"Flame Barrier"},{"not_picked":["Pummel","Twin Strike"],"picked":"Pommel Strike"},{"not_picked":["Twin Strike","Hemokinesis"],"picked":"Headbutt"},{"not_picked":["Shrug It Off","Wild Strike"],"picked":"Spot Weakness"},{"not_picked":["Warcry","Hemokinesis"],"picked":"Intimidate"},{"not_picked":["Sword Boomerang","Barricade"],"picked":"Blood for Blood"},{"not_picked":["Juggernaut","Feed"],"picked":"Reaper"},{"not_picked":["Searing Blow","Clash"],"picked":"Shockwave"},{"not_picked":["Evolve","Metallicize"],"picked":"Rampage"},{"not_picked":["Clash","Battle Trance"],"picked":"Shrug It Off"},{"not_picked":["Searing Blow","Pummel"],"picked":"Heavy Blade"},{"not_picked":["Corruption","Thunderclap"],"picked":"Pommel Strike"}],"player_experience":41943,"potions_floor_usage":[8,14,16,16,25,28,28,29],"damage_taken":[{"damage":2,"enemies":"Small Slimes","floor":1,"turns":4},{"damage":5,"enemies":"2 Louse","floor":2,"turns":3},{"damage":8,"enemies":"Cultist","floor":3,"turns":4},{"damage":7,"enemies":"2 Fungi Beasts","floor":7,"turns":3},{"damage":10,"enemies":"Exordium Thugs","floor":8,"turns":5},{"damage":7,"enemies":"3 Louse","floor":12,"turns":4},{"damage":18,"enemies":"Lots of Slimes","floor":13,"turns":3},{"damage":9,"enemies":"Blue Slaver","floor":14,"turns":3},{"damage":54,"enemies":"The Guardian","floor":16,"turns":8},{"damage":34,"enemies":"Spheric Guardian","floor":18,"turns":6},{"damage":27,"enemies":"2 Thieves","floor":21,"turns":3},{"damage":46,"enemies":"Centurion and Healer","floor":22,"turns":7},{"damage":61,"enemies":"Gremlin Leader","floor":25,"turns":9},{"damage":22,"enemies":"Snake Plant","floor":28,"turns":4},{"damage":46,"enemies":"Book of Stabbing","floor":29,"turns":6}],"event_choices":[{"event_name":"Shining Light","player_choice":"Entered Light","floor":5,"damage_taken":0},{"event_name":"The Cleric","player_choice":"Healed","floor":11,"damage_taken":0},{"event_name":"Addict","player_choice":"Obtained Relic","floor":19,"damage_taken":0},{"event_name":"The Library","player_choice":"Heal","floor":24,"damage_taken":0}],"boss_relics":[{"not_picked":["Question Card","Tiny House"],"picked":"Black Blood"}],"potions_floor_spawned":[1,7,8,12,14,18,22,25],"seed_played":"-6586290819058169740","killed_by":"Book of Stabbing","ascension_level":0,"is_trial":false}