{"path_per_floor":["M","M","M","M","M","M","M","R","T","M","?","R","?","$","R"],"character_chosen":"IRONCLAD","items_purchased":[],"gold_per_floor":[20,34,51,71,88,104,120,120,120,136,136,136,136,61,61],"floor_reached":16,"campfire_rested":1,"playtime":675,"current_hp_per_floor":[79,72,71,57,40,28,17,41,41,38,58,58,58,58,58],"items_purged":["Parasite"],"gold":61,"score":96,"play_id":"122fe8db-96dc-48b7-bb76-a8bf74f3359b","local_time":"20180320223733","is_prod":false,"is_daily":false,"is_ascension_mode":false,"campfire_upgraded":2,"timestamp":1521599853,"path_taken":["M","M","M","M","M","M","M","R","T","M","?","R","?","$","R","BOSS"],"build_version":"2018-03-15v3","purchased_purges":1,"victory":false,"master_deck":["Strike_R","Strike_R","Strike_R","Strike_R","Strike_R","Defend_R","Defend_R","Defend_R","Defend_R","Bash","Immolate","Body Slam","Entrench","Double Tap","Body Slam","Wild Strike","True Grit+1","Evolve+1"],"max_hp_per_floor":[80,80,80,80,80,80,80,80,80,80,80,80,80,77,77],"relics":["Burning Blood","Torii"],"card_choices":[{"not_picked":["Limit Break","Exhume"],"picked":"Immolate"},{"not_picked":["Corruption","Heavy Blade"],"picked":"Body Slam"},{"not_picked":["Spot Weakness","Burning Pact"],"picked":"Entrench"},{"not_picked":["Spot Weakness","Clash"],"picked":"Double Tap"},{"not_picked":["Sword Boomerang","Fire Breathing"],"picked":"Body Slam"},{"not_picked":["Armaments","Spot Weakness"],"picked":"Wild Strike"},{"not_picked":["Flex","Clash"],"picked":"True Grit"},{"not_picked":["Inflame","Reckless Charge"],"picked":"Evolve"}],"player_experience":629186,"potions_floor_usage":[4,7,16,16,16],"damage_taken":[{"damage":7,"enemies":"Cultist","floor":1,"turns":5},{"damage":13,"enemies":"2 Louse","floor":2,"turns":3},{"damage":7,"enemies":"Small Slimes","floor":3,"turns":5},{"damage":32,"enemies":"Exordium Wildlife","floor":4,"turns":7},{"damage":23,"enemies":"Large Slime","floor":5,"turns":7},{"damage":18,"enemies":"3 Louse","floor":6,"turns":5},{"damage":17,"enemies":"Gremlin Gang","floor":7,"turns":6},{"damage":9,"enemies":"Blue Slaver","floor":10,"turns":5},{"damage":61,"enemies":"Hexaghost","floor":16,"turns":13}],"event_choices":[{"event_name":"Mushrooms","player_choice":"Healed and dodged fight","floor":11,"damage_taken":0},{"event_name":"The Lab","player_choice":"Got Potions","floor":13,"damage_taken":0}],"boss_relics":[],"potions_floor_spawned":[3,5,10],"seed_played":"6722139701975709059","killed_by":"Hexaghost","ascension_level":0,"is_trial":false}