{"gold_per_floor":[111,128,27,46,46,78,134,134,134,134,134,147,147,161,161,262,262,273,273,290,15,15,15,33,65,90,90,120,130,130,141,141,141],"floor_reached":33,"playtime":1821,"items_purged":["Defend_R"],"score":586,"play_id":"a10f549d-b2b7-42a0-a201-766f65e94c1c","local_time":"20181216203105","is_ascension_mode":true,"campfire_choices":[{"floor":8,"key":"REST"},{"data":"Armaments","floor":10,"key":"SMITH"},{"data":"Rampage","floor":13,"key":"SMITH"},{"data":"Bludgeon","floor":15,"key":"SMITH"},{"data":"Immolate","floor":23,"key":"SMITH"},{"floor":27,"key":"REST"},{"data":"Limit Break","floor":30,"key":"SMITH"},{"floor":32,"key":"REST"}],"neow_cost":"NONE","seed_source_timestamp":116233884936285,"circlet_count":0,"master_deck":["AscendersBane","Bash","Headbutt","Armaments+1","Shrug It Off","Bludgeon+1","Seeing Red","Shrug It Off","Entrench","Rampage+1","Intimidate","Limit Break+1","Rupture","Havoc","Immolate+1","Feed","Whirlwind","Demon Form","Pommel Strike","Evolve","Clothesline","Entrench","Anger","Metallicize","Dual Wield","True Grit+1","Sentinel+1","Shrug It Off+1","Heavy Blade"],"relics":["Burning Blood","Shuriken","Centennial Puzzle","Strawberry","Pandora\u0027s Box","ClockworkSouvenir","Toxic Egg 2","Juzu Bracelet","Bottled Lightning"],"potions_floor_usage":[6,12,20,28,29,32],"damage_taken":[{"damage":15,"enemies":"Cultist","floor":1,"turns":5},{"damage":0,"enemies":"Small Slimes","floor":2,"turns":3},{"damage":0,"enemies":"2 Louse","floor":4,"turns":3},{"damage":25,"enemies":"3 Sentries","floor":6,"turns":9},{"damage":39,"enemies":"3 Sentries","floor":7,"turns":8},{"damage":12,"enemies":"Lots of Slimes","floor":12,"turns":6},{"damage":0,"enemies":"Looter","floor":14,"turns":2},{"damage":0,"enemies":"Slime Boss","floor":16,"turns":11},{"damage":30,"enemies":"2 Thieves","floor":18,"turns":4},{"damage":47,"enemies":"3 Byrds","floor":20,"turns":6},{"damage":5,"enemies":"3 Cultists","floor":24,"turns":5},{"damage":52,"enemies":"Book of Stabbing","floor":25,"turns":5},{"damage":5,"enemies":"Gremlin Leader","floor":28,"turns":8},{"damage":34,"enemies":"Centurion and Healer","floor":29,"turns":6},{"damage":54,"enemies":"Snake Plant","floor":31,"turns":6},{"damage":77,"enemies":"Collector","floor":33,"turns":9}],"seed_played":"7992257278956972535","potions_obtained":[{"floor":2,"key":"EssenceOfSteel"},{"floor":6,"key":"Regen Potion"},{"floor":7,"key":"SpeedPotion"},{"floor":16,"key":"Weak Potion"},{"floor":18,"key":"Swift Potion"},{"floor":25,"key":"Poison Potion"},{"floor":31,"key":"Fruit Juice"}],"is_trial":false,"path_per_floor":["M","M","$","M","T","E","?","R","T","R","?","M","R","M","R","B",null,"M","?","M","$","?","R","M","E","T","R","E","M","R","M","R","B"],"character_chosen":"IRONCLAD","items_purchased":["Shrug It Off","ClockworkSouvenir","Metallicize"],"campfire_rested":3,"item_purchase_floors":[3,21,21],"current_hp_per_floor":[71,77,77,83,83,64,38,66,66,66,66,75,75,81,81,87,93,69,69,31,31,108,108,111,65,65,98,102,78,78,30,70,0],"gold":141,"neow_bonus":"TEN_PERCENT_HP_BONUS","is_prod":false,"is_daily":false,"chose_seed":false,"campfire_upgraded":5,"win_rate":0,"timestamp":1545010265,"path_taken":["M","M","$","M","?","E","?","R","T","R","?","?","R","M","R","BOSS","M","?","?","$","?","R","?","E","T","R","E","M","R","M","R","BOSS"],"build_version":"2018-12-13","purchased_purges":1,"victory":false,"max_hp_per_floor":[88,88,88,88,88,88,95,95,95,95,95,95,95,95,95,95,95,95,95,98,98,108,108,111,111,111,111,114,118,118,118,123,123],"card_choices":[{"not_picked":["Thunderclap","Wild Strike"],"picked":"Headbutt","floor":1},{"not_picked":["Headbutt","Clash"],"picked":"Armaments","floor":2},{"not_picked":["Havoc","Pommel Strike"],"picked":"Bludgeon","floor":4},{"not_picked":["Power Through","Body Slam"],"picked":"Seeing Red","floor":6},{"not_picked":["Heavy Blade","Sword Boomerang"],"picked":"Shrug It Off","floor":7},{"not_picked":["Shrug It Off","Perfected Strike"],"picked":"Rampage","floor":12},{"not_picked":["Headbutt","Corruption"],"picked":"Intimidate","floor":14},{"not_picked":["Barricade","Fiend Fire"],"picked":"Limit Break","floor":16},{"not_picked":["Armaments","Iron Wave"],"picked":"Evolve","floor":18},{"not_picked":["Reckless Charge","Burning Pact"],"picked":"Anger","floor":20},{"not_picked":["Corruption","Sword Boomerang"],"picked":"Dual Wield","floor":24},{"not_picked":["Second Wind","Exhume"],"picked":"True Grit","floor":25},{"not_picked":["Metallicize","Corruption"],"picked":"Sentinel+1","floor":28},{"not_picked":["Thunderclap","Clash"],"picked":"Shrug It Off+1","floor":29},{"not_picked":["Perfected Strike","Flex+1"],"picked":"Heavy Blade","floor":31}],"player_experience":998392,"relics_obtained":[{"floor":5,"key":"Shuriken"},{"floor":6,"key":"Centennial Puzzle"},{"floor":25,"key":"Toxic Egg 2"},{"floor":26,"key":"Juzu Bracelet"},{"floor":28,"key":"Bottled Lightning"}],"event_choices":[{"damage_healed":0,"gold_gain":0,"player_choice":"Searched \u00272\u0027 times","damage_taken":0,"relics_obtained":["Strawberry"],"max_hp_gain":0,"max_hp_loss":0,"event_name":"Dead Adventurer","floor":7,"gold_loss":0},{"damage_healed":0,"gold_gain":0,"player_choice":"1 cards matched","damage_taken":0,"max_hp_gain":0,"max_hp_loss":0,"event_name":"Match and Keep!","floor":11,"gold_loss":0,"cards_obtained":["Entrench"]},{"damage_healed":0,"gold_gain":0,"player_choice":"2 cards matched","damage_taken":0,"max_hp_gain":0,"max_hp_loss":0,"event_name":"Match and Keep!","floor":19,"gold_loss":0,"cards_obtained":["Clothesline","Entrench"]},{"cards_removed":["Double Tap"],"damage_healed":67,"gold_gain":0,"player_choice":"Offered Rare","damage_taken":0,"max_hp_gain":10,"max_hp_loss":0,"event_name":"Bonfire Elementals","floor":22,"gold_loss":0}],"is_beta":true,"boss_relics":[{"not_picked":["Runic Pyramid","Empty Cage"],"picked":"Pandora\u0027s Box"}],"items_purged_floors":[3],"is_endless":false,"potions_floor_spawned":[2,6,7,16,18,25,31],"killed_by":"Collector","ascension_level":12}