{"path_per_floor":["M","M","M","M","M","R","?","M","T","R","M","?","M","M","R","B",null,"M","?","$","M","?","R","M","M","T","R","M","?","M","M","R"],"character_chosen":"IRONCLAD","items_purchased":["Flex","Battle Trance","Happy Flower"],"gold_per_floor":[114,132,142,155,167,167,267,285,285,285,303,362,381,396,396,497,497,514,514,190,208,208,208,223,241,266,266,282,282,298,316,316],"floor_reached":33,"campfire_rested":2,"playtime":2556,"current_hp_per_floor":[88,88,85,83,71,71,71,76,76,76,61,40,34,34,60,63,88,75,88,88,71,88,88,76,71,71,71,48,48,51,25,55],"items_purged":["Normality"],"gold":316,"score":272,"play_id":"654c16f3-dc44-4886-bd69-7e0411097173","is_prod":false,"is_daily":false,"is_ascension_mode":false,"campfire_upgraded":4,"path_taken":["M","M","M","M","M","R","?","M","T","R","M","?","?","M","R","BOSS","M","?","$","M","?","R","M","?","T","R","M","?","M","M","R","BOSS"],"build_version":"2018-02-15-PROD1","purchased_purges":1,"victory":false,"master_deck":["Strike_R","Strike_R","Strike_R","Strike_R","Strike_R","Defend_R","Defend_R","Defend_R","Defend_R","Bash+1","Spot Weakness","Sword Boomerang","Inflame","Cleave","Metallicize+1","Clothesline","Power Through","Iron Wave","Flex","Armaments","Demon Form+1","Regret","Injury","Pommel Strike","Flex","Battle Trance","Perfected Strike","Clothesline+1","Intimidate+1"],"max_hp_per_floor":[88,88,88,88,88,88,88,88,88,88,88,88,88,88,88,88,88,88,88,88,88,88,88,88,90,90,90,90,90,92,94,96],"relics":["Burning Blood","Dream Catcher","Bronze Scales","Calling Bell","Singing Bowl","Ginger","Matryoshka","Happy Flower","Orichalcum","Anchor"],"card_choices":[{"not_picked":["Second Wind","Dropkick"],"picked":"Spot Weakness"},{"not_picked":["Power Through","Fire Breathing"],"picked":"Sword Boomerang"},{"not_picked":["Armaments","Evolve"],"picked":"Dual Wield"},{"not_picked":["Brutality","Dropkick"],"picked":"Inflame"},{"not_picked":["Dropkick","Fire Breathing"],"picked":"Cleave"},{"not_picked":["Clash","Infernal Blade"],"picked":"Metallicize"},{"not_picked":["Shockwave","Havoc"],"picked":"Clothesline"},{"not_picked":["Body Slam","Armaments"],"picked":"Power Through"},{"not_picked":["Warcry","Havoc"],"picked":"Iron Wave"},{"not_picked":["Sever Soul","Heavy Blade"],"picked":"Flex"},{"not_picked":["Cleave","Sentinel"],"picked":"Armaments"},{"not_picked":["Berserk","Offering"],"picked":"Demon Form"},{"not_picked":["Searing Blow","Warcry"],"picked":"Pommel Strike"},{"not_picked":["True Grit","Anger"],"picked":"Perfected Strike"},{"not_picked":["True Grit","Anger"],"picked":"Clothesline"},{"not_picked":["Wild Strike","Flex"],"picked":"Intimidate"}],"player_experience":140401,"potions_floor_usage":[8,13,16,16,21,24,25,28],"damage_taken":[{"damage":6,"enemies":"Jaw Worm","floor":1,"turns":4},{"damage":1,"enemies":"Cultist","floor":2,"turns":4},{"damage":9,"enemies":"Small Slimes","floor":3,"turns":4},{"damage":8,"enemies":"3 Louse","floor":4,"turns":4},{"damage":18,"enemies":"Exordium Thugs","floor":5,"turns":4},{"damage":1,"enemies":"Red Slaver","floor":8,"turns":2},{"damage":21,"enemies":"Exordium Wildlife","floor":11,"turns":5},{"damage":27,"enemies":"3 Sentries","floor":12,"turns":5},{"damage":21,"enemies":"Lots of Slimes","floor":13,"turns":4},{"damage":6,"enemies":"Looter","floor":14,"turns":3},{"damage":3,"enemies":"Hexaghost","floor":16,"turns":7},{"damage":19,"enemies":"Spheric Guardian","floor":18,"turns":5},{"damage":23,"enemies":"Shell Parasite","floor":21,"turns":5},{"damage":18,"enemies":"3 Cultists","floor":24,"turns":4},{"damage":13,"enemies":"Chosen and Byrds","floor":25,"turns":6},{"damage":32,"enemies":"Snake Plant","floor":28,"turns":4},{"damage":5,"enemies":"Centurion and Healer","floor":30,"turns":8},{"damage":34,"enemies":"3 Cultists","floor":31,"turns":6},{"damage":73,"enemies":"Automaton","floor":33,"turns":6}],"event_choices":[{"event_name":"Golden Shrine","player_choice":"Pray","floor":7,"damage_taken":0},{"event_name":"Dead Adventurer","player_choice":"Searched \u00271\u0027 times","floor":12,"damage_taken":0},{"event_name":"The Library","player_choice":"Heal","floor":19,"damage_taken":0},{"event_name":"Bonfire Elementals","player_choice":"UNCOMMON","floor":22,"damage_taken":0},{"event_name":"N\u0027loth","player_choice":"Ignored","floor":29,"damage_taken":0}],"boss_relics":[{"not_picked":["Runic Cube","Orrery"],"picked":"Calling Bell"}],"potions_floor_spawned":[1,2,3,12,13,14,18,21,25,30],"seed_played":"3586865941518026507","killed_by":"Automaton","ascension_level":0,"is_trial":false}