{"path_per_floor":["M","?","?","$","M","E","R","E","T","M","M","E","$","E","R","B",null,"M","$","?","M","?","R","E","M","T","R","M","M","R","M","R"],"character_chosen":"THE_SILENT","items_purchased":["Footwork","Oddly Smooth Stone","Sucker Punch","A Thousand Cuts"],"gold_per_floor":[110,110,185,106,117,149,149,184,214,232,248,278,103,135,135,239,239,253,111,111,131,131,131,159,179,252,252,270,280,280,292,292,292],"floor_reached":33,"campfire_rested":4,"playtime":2175,"current_hp_per_floor":[70,56,45,45,45,45,66,39,39,41,35,33,33,17,53,47,64,66,66,66,67,54,54,41,35,35,35,18,22,61,48,81,0],"items_purged":[],"gold":292,"score":400,"play_id":"70e09a85-9e94-4e2f-9a57-70a29ba557dd","local_time":"20180325132528","is_prod":false,"is_daily":false,"is_ascension_mode":true,"campfire_upgraded":0,"timestamp":1521998728,"path_taken":["M","?","?","$","M","E","R","E","T","M","?","E","?","E","R","BOSS","M","$","?","M","?","R","E","?","T","R","M","M","R","M","R","BOSS"],"build_version":"2018-03-22v2","purchased_purges":1,"victory":false,"master_deck":["Defend_G","Defend_G","Defend_G","Defend_G","Defend_G","Strike_G+1","Strike_G","Strike_G","Strike_G","Strike_G","Survivor+1","Neutralize","Cloak And Dagger","Footwork","Leg Sweep","Poisoned Stab","Dagger Spray","Heel Hook","Glass Knife","Escape Plan","Sucker Punch","Glass Knife","Malaise+1","A Thousand Cuts","Cloak And Dagger","Noxious Fumes","Riddle With Holes","Backflip"],"max_hp_per_floor":[70,70,70,70,70,70,70,70,70,70,70,70,70,70,70,70,70,70,70,70,70,75,75,75,77,77,77,79,81,81,81,81,81],"relics":["Ring of the Snake","NeowsBlessing","Bottled Lightning","Blood Vial","Tiny Chest","Shovel","Oddly Smooth Stone","Regal Pillow","Velvet Choker","Meat on the Bone","Singing Bowl","Smiling Mask","Anchor"],"card_choices":[{"not_picked":["Backflip","Deadly Poison"],"picked":"Cloak And Dagger","floor":1},{"not_picked":["Deadly Poison","Envenom"],"picked":"Leg Sweep","floor":5},{"not_picked":["Reflex","Outmaneuver"],"picked":"Poisoned Stab","floor":6},{"not_picked":["Caltrops","Deflect"],"picked":"Dagger Spray","floor":8},{"not_picked":["Predator","Bane"],"picked":"Heel Hook","floor":10},{"not_picked":["Underhanded Strike","Accuracy"],"picked":"Glass Knife","floor":11},{"not_picked":["Quick Slash","Poisoned Stab"],"picked":"Escape Plan","floor":12},{"not_picked":["A Thousand Cuts","Tactician"],"picked":"Glass Knife","floor":16},{"not_picked":["Dash","Deadly Poison"],"picked":"Malaise","floor":18},{"not_picked":["Flying Knee","Dagger Spray"],"picked":"Noxious Fumes","floor":21},{"not_picked":["Deflect","Dagger Spray"],"picked":"Riddle With Holes","floor":24},{"not_picked":["Flying Knee","Deadly Poison"],"picked":"Backflip","floor":31}],"player_experience":684888,"potions_floor_usage":[11,12,12,16,24,25,28,29],"damage_taken":[{"damage":0,"enemies":"2 Louse","floor":1,"turns":1},{"damage":0,"enemies":"Jaw Worm","floor":5,"turns":1},{"damage":0,"enemies":"Gremlin Nob","floor":6,"turns":1},{"damage":27,"enemies":"3 Sentries","floor":8,"turns":13},{"damage":0,"enemies":"Cultist","floor":10,"turns":5},{"damage":8,"enemies":"Large Slime","floor":11,"turns":6},{"damage":4,"enemies":"Gremlin Nob","floor":12,"turns":3},{"damage":18,"enemies":"3 Sentries","floor":14,"turns":7},{"damage":8,"enemies":"The Guardian","floor":16,"turns":14},{"damage":0,"enemies":"Chosen","floor":18,"turns":6},{"damage":1,"enemies":"Spheric Guardian","floor":21,"turns":5},{"damage":15,"enemies":"Book of Stabbing","floor":24,"turns":7},{"damage":22,"enemies":"3 Cultists","floor":25,"turns":5},{"damage":33,"enemies":"Snake Plant","floor":28,"turns":6},{"damage":12,"enemies":"Centurion and Healer","floor":29,"turns":8},{"damage":27,"enemies":"Cultist and Chosen","floor":31,"turns":7},{"damage":88,"enemies":"Champ","floor":33,"turns":16}],"event_choices":[{"event_name":"Shining Light","player_choice":"Entered Light","floor":2,"damage_taken":0},{"event_name":"World of Goop","player_choice":"Gather Gold","floor":3,"damage_taken":0},{"event_name":"The Library","player_choice":"Read","floor":20,"damage_taken":0},{"event_name":"Forgotten Altar","player_choice":"Shed Blood","floor":22,"damage_taken":0}],"boss_relics":[{"not_picked":["Astrolabe","Pandora\u0027s Box"],"picked":"Velvet Choker"}],"potions_floor_spawned":[8,10,11,14,16,18,21,28],"seed_played":"3736007164162783984","killed_by":"Champ","ascension_level":5,"is_trial":false}