{"path_per_floor":["M","M","?","?","?","R","?","R","T","M","M","$","T","M","R","B",null,"M","M","$","M","?","R","$","R","T","M","?","R","M"],"character_chosen":"THE_SILENT","items_purchased":["Bouncing Flask","Footwork","Lantern","Noxious Fumes","Bouncing Flask"],"gold_per_floor":[117,127,127,202,202,202,202,202,202,217,230,120,196,216,216,336,336,336,336,68,68,0,0,0,0,0,0,0,0,0,0],"floor_reached":31,"campfire_rested":4,"playtime":1208,"current_hp_per_floor":[63,62,62,51,56,56,56,56,56,53,53,53,53,53,70,33,61,61,61,61,37,37,58,58,70,70,20,20,41,12,0],"items_purged":[],"gold":0,"score":326,"play_id":"d3d49ad1-623c-4233-9657-f368b91dab1f","local_time":"20180418200444","is_prod":false,"is_daily":false,"chose_seed":false,"is_ascension_mode":true,"campfire_upgraded":2,"timestamp":1524096284,"path_taken":["M","M","?","?","?","R","?","R","T","?","M","$","?","M","R","BOSS","M","M","$","M","?","R","?","R","T","?","?","R","M","M"],"build_version":"2018-04-17","seed_source_timestamp":558952444784479,"purchased_purges":0,"victory":false,"master_deck":["Defend_G","Defend_G","Defend_G","Defend_G","Defend_G","Strike_G","Strike_G","Strike_G","Strike_G","Strike_G","Survivor","Neutralize+1","Adrenaline+1","Caltrops","Noxious Fumes+1","Dagger Spray","Leg Sweep","Bouncing Flask","Footwork","Acrobatics","Adrenaline","Deadly Poison","Eviscerate","Noxious Fumes","Bouncing Flask","Underhanded Strike","Terror+1","Deflect"],"max_hp_per_floor":[70,70,65,65,70,70,70,70,70,70,70,70,70,70,70,70,70,70,70,70,70,70,70,70,70,70,70,70,70,70,70],"relics":["Ring of the Snake","Bloody Idol","Tingsha","Gremlin Horn","Ectoplasm","Lantern","Omamori"],"card_choices":[{"not_picked":["Prepared","Bane"],"picked":"Caltrops","floor":1},{"not_picked":["Backflip","PiercingWail"],"picked":"Noxious Fumes","floor":2},{"not_picked":["Distraction","Noxious Fumes"],"picked":"Dagger Spray","floor":10},{"not_picked":["Setup","Dagger Spray"],"picked":"Leg Sweep","floor":11},{"not_picked":["Crippling Poison","Finisher"],"picked":"Acrobatics","floor":14},{"not_picked":["Tools of the Trade","Phantasmal Killer"],"picked":"Adrenaline","floor":16},{"not_picked":["Flying Knee","Sucker Punch"],"picked":"Deadly Poison","floor":18},{"not_picked":["Dash","Poisoned Stab"],"picked":"Eviscerate","floor":19},{"not_picked":["Quick Slash","Slice"],"picked":"Underhanded Strike","floor":21},{"not_picked":["Reflex","Finisher"],"picked":"Terror","floor":27},{"not_picked":["Flying Knee","Underhanded Strike"],"picked":"Deflect","floor":30}],"player_experience":244090,"potions_floor_usage":[16,27,31],"damage_taken":[{"damage":0,"enemies":"Small Slimes","floor":1,"turns":4},{"damage":1,"enemies":"2 Louse","floor":2,"turns":3},{"damage":3,"enemies":"Jaw Worm","floor":10,"turns":5},{"damage":0,"enemies":"Large Slime","floor":11,"turns":5},{"damage":0,"enemies":"2 Fungi Beasts","floor":14,"turns":4},{"damage":37,"enemies":"Slime Boss","floor":16,"turns":12},{"damage":0,"enemies":"3 Byrds","floor":18,"turns":4},{"damage":0,"enemies":"Shell Parasite","floor":19,"turns":5},{"damage":24,"enemies":"Snake Plant","floor":21,"turns":4},{"damage":50,"enemies":"Slaver and Parasite","floor":27,"turns":4},{"damage":29,"enemies":"Cultist and Chosen","floor":30,"turns":8},{"damage":13,"enemies":"3 Cultists","floor":31,"turns":3}],"event_choices":[{"event_name":"Golden Idol","player_choice":"Lose Max HP","floor":3,"damage_taken":0},{"event_name":"World of Goop","player_choice":"Gather Gold","floor":4,"damage_taken":0},{"event_name":"Big Fish","player_choice":"Donut","floor":5,"damage_taken":0},{"event_name":"Accursed Blacksmith","player_choice":"Forge","floor":7,"damage_taken":0},{"event_name":"Masked Bandits","player_choice":"Paid Bandits 68 gold","floor":22,"damage_taken":0},{"event_name":"Forgotten Altar","player_choice":"Gave Idol","floor":28,"damage_taken":0}],"boss_relics":[{"not_picked":["Tiny House","Philosopher\u0027s Stone"],"picked":"Ectoplasm"}],"potions_floor_spawned":[11,14,21,27],"seed_played":"1449868720960349379","killed_by":"3 Cultists","ascension_level":9,"is_trial":false}