{"path_per_floor":["M","M","?","?","?","R","E","M","T","R","E","M","?","$","R","B",null,"M","$","?","M","M","R","M","R","T","R","M","M","?","M","R","B",null,"M","$","?","M","M","R","M","R","T","R","M","M","$","?","R"],"character_chosen":"THE_SILENT","items_purchased":["Panache","Deflect","Infinite Blades","Slice","Regen Potion","Dexterity Potion","Strength Potion","Flying Knee"],"gold_per_floor":[117,136,236,311,311,311,346,358,358,358,386,398,398,20,20,119,119,136,36,36,46,59,59,74,74,127,127,139,155,55,73,73,178,178,194,90,90,109,128,128,138,138,138,138,158,169,46,46,46],"floor_reached":50,"campfire_rested":10,"playtime":2971,"current_hp_per_floor":[70,70,70,59,45,66,28,28,28,49,29,29,29,29,50,24,70,66,66,66,57,36,57,42,63,63,63,63,60,60,15,36,11,70,62,62,53,49,30,51,33,54,54,70,46,8,8,8,29],"items_purged":["Strike_G","Strike_G"],"gold":46,"score":469,"play_id":"c5a726ee-4b76-42b8-a1b3-abe8a5f840de","local_time":"20180303194949","is_prod":false,"is_daily":false,"is_ascension_mode":true,"campfire_upgraded":1,"timestamp":1520124589,"path_taken":["M","M","?","?","?","R","E","M","T","R","E","M","?","$","R","BOSS","M","$","?","M","M","R","?","R","T","R","M","M","?","M","R","BOSS","M","$","?","M","M","R","M","R","T","R","?","M","$","?","R","BOSS"],"build_version":"2018-03-01-PROD1","purchased_purges":2,"victory":false,"master_deck":["Defend_G","Defend_G","Defend_G+1","Defend_G","Strike_G+1","Survivor","Neutralize","Dagger Throw","Burst","Reflex","PiercingWail","Dodge and Roll","Calculated Gamble","Panache+1","Deflect","Infinite Blades","Unload","Deadly Poison+1","Footwork+1","Phantasmal Killer+1","Flying Knee","Endless Agony","Dodge and Roll+1","Expertise","Prepared+1","All Out Attack+1","J.A.X.","Slice+1","Slice","Madness","Madness","Infinite Blades+1","Backflip","Noxious Fumes+1","Outmaneuver+1","Cloak And Dagger+1","Flying Knee"],"max_hp_per_floor":[70,70,70,70,70,70,70,70,70,70,70,70,70,70,70,70,70,70,70,70,70,70,70,70,70,70,70,70,70,70,70,70,70,70,70,70,70,70,70,70,70,70,70,70,70,70,70,70,70],"relics":["Ring of the Snake","Pen Nib","Gremlin Horn","Unceasing Top","Vajra","Astrolabe","Anchor","Black Star","Bird Faced Urn"],"card_choices":[{"not_picked":["Outmaneuver","Prepared"],"picked":"Dagger Throw"},{"not_picked":["Noxious Fumes","Prepared"],"picked":"Burst"},{"not_picked":["Underhanded Strike","Setup"],"picked":"Reflex"},{"not_picked":["Deflect","Dodge and Roll"],"picked":"PiercingWail"},{"not_picked":["Bane","Skewer"],"picked":"Dodge and Roll"},{"not_picked":["Underhanded Strike","Bane"],"picked":"Calculated Gamble"},{"not_picked":["Tactician","Phantasmal Killer"],"picked":"Unload"},{"not_picked":["Deadly Poison","Predator"],"picked":"Flying Knee"},{"not_picked":["Deadly Poison","Flying Knee"],"picked":"Endless Agony"},{"not_picked":["Flying Knee","Deflect"],"picked":"Dodge and Roll"},{"not_picked":["Noxious Fumes","Backflip"],"picked":"Expertise"},{"not_picked":["Underhanded Strike","Wraith Form"],"picked":"Prepared"},{"not_picked":["Bane","Dagger Throw"],"picked":"All Out Attack"},{"not_picked":["Phantasmal Killer","Envenom"],"picked":"Die Die Die"},{"not_picked":["Crippling Poison","Dodge and Roll"],"picked":"Slice"},{"not_picked":["Eviscerate","Distraction"],"picked":"Infinite Blades"},{"not_picked":["Quick Slash","Finisher"],"picked":"Backflip"},{"not_picked":["Dash","Concentrate"],"picked":"Noxious Fumes"},{"not_picked":["Slice","Quick Slash"],"picked":"Outmaneuver"},{"not_picked":["Backstab","Dodge and Roll"],"picked":"Cloak And Dagger"}],"player_experience":375811,"potions_floor_usage":[11,12,16,28,29,33,33,38,41,50,50,50],"damage_taken":[{"damage":0,"enemies":"2 Louse","floor":1,"turns":3},{"damage":0,"enemies":"Cultist","floor":2,"turns":4},{"damage":38,"enemies":"Gremlin Nob","floor":7,"turns":5},{"damage":0,"enemies":"Jaw Worm","floor":8,"turns":4},{"damage":20,"enemies":"3 Sentries","floor":11,"turns":12},{"damage":0,"enemies":"2 Fungi Beasts","floor":12,"turns":1},{"damage":26,"enemies":"Slime Boss","floor":16,"turns":7},{"damage":4,"enemies":"Chosen","floor":18,"turns":3},{"damage":9,"enemies":"3 Byrds","floor":21,"turns":4},{"damage":21,"enemies":"Centurion and Healer","floor":22,"turns":7},{"damage":15,"enemies":"Snecko","floor":24,"turns":7},{"damage":0,"enemies":"Sentry and Sphere","floor":28,"turns":2},{"damage":3,"enemies":"Snake Plant","floor":29,"turns":4},{"damage":45,"enemies":"Snecko","floor":31,"turns":7},{"damage":25,"enemies":"Champ","floor":33,"turns":12},{"damage":8,"enemies":"3 Shapes","floor":35,"turns":2},{"damage":13,"enemies":"3 Darklings","floor":38,"turns":4},{"damage":19,"enemies":"Maw","floor":39,"turns":6},{"damage":18,"enemies":"Sphere and 2 Shapes","floor":41,"turns":4},{"damage":30,"enemies":"4 Shapes","floor":45,"turns":5},{"damage":48,"enemies":"Maw","floor":46,"turns":7},{"damage":43,"enemies":"Awakened One","floor":50,"turns":5}],"event_choices":[{"event_name":"Wheel of Change","player_choice":"Gold","floor":3,"damage_taken":0},{"event_name":"World of Goop","player_choice":"Gather Gold","floor":4,"damage_taken":0},{"event_name":"Shining Light","player_choice":"Entered Light","floor":5,"damage_taken":0},{"event_name":"Liars Game","player_choice":"disagreed","floor":13,"damage_taken":0},{"event_name":"Vampires","player_choice":"Ignored","floor":20,"damage_taken":0},{"event_name":"Drug Dealer","player_choice":"Got JAXXED","floor":30,"damage_taken":0},{"event_name":"Winding Halls","player_choice":"Embrace Madness","floor":37,"damage_taken":0}],"boss_relics":[{"not_picked":["The Specimen","Calling Bell"],"picked":"Astrolabe"},{"not_picked":["Runic Dome","Philosopher\u0027s Stone"],"picked":"Black Star"}],"potions_floor_spawned":[8,11,12,16,24,28,29,38,46],"seed_played":"-4297782602034365921","killed_by":"Awakened One","ascension_level":2,"is_trial":false}