{"gold_per_floor":[113,125,125,125,139,139,89,89,89,89,104,114,128,160,160,255,255,266,278,67,67,77,97,97,114,114,33,33,58,58,72,72,72],"floor_reached":33,"playtime":1418,"items_purged":[],"score":456,"play_id":"4ab8722b-2b18-4218-b43e-b7a01e7c1f2c","local_time":"20180721194441","is_ascension_mode":true,"campfire_choices":[{"data":"1","floor":6,"key":"LIFT"},{"data":"2","floor":8,"key":"LIFT"},{"data":"3","floor":10,"key":"LIFT"},{"floor":15,"key":"REST"},{"floor":24,"key":"REST"},{"floor":28,"key":"REST"},{"floor":32,"key":"REST"}],"neow_cost":"TEN_PERCENT_HP_LOSS","seed_source_timestamp":28615831363356,"circlet_count":0,"master_deck":["Defend_G","Defend_G","Defend_G","Defend_G","Defend_G","Strike_G","Strike_G","Strike_G+1","Strike_G","Survivor+1","Neutralize+1","AscendersBane","Dagger Spray","Deflect","Backstab","Escape Plan","Backstab+1","Sucker Punch+1","Dash+1","Night Terror","Blur+1","Backflip","Noxious Fumes","Noxious Fumes+1","Footwork+1","Escape Plan","Finisher+1","Terror"],"relics":["Ring of the Serpent","Girya","Molten Egg 2","Centennial Puzzle","Happy Flower","Art of War","Blue Candle","Ninja Scroll"],"potions_floor_usage":[12,16,16,23,33,33],"damage_taken":[{"damage":1,"enemies":"Small Slimes","floor":1,"turns":5},{"damage":0,"enemies":"2 Louse","floor":2,"turns":4},{"damage":0,"enemies":"Cultist","floor":5,"turns":4},{"damage":0,"enemies":"Blue Slaver","floor":11,"turns":2},{"damage":10,"enemies":"Large Slime","floor":12,"turns":3},{"damage":0,"enemies":"2 Fungi Beasts","floor":13,"turns":1},{"damage":0,"enemies":"Gremlin Nob","floor":14,"turns":3},{"damage":31,"enemies":"Slime Boss","floor":16,"turns":11},{"damage":3,"enemies":"Chosen","floor":18,"turns":3},{"damage":3,"enemies":"Spheric Guardian","floor":19,"turns":3},{"damage":24,"enemies":"Snake Plant","floor":22,"turns":2},{"damage":13,"enemies":"Chosen and Byrds","floor":23,"turns":4},{"damage":8,"enemies":"Centurion and Healer","floor":25,"turns":5},{"damage":1,"enemies":"Book of Stabbing","floor":29,"turns":6},{"damage":21,"enemies":"Snake Plant","floor":31,"turns":4},{"damage":47,"enemies":"Collector","floor":33,"turns":6}],"seed_played":"-6928532236160724203","potions_obtained":[{"floor":2,"key":"EssenceOfSteel"},{"floor":5,"key":"PowerPotion"},{"floor":12,"key":"Poison Potion"},{"floor":13,"key":"Weak Potion"},{"floor":22,"key":"Regen Potion"},{"floor":25,"key":"GamblersBrew"},{"floor":31,"key":"Swift Potion"}],"is_trial":false,"path_per_floor":["M","M","?","?","M","R","?","R","T","R","M","M","M","E","R","B",null,"M","M","$","T","M","M","R","M","T","$","R","E","$","M","R"],"character_chosen":"THE_SILENT","items_purchased":["Noxious Fumes","Happy Flower","Escape Plan"],"campfire_rested":4,"item_purchase_floors":[20,20,27],"current_hp_per_floor":[62,62,49,49,49,49,49,49,49,49,49,39,39,39,57,26,54,51,48,48,48,24,23,41,33,33,33,51,50,50,29,47,0],"gold":72,"neow_bonus":"ONE_RARE_RELIC","is_prod":false,"is_daily":false,"chose_seed":false,"campfire_upgraded":0,"win_rate":0,"timestamp":1532216681,"path_taken":["M","M","?","?","M","R","?","R","T","R","?","M","?","E","R","BOSS","M","?","?","?","M","M","R","M","T","$","R","E","$","M","R","BOSS"],"build_version":"2018-07-19","purchased_purges":0,"victory":false,"max_hp_per_floor":[63,63,63,63,63,63,63,63,63,63,63,63,63,63,63,63,63,63,63,63,63,63,63,63,63,63,63,63,63,63,63,63,63],"card_choices":[{"not_picked":["Deadly Poison","Dodge and Roll"],"picked":"Dagger Spray","floor":1},{"not_picked":["Expertise","Accuracy"],"picked":"Deflect","floor":2},{"not_picked":["Accuracy","Blur"],"picked":"Backstab","floor":5},{"not_picked":["Distraction","Calculated Gamble"],"picked":"Escape Plan","floor":11},{"not_picked":["Underhanded Strike+1","Dodge and Roll"],"picked":"Backstab+1","floor":12},{"not_picked":["Acrobatics","Riddle With Holes+1"],"picked":"Sucker Punch+1","floor":13},{"not_picked":["Escape Plan","Cloak And Dagger"],"picked":"Dash+1","floor":14},{"not_picked":["Bullet Time","Burst"],"picked":"Night Terror","floor":16},{"not_picked":["Poisoned Stab+1","Prepared"],"picked":"Blur+1","floor":18},{"not_picked":["Catalyst+1","Sucker Punch+1"],"picked":"Backflip","floor":19},{"not_picked":["Dagger Spray+1","Dagger Throw+1"],"picked":"Noxious Fumes+1","floor":22},{"not_picked":["Bane+1","Dagger Spray+1","Poisoned Stab+1"],"picked":"SKIP","floor":23},{"not_picked":["Cloak And Dagger","Slice+1"],"picked":"Footwork+1","floor":25},{"not_picked":["Calculated Gamble+1","Eviscerate+1"],"picked":"Finisher+1","floor":29},{"not_picked":["Deflect","Predator+1"],"picked":"Terror","floor":31}],"player_experience":599453,"relics_obtained":[{"floor":9,"key":"Molten Egg 2"},{"floor":14,"key":"Centennial Puzzle"},{"floor":21,"key":"Art of War"},{"floor":26,"key":"Blue Candle"},{"floor":29,"key":"Ninja Scroll"}],"event_choices":[{"event_name":"Shining Light","player_choice":"Entered Light","floor":3,"damage_taken":0},{"event_name":"Accursed Blacksmith","player_choice":"Forge","floor":4,"damage_taken":0},{"event_name":"The Cleric","player_choice":"Card Removal","floor":7,"damage_taken":0}],"is_beta":true,"boss_relics":[{"not_picked":["Tiny House","Runic Dome"],"picked":"Ring of the Serpent"}],"items_purged_floors":[],"is_endless":false,"potions_floor_spawned":[2,5,12,13,22,25,31],"killed_by":"Collector","ascension_level":11}