{"gold_per_floor":[115,131,53,3,80,114,130,130,208,208,208,223,250,262,262,359,359,379,379,379,389,389,421,421,441,441,16,32,32,67,86,86,190,190,202,214,214,228,248,248,248],"floor_reached":41,"playtime":2762,"items_purged":[],"score":518,"play_id":"3e021590-8698-4ebf-88c6-46d91c4c492d","local_time":"20181209130342","is_ascension_mode":false,"campfire_choices":[{"floor":8,"key":"REST"},{"floor":10,"key":"REST"},{"floor":15,"key":"REST"},{"data":"Neutralize","floor":24,"key":"SMITH"},{"floor":29,"key":"REST"},{"floor":32,"key":"RECALL"},{"data":"Ghostly","floor":40,"key":"SMITH"}],"neow_cost":"NONE","seed_source_timestamp":2050402381162044,"circlet_count":0,"master_deck":["Defend_G","Defend_G","Defend_G","Defend_G","Defend_G","Strike_G","Survivor","Neutralize+1","Sucker Punch","Choke","Crippling Poison","Malaise","Deflect","Escape Plan","Poisoned Stab","Dagger Spray","Corpse Explosion","Blade Dance+1","Ghostly+1","Ghostly","Ghostly","Ghostly","Ghostly","Footwork+1","Terror","Slice+1","Sadistic Nature","Footwork","Infinite Blades","Deadly Poison+1","Venomology","Burst+1","Phantasmal Killer+1","Tactician+1","Infinite Blades","Well Laid Plans","Madness","Madness","Deadly Poison+1","Escape Plan+1"],"relics":["Ring of the Serpent","Smiling Mask","Vajra","Ninja Scroll","Pocketwatch","Calipers","MutagenicStrength","Regal Pillow","Orichalcum","Bag of Marbles","Oddly Smooth Stone","Astrolabe"],"potions_floor_usage":[25,28,30,38,39,41,41],"damage_taken":[{"damage":0,"enemies":"Jaw Worm","floor":1,"turns":6},{"damage":0,"enemies":"2 Louse","floor":2,"turns":3},{"damage":54,"enemies":"Lagavulin","floor":6,"turns":10},{"damage":0,"enemies":"Cultist","floor":7,"turns":4},{"damage":2,"enemies":"Large Slime","floor":12,"turns":4},{"damage":12,"enemies":"3 Sentries","floor":13,"turns":9},{"damage":0,"enemies":"2 Fungi Beasts","floor":14,"turns":3},{"damage":29,"enemies":"Hexaghost","floor":16,"turns":12},{"damage":11,"enemies":"Shell Parasite","floor":18,"turns":6},{"damage":6,"enemies":"3 Byrds","floor":21,"turns":5},{"damage":1,"enemies":"Slavers","floor":23,"turns":4},{"damage":1,"enemies":"Centurion and Healer","floor":25,"turns":5},{"damage":0,"enemies":"Snecko","floor":28,"turns":2},{"damage":0,"enemies":"Book of Stabbing","floor":30,"turns":6},{"damage":0,"enemies":"Snake Plant","floor":31,"turns":4},{"damage":30,"enemies":"Collector","floor":33,"turns":10},{"damage":2,"enemies":"3 Shapes","floor":35,"turns":2},{"damage":5,"enemies":"3 Darklings","floor":36,"turns":4},{"damage":0,"enemies":"Writhing Mass","floor":38,"turns":7},{"damage":1,"enemies":"4 Shapes","floor":39,"turns":6},{"damage":68,"enemies":"Giant Head","floor":41,"turns":10}],"seed_played":"6594758760217221762","potions_obtained":[{"floor":2,"key":"EssenceOfSteel"},{"floor":7,"key":"SkillPotion"},{"floor":14,"key":"SteroidPotion"},{"floor":23,"key":"PowerPotion"},{"floor":25,"key":"FearPotion"},{"floor":28,"key":"Dexterity Potion"}],"is_trial":false,"path_per_floor":["M","M","$","?","T","E","M","R","T","R","?","M","E","M","R","B",null,"M","?","?","M","?","E","R","M","T","$","M","R","E","M","R","B",null,"M","M","?","M","M","R","E"],"character_chosen":"THE_SILENT","items_purchased":["Crippling Poison","Sadistic Nature","Bag of Marbles","Footwork"],"campfire_rested":4,"item_purchase_floors":[3,27,27,27],"current_hp_per_floor":[70,70,70,70,70,16,16,37,37,58,58,56,44,44,65,36,70,59,59,35,29,23,22,22,21,21,21,21,35,35,35,35,5,35,33,28,24,24,23,23,0],"gold":248,"neow_bonus":"RANDOM_COMMON_RELIC","is_prod":false,"is_daily":false,"chose_seed":false,"campfire_upgraded":2,"win_rate":0,"timestamp":1544378622,"path_taken":["M","M","$","?","?","E","M","R","T","R","?","?","E","M","R","BOSS","M","?","?","M","?","E","R","?","T","$","M","R","E","M","R","BOSS","M","M","?","M","M","R","E"],"build_version":"2018-12-06","purchased_purges":0,"victory":false,"max_hp_per_floor":[70,70,70,70,70,70,70,70,70,70,70,70,70,70,70,70,70,70,70,35,35,35,35,35,35,35,35,35,35,35,35,35,35,35,35,35,35,35,35,35,35],"card_choices":[{"not_picked":["Deflect","PiercingWail"],"picked":"Sucker Punch","floor":1},{"not_picked":["Escape Plan","Acrobatics"],"picked":"Choke","floor":2},{"not_picked":["Underhanded Strike","Flying Knee"],"picked":"Malaise","floor":6},{"not_picked":["Bane","Prepared"],"picked":"Deflect","floor":7},{"not_picked":["Infinite Blades","Flechettes"],"picked":"Escape Plan","floor":12},{"not_picked":["Prepared","Flying Knee"],"picked":"Poisoned Stab","floor":13},{"not_picked":["Backflip","Flying Knee"],"picked":"Dagger Spray","floor":14},{"not_picked":["Adrenaline","Bullet Time"],"picked":"Corpse Explosion","floor":16},{"not_picked":["Sucker Punch","Poisoned Stab"],"picked":"Blade Dance+1","floor":18},{"not_picked":["Quick Slash","Cloak And Dagger"],"picked":"Footwork+1","floor":21},{"not_picked":["Backflip","Bane+1"],"picked":"Terror","floor":23},{"not_picked":["Setup","Blade Dance"],"picked":"Slice+1","floor":25},{"not_picked":["Deflect","Underhanded Strike"],"picked":"Infinite Blades","floor":28},{"not_picked":["Unload","Flechettes","Sucker Punch+1"],"picked":"SKIP","floor":30},{"not_picked":["Quick Slash+1","Poisoned Stab+1"],"picked":"Deadly Poison+1","floor":31},{"not_picked":["Unload","Storm of Steel"],"picked":"Venomology","floor":33},{"not_picked":["Slice","Dagger Throw"],"picked":"Infinite Blades","floor":35},{"not_picked":["Dagger Throw+1","Sucker Punch+1"],"picked":"Well Laid Plans","floor":36},{"not_picked":["Terror","Poisoned Stab"],"picked":"Deadly Poison+1","floor":38},{"not_picked":["Expertise","Accuracy+1"],"picked":"Escape Plan+1","floor":39}],"player_experience":956573,"relics_obtained":[{"floor":6,"key":"Vajra"},{"floor":9,"key":"Ninja Scroll"},{"floor":13,"key":"Calipers"},{"floor":23,"key":"Regal Pillow"},{"floor":26,"key":"Orichalcum"},{"floor":30,"key":"Oddly Smooth Stone"}],"event_choices":[{"cards_removed":["Strike_G"],"damage_healed":0,"gold_gain":0,"player_choice":"Card Removal","damage_taken":0,"max_hp_gain":0,"max_hp_loss":0,"event_name":"The Cleric","floor":4,"gold_loss":50},{"damage_healed":0,"gold_gain":0,"player_choice":"Gave Potion","damage_taken":0,"relics_obtained":["Pocketwatch"],"max_hp_gain":0,"max_hp_loss":0,"event_name":"WeMeetAgain","floor":11,"gold_loss":0},{"damage_healed":0,"gold_gain":0,"player_choice":"Inject Mutagens","damage_taken":0,"relics_obtained":["MutagenicStrength"],"max_hp_gain":0,"max_hp_loss":0,"event_name":"Drug Dealer","floor":19,"gold_loss":0},{"damage_healed":0,"gold_gain":0,"player_choice":"Became a Ghost","damage_taken":0,"max_hp_gain":0,"max_hp_loss":35,"event_name":"Ghosts","floor":20,"gold_loss":0,"cards_obtained":["Ghostly","Ghostly","Ghostly","Ghostly","Ghostly"]},{"damage_healed":0,"gold_gain":0,"player_choice":"","damage_taken":6,"max_hp_gain":0,"max_hp_loss":0,"event_name":"Knowing Skull","floor":22,"potions_obtained":[],"gold_loss":0,"cards_obtained":[]},{"damage_healed":0,"gold_gain":0,"player_choice":"Embrace Madness","damage_taken":4,"max_hp_gain":0,"max_hp_loss":0,"event_name":"Winding Halls","floor":37,"gold_loss":0,"cards_obtained":["Madness","Madness"]}],"is_beta":true,"boss_relics":[{"not_picked":["Calling Bell","WristBlade"],"picked":"Ring of the Serpent"},{"not_picked":["Black Star","Pandora\u0027s Box"],"picked":"Astrolabe"}],"items_purged_floors":[],"is_endless":false,"potions_floor_spawned":[2,7,14,23,25,28],"killed_by":"Giant Head","ascension_level":0}