{"gold_per_floor":[11,25,25,25,25,57,57,69,95,95,95,114,149,162,162,264,264,274,287,287,311,159,187,187,187,187,187,212,212,164,198,198,299,299,312,329,102,102,113,143,160,179,179,192,192,210,210,238,238,238],"floor_reached":50,"playtime":2626,"items_purged":[],"score":834,"play_id":"f2617c81-12c2-46d5-91ae-bb423b8698f8","local_time":"20190126212933","is_ascension_mode":true,"campfire_choices":[{"floor":7,"key":"REST"},{"floor":11,"key":"REST"},{"floor":15,"key":"REST"},{"floor":24,"key":"REST"},{"floor":29,"key":"REST"},{"floor":32,"key":"REST"},{"data":"Night Terror","floor":45,"key":"SMITH"},{"floor":47,"key":"REST"},{"floor":49,"key":"RECALL"}],"neow_cost":"NO_GOLD","seed_source_timestamp":539226107869203,"circlet_count":0,"master_deck":["Survivor","Neutralize","Glass Knife","Infinite Blades","Cloak And Dagger","Deadly Poison","Night Terror","Deadly Poison","Cloak And Dagger","PiercingWail","Night Terror+1","Dodge and Roll","Tools of the Trade","Escape Plan","Bullet Time","Bullet Time","Flying Knee","Unload","Well Laid Plans","Blur","Bouncing Flask+1","Skewer","Blade Dance","Phantasmal Killer","Blade Dance+1","Deadly Poison+1","Catalyst","Backstab+1","A Thousand Cuts","Calculated Gamble+1","Accuracy+1","Dodge and Roll","Leg Sweep"],"relics":["Ring of the Snake","War Paint","Blood Vial","Mercury Hourglass","Pandora\u0027s Box","MutagenicStrength","PreservedInsect","Anchor","Bag of Preparation","Bottled Lightning","Meat on the Bone","Incense Burner","Runic Pyramid","Pen Nib","Bronze Scales","Singing Bowl"],"potions_floor_usage":[13,16,23,28,33,33,39,42,48,50,50],"damage_taken":[{"damage":0,"enemies":"Cultist","floor":1,"turns":3},{"damage":0,"enemies":"Small Slimes","floor":2,"turns":3},{"damage":53,"enemies":"Lagavulin","floor":6,"turns":8},{"damage":0,"enemies":"Jaw Worm","floor":8,"turns":3},{"damage":0,"enemies":"Looter","floor":12,"turns":4},{"damage":51,"enemies":"Gremlin Nob","floor":13,"turns":5},{"damage":3,"enemies":"Large Slime","floor":14,"turns":6},{"damage":25,"enemies":"The Guardian","floor":16,"turns":14},{"damage":16,"enemies":"Shell Parasite","floor":18,"turns":6},{"damage":23,"enemies":"Spheric Guardian","floor":19,"turns":5},{"damage":8,"enemies":"Gremlin Leader","floor":23,"turns":4},{"damage":25,"enemies":"Book of Stabbing","floor":28,"turns":5},{"damage":1,"enemies":"Slavers","floor":31,"turns":4},{"damage":25,"enemies":"Collector","floor":33,"turns":13},{"damage":2,"enemies":"Orb Walker","floor":35,"turns":2},{"damage":5,"enemies":"3 Darklings","floor":36,"turns":7},{"damage":26,"enemies":"Transient","floor":39,"turns":5},{"damage":18,"enemies":"Reptomancer","floor":40,"turns":5},{"damage":20,"enemies":"Writhing Mass","floor":41,"turns":5},{"damage":5,"enemies":"Jaw Worm Horde","floor":42,"turns":3},{"damage":14,"enemies":"Maw","floor":44,"turns":6},{"damage":0,"enemies":"3 Darklings","floor":46,"turns":3},{"damage":0,"enemies":"Giant Head","floor":48,"turns":5},{"damage":81,"enemies":"Time Eater","floor":50,"turns":10}],"seed_played":"-399240221420450978","potions_obtained":[{"floor":2,"key":"Regen Potion"},{"floor":6,"key":"Strength Potion"},{"floor":14,"key":"EssenceOfSteel"},{"floor":16,"key":"Explosive Potion"},{"floor":19,"key":"SkillPotion"},{"floor":31,"key":"GhostInAJar"},{"floor":33,"key":"Explosive Potion"},{"floor":39,"key":"SneckoOil"},{"floor":41,"key":"PowerPotion"},{"floor":46,"key":"Strength Potion"}],"is_trial":false,"path_per_floor":["M","M","$","?","$","E","R","M","T","?","R","M","E","M","R","B",null,"M","M","?","T","$","E","R","?","T","?","E","R","$","E","R","B",null,"M","M","$","?","M","E","M","M","T","M","R","M","R","E","R","B"],"character_chosen":"THE_SILENT","items_purchased":["Anchor","PowerPotion","Pen Nib","Catalyst"],"campfire_rested":7,"item_purchase_floors":[22,30,37,37],"current_hp_per_floor":[63,63,63,63,63,10,31,31,31,31,52,54,5,4,25,17,57,43,22,22,22,22,16,37,37,37,37,14,35,35,36,57,46,64,64,61,61,61,37,33,27,36,36,36,36,38,59,63,63,0],"gold":238,"neow_bonus":"THREE_RARE_CARDS","is_prod":false,"is_daily":false,"chose_seed":false,"campfire_upgraded":1,"win_rate":0,"timestamp":1548556173,"path_taken":["M","M","$","?","$","E","R","M","T","?","R","?","E","M","R","BOSS","M","M","?","?","$","E","R","?","T","?","E","R","$","E","R","BOSS","M","?","$","?","M","E","M","M","T","?","R","M","R","E","R","BOSS"],"build_version":"2019-01-23","purchased_purges":0,"victory":false,"max_hp_per_floor":[70,70,70,70,70,70,70,70,70,70,70,70,70,70,70,70,70,70,70,70,70,70,70,70,70,70,70,70,70,70,70,70,70,70,70,70,70,70,70,70,70,70,70,70,70,70,70,72,72,72],"card_choices":[{"not_picked":["Night Terror","Grand Finale"],"picked":"Glass Knife","floor":0},{"not_picked":["Flying Knee","Blade Dance"],"picked":"Infinite Blades","floor":1},{"not_picked":["Quick Slash","Flechettes"],"picked":"Cloak And Dagger","floor":2},{"not_picked":["Blade Dance","Flying Knee"],"picked":"Deadly Poison","floor":6},{"not_picked":["Underhanded Strike","Leg Sweep"],"picked":"Night Terror","floor":8},{"not_picked":["Flechettes","Deflect"],"picked":"Deadly Poison","floor":12},{"not_picked":["Choke","Poisoned Stab"],"picked":"Cloak And Dagger","floor":13},{"not_picked":["Poisoned Stab","Accuracy"],"picked":"PiercingWail","floor":14},{"not_picked":["Bullet Time","Venomology"],"picked":"Night Terror","floor":16},{"not_picked":["Slice","Infinite Blades"],"picked":"Blur","floor":18},{"not_picked":["Setup+1","Terror+1","Flying Knee"],"picked":"SKIP","floor":19},{"not_picked":["Slice","Escape Plan"],"picked":"Bouncing Flask+1","floor":23},{"not_picked":["Concentrate","Masterful Stab"],"picked":"Skewer","floor":28},{"not_picked":["Poisoned Stab","Slice"],"picked":"Blade Dance","floor":31},{"not_picked":["Unload","Doppelganger"],"picked":"Phantasmal Killer","floor":33},{"not_picked":["Flechettes","Poisoned Stab"],"picked":"Blade Dance+1","floor":35},{"not_picked":["Choke","Dash+1"],"picked":"Deadly Poison+1","floor":36},{"not_picked":["Blade Dance+1","Masterful Stab+1"],"picked":"Backstab+1","floor":39},{"not_picked":["Dagger Spray+1","Dash"],"picked":"A Thousand Cuts","floor":40},{"not_picked":["Flying Knee+1","Slice"],"picked":"Calculated Gamble+1","floor":41},{"not_picked":["Deadly Poison","Dagger Spray"],"picked":"Accuracy+1","floor":42},{"not_picked":["Quick Slash","Poisoned Stab+1"],"picked":"Dodge and Roll","floor":44},{"not_picked":["All Out Attack","Predator+1"],"picked":"Leg Sweep","floor":46},{"not_picked":["A Thousand Cuts","Deflect","Underhanded Strike"],"picked":"Singing Bowl","floor":48}],"player_experience":1315850,"relics_obtained":[{"floor":6,"key":"War Paint"},{"floor":9,"key":"Blood Vial"},{"floor":13,"key":"Mercury Hourglass"},{"floor":21,"key":"PreservedInsect"},{"floor":23,"key":"Bag of Preparation"},{"floor":26,"key":"Bottled Lightning"},{"floor":28,"key":"Meat on the Bone"},{"floor":31,"key":"Incense Burner"},{"floor":40,"key":"Bronze Scales"},{"floor":48,"key":"Singing Bowl"}],"event_choices":[{"cards_removed":["Strike_G"],"damage_healed":0,"gold_gain":0,"player_choice":"Forget","damage_taken":0,"max_hp_gain":0,"max_hp_loss":0,"event_name":"Living Wall","floor":4,"gold_loss":0},{"cards_removed":["Strike_G"],"damage_healed":0,"gold_gain":0,"player_choice":"Purged","damage_taken":0,"max_hp_gain":0,"max_hp_loss":0,"event_name":"Purifier","floor":10,"gold_loss":0},{"damage_healed":0,"gold_gain":0,"player_choice":"Inject Mutagens","damage_taken":0,"relics_obtained":["MutagenicStrength"],"max_hp_gain":0,"max_hp_loss":0,"event_name":"Drug Dealer","floor":20,"gold_loss":0},{"damage_healed":0,"gold_gain":0,"player_choice":"Simplicity","damage_taken":0,"max_hp_gain":0,"max_hp_loss":0,"event_name":"Back to Basics","floor":25,"gold_loss":0,"cards_upgraded":[]},{"damage_healed":0,"gold_gain":0,"player_choice":"Ignored","damage_taken":0,"max_hp_gain":0,"max_hp_loss":0,"event_name":"NoteForYourself","floor":27,"gold_loss":0},{"damage_healed":0,"gold_gain":0,"player_choice":"Ignored","damage_taken":0,"max_hp_gain":0,"max_hp_loss":0,"event_name":"SecretPortal","floor":38,"gold_loss":0}],"is_beta":true,"boss_relics":[{"not_picked":["Philosopher\u0027s Stone","Tiny House"],"picked":"Pandora\u0027s Box"},{"not_picked":["Empty Cage","Eternal Feather"],"picked":"Runic Pyramid"}],"items_purged_floors":[],"is_endless":false,"potions_floor_spawned":[2,6,14,16,19,31,33,39,41,46],"killed_by":"Time Eater","ascension_level":7}