{"gold_per_floor":[110,110,30,49,65,94,94,108,108,108,63,93,93,125,125,125],"floor_reached":16,"playtime":576,"items_purged":[],"score":162,"play_id":"8e4b2cfe-1f06-4729-9aad-13fd96a52fb0","local_time":"20190201132341","is_ascension_mode":true,"campfire_choices":[{"floor":7,"key":"REST"},{"floor":13,"key":"REST"},{"data":"Noxious Fumes","floor":15,"key":"SMITH"}],"neow_cost":"NONE","seed_source_timestamp":2605750849492,"circlet_count":0,"master_deck":["AscendersBane","Defend_G","Defend_G","Defend_G","Defend_G","Defend_G","Strike_G","Strike_G","Strike_G","Strike_G","Strike_G","Survivor","Neutralize","Dagger Throw","Noxious Fumes+1","Backflip","Crippling Poison","Calculated Gamble","Wraith Form v2","Backstab"],"relics":["Ring of the Snake","Strawberry","Ancient Tea Set","Shuriken"],"potions_floor_usage":[6,16],"damage_taken":[{"damage":7,"enemies":"2 Louse","floor":1,"turns":4},{"damage":1,"enemies":"Cultist","floor":4,"turns":4},{"damage":12,"enemies":"Jaw Worm","floor":5,"turns":4},{"damage":22,"enemies":"3 Sentries","floor":6,"turns":9},{"damage":12,"enemies":"3 Louse","floor":8,"turns":3},{"damage":3,"enemies":"Looter","floor":11,"turns":5},{"damage":27,"enemies":"Gremlin Nob","floor":14,"turns":5},{"damage":43,"enemies":"Hexaghost","floor":16,"turns":11}],"seed_played":"2400311152771055701","potions_obtained":[{"floor":1,"key":"EssenceOfSteel"},{"floor":5,"key":"GhostInAJar"},{"floor":8,"key":"Ancient Potion"}],"is_trial":false,"path_per_floor":["M","?","$","M","M","E","R","M","T","?","M","?","R","E","R","B"],"character_chosen":"THE_SILENT","items_purchased":["Noxious Fumes"],"campfire_rested":2,"item_purchase_floors":[3],"current_hp_per_floor":[63,63,63,62,50,35,60,48,48,48,45,45,70,43,43,0],"gold":125,"neow_bonus":"TEN_PERCENT_HP_BONUS","is_prod":false,"is_daily":false,"chose_seed":false,"campfire_upgraded":1,"win_rate":0,"timestamp":1549045421,"path_taken":["M","?","?","M","M","E","R","?","T","?","M","?","R","E","R","BOSS"],"build_version":"2019-01-23","purchased_purges":0,"victory":false,"max_hp_per_floor":[77,77,77,77,77,84,84,84,84,84,84,84,84,84,84,84],"card_choices":[{"not_picked":["Endless Agony","Prepared"],"picked":"Dagger Throw","floor":1},{"not_picked":["Quick Slash","Sucker Punch"],"picked":"Backflip","floor":4},{"not_picked":["Cloak And Dagger","PiercingWail"],"picked":"Crippling Poison","floor":5},{"not_picked":["Caltrops","Sucker Punch"],"picked":"Calculated Gamble","floor":6},{"not_picked":["Dagger Throw","Masterful Stab"],"picked":"Wraith Form v2","floor":8},{"not_picked":["Backflip","Dagger Throw","Deflect"],"picked":"SKIP","floor":11},{"not_picked":["Sucker Punch","Concentrate"],"picked":"Backstab","floor":14}],"player_experience":198501,"relics_obtained":[{"floor":6,"key":"Strawberry"},{"floor":9,"key":"Ancient Tea Set"},{"floor":14,"key":"Shuriken"}],"event_choices":[{"damage_healed":0,"gold_gain":0,"player_choice":"Bought 0 Potions","damage_taken":0,"max_hp_gain":0,"max_hp_loss":0,"event_name":"The Woman in Blue","floor":2,"gold_loss":0},{"damage_healed":0,"gold_gain":0,"player_choice":"Ignored","damage_taken":0,"max_hp_gain":0,"max_hp_loss":0,"event_name":"Liars Game","floor":10,"gold_loss":0},{"damage_healed":0,"gold_gain":30,"player_choice":"Searched \u00271\u0027 times","damage_taken":0,"max_hp_gain":0,"max_hp_loss":0,"event_name":"Dead Adventurer","floor":12,"gold_loss":0}],"is_beta":false,"boss_relics":[],"items_purged_floors":[],"is_endless":false,"potions_floor_spawned":[1,5,8],"killed_by":"Hexaghost","ascension_level":10}