{"path_per_floor":["M","M","?","?","?","E","R","M","T","E","R","$","?","$","R","B",null,"M","?","T","?","?","E","R","M","T","R","?","R","M","E","R","B",null,"M","?","$","?","?"],"character_chosen":"THE_SILENT","items_purchased":["Apotheosis","Backflip","PiercingWail","Mind Blast","Block Potion"],"gold_per_floor":[10,30,30,30,130,163,163,173,200,235,235,24,54,0,0,103,103,116,116,143,143,143,174,174,194,221,221,221,221,241,271,271,371,371,387,387,201,248,248],"floor_reached":40,"campfire_rested":5,"playtime":2208,"current_hp_per_floor":[70,70,70,70,70,39,39,39,39,32,53,53,41,41,62,48,70,59,59,66,52,52,13,37,37,37,61,61,61,25,15,39,17,82,65,65,65,47,47],"items_purged":[],"gold":248,"score":455,"play_id":"827b2dc7-6808-454e-8fa1-5ffa034b3beb","local_time":"20180308193202","is_prod":false,"is_daily":false,"is_ascension_mode":true,"campfire_upgraded":2,"timestamp":1520555522,"path_taken":["M","M","?","?","?","E","R","M","T","E","R","?","?","$","R","BOSS","M","?","?","?","?","E","R","M","T","R","?","R","M","E","R","BOSS","M","?","?","?","?","E"],"build_version":"2018-03-01-PROD1","purchased_purges":1,"victory":false,"master_deck":["Defend_G","Defend_G+1","Defend_G+1","Defend_G","Strike_G","Strike_G","Survivor","Neutralize+1","Heel Hook","Dagger Spray+1","Terror","Sucker Punch+1","Flechettes","Apotheosis+1","Backflip","Die Die Die","Cloak And Dagger","Escape Plan+1","Malaise+1","Burst","Backflip","PiercingWail","Mind Blast","Concentrate+1"],"max_hp_per_floor":[70,70,70,70,70,70,70,70,70,70,70,70,70,70,70,70,70,70,70,77,82,82,82,82,82,82,82,82,82,82,82,82,82,82,82,82,82,96,96],"relics":["Ring of the Snake","Juzu Bracelet","Whetstone","Anchor","Tiny Chest","Lizard Tail","Strawberry","Lantern","War Paint","Gambling Chip","Cursed Key","Mango"],"card_choices":[{"not_picked":["Well Laid Plans","Finisher"],"picked":"Heel Hook"},{"not_picked":["Outmaneuver","Prepared"],"picked":"Dagger Spray"},{"not_picked":["Deflect","Flying Knee"],"picked":"Terror"},{"not_picked":["Outmaneuver","Quick Slash"],"picked":"Sucker Punch"},{"not_picked":["Bane","Deflect"],"picked":"Flechettes"},{"not_picked":["Night Terror","Bullet Time"],"picked":"Die Die Die"},{"not_picked":["Slice","Well Laid Plans"],"picked":"Cloak And Dagger"},{"not_picked":["Underhanded Strike","Deadly Poison"],"picked":"Flying Knee"},{"not_picked":["Infinite Blades","Dagger Spray"],"picked":"Escape Plan"},{"not_picked":["Dagger Throw","Sucker Punch"],"picked":"Malaise"},{"not_picked":["Storm of Steel","Doppelganger"],"picked":"Burst"},{"not_picked":["Concentrate","Dash"],"picked":"Backflip"},{"not_picked":["Deadly Poison","Predator"],"picked":"Concentrate"}],"player_experience":437279,"potions_floor_usage":[6,6,16,23,23,23,31,33,38],"damage_taken":[{"damage":0,"enemies":"2 Louse","floor":1,"turns":3},{"damage":0,"enemies":"Cultist","floor":2,"turns":5},{"damage":31,"enemies":"3 Sentries","floor":6,"turns":10},{"damage":0,"enemies":"Jaw Worm","floor":8,"turns":4},{"damage":7,"enemies":"Gremlin Nob","floor":10,"turns":3},{"damage":14,"enemies":"Hexaghost","floor":16,"turns":9},{"damage":11,"enemies":"2 Thieves","floor":18,"turns":5},{"damage":54,"enemies":"Slavers","floor":23,"turns":8},{"damage":0,"enemies":"3 Byrds","floor":25,"turns":3},{"damage":36,"enemies":"Sentry and Sphere","floor":30,"turns":6},{"damage":10,"enemies":"Book of Stabbing","floor":31,"turns":7},{"damage":63,"enemies":"Automaton","floor":33,"turns":18},{"damage":17,"enemies":"3 Darklings","floor":35,"turns":5},{"damage":32,"enemies":"Mysterious Sphere","floor":38,"turns":14},{"damage":54,"enemies":"2 Orb Walkers","floor":40,"turns":4}],"event_choices":[{"event_name":"Bonfire Elementals","player_choice":"BASIC","floor":3,"damage_taken":0},{"event_name":"Liars Game","player_choice":"disagreed","floor":4,"damage_taken":0},{"event_name":"Golden Shrine","player_choice":"Pray","floor":5,"damage_taken":0},{"event_name":"Scrap Ooze","player_choice":"success","floor":13,"damage_taken":12},{"event_name":"Drug Dealer","player_choice":"Ignored","floor":19,"damage_taken":0},{"event_name":"Forgotten Altar","player_choice":"Shed Blood","floor":21,"damage_taken":0},{"event_name":"The Lab","player_choice":"Got Potions","floor":22,"damage_taken":0},{"event_name":"Back to Basics","player_choice":"Elegance","floor":28,"damage_taken":0},{"event_name":"Tomb of Lord Red Mask","player_choice":"Ignored","floor":36,"damage_taken":0},{"event_name":"Mysterious Sphere","player_choice":"Fight","floor":38,"damage_taken":0}],"boss_relics":[{"not_picked":["Runic Dome","Orrery"],"picked":"Lizard Tail"},{"not_picked":["Sozu","Pandora\u0027s Box"],"picked":"Cursed Key"}],"potions_floor_spawned":[1,2,10,30,31],"seed_played":"8488128105550240467","killed_by":"2 Orb Walkers","ascension_level":3,"is_trial":false}