{"gold_per_floor":[118,135,135,145,156,184,204,222,276,276,293,293,67,142,142,239,239,257,20,20,20,38,38,72,72,72,27,45,61,61,77,77,173,223,233,50,50,0,100,100,149,149,149,180,196,196,196,196],"floor_reached":48,"playtime":2567,"items_purged":["Strike_G"],"score":648,"play_id":"e6e2ab6b-ea23-401a-8bc3-817d1bc218f3","local_time":"20190108205014","is_ascension_mode":true,"campfire_choices":[{"data":"Footwork","floor":10,"key":"SMITH"},{"data":"Glass Knife","floor":12,"key":"SMITH"},{"floor":15,"key":"REST"},{"floor":23,"key":"REST"},{"floor":32,"key":"REST"},{"data":"Footwork","floor":40,"key":"SMITH"},{"data":"Dash","floor":42,"key":"SMITH"},{"floor":47,"key":"REST"}],"neow_cost":"TEN_PERCENT_HP_LOSS","seed_source_timestamp":692088889802976,"circlet_count":0,"master_deck":["Defend_G+1","Defend_G+1","Defend_G+1","Defend_G+1","Defend_G+1","Strike_G+1","Strike_G+1","Strike_G+1","Strike_G+1","Survivor","Neutralize+1","Footwork+1","Poisoned Stab","Dash+1","Escape Plan","Skewer","PiercingWail","Cloak And Dagger","Glass Knife+1","Footwork+1","Leg Sweep+1","Night Terror","Crippling Poison","Dodge and Roll","Infinite Blades","Necronomicurse","Deflect","Dodge and Roll","Corpse Explosion","Dagger Spray","Malaise","Backflip","Terror","A Thousand Cuts","Footwork+1","Flechettes+1","Footwork","Dash","Escape Plan+1","Cloak And Dagger+1"],"relics":["Ring of the Snake","Mango","Ginger","Orichalcum","White Beast Statue","Happy Flower","Necronomicon","PreservedInsect","Dodecahedron","Tiny House","Red Mask","FossilizedHelix","Smiling Mask","Blue Candle"],"potions_floor_usage":[6,18,22,24,24,33,33,35,39,39,44,44,44,44,48,48],"damage_taken":[{"damage":4,"enemies":"Small Slimes","floor":1,"turns":6},{"damage":0,"enemies":"Jaw Worm","floor":2,"turns":5},{"damage":0,"enemies":"2 Louse","floor":4,"turns":3},{"damage":4,"enemies":"Large Slime","floor":5,"turns":8},{"damage":3,"enemies":"3 Sentries","floor":6,"turns":11},{"damage":1,"enemies":"Blue Slaver","floor":7,"turns":4},{"damage":0,"enemies":"Exordium Wildlife","floor":8,"turns":3},{"damage":1,"enemies":"Lots of Slimes","floor":11,"turns":6},{"damage":48,"enemies":"Hexaghost","floor":16,"turns":18},{"damage":0,"enemies":"Chosen","floor":18,"turns":6},{"damage":0,"enemies":"3 Byrds","floor":22,"turns":7},{"damage":12,"enemies":"Gremlin Leader","floor":24,"turns":8},{"damage":0,"enemies":"Snecko","floor":28,"turns":7},{"damage":4,"enemies":"Sentry and Sphere","floor":29,"turns":4},{"damage":0,"enemies":"Snake Plant","floor":31,"turns":6},{"damage":54,"enemies":"Automaton","floor":33,"turns":16},{"damage":2,"enemies":"Orb Walker","floor":35,"turns":5},{"damage":10,"enemies":"Mind Bloom Boss Battle","floor":39,"turns":8},{"damage":31,"enemies":"Reptomancer","floor":44,"turns":7},{"damage":5,"enemies":"3 Darklings","floor":45,"turns":12},{"damage":45,"enemies":"Giant Head","floor":48,"turns":9}],"seed_played":"-4782516759488437691","potions_obtained":[{"floor":1,"key":"Fire Potion"},{"floor":2,"key":"Strength Potion"},{"floor":11,"key":"SteroidPotion"},{"floor":16,"key":"GhostInAJar"},{"floor":18,"key":"GhostInAJar"},{"floor":22,"key":"Dexterity Potion"},{"floor":24,"key":"Weak Potion"},{"floor":28,"key":"SneckoOil"},{"floor":29,"key":"GamblersBrew"},{"floor":33,"key":"Fire Potion"},{"floor":34,"key":"EntropicBrew"},{"floor":35,"key":"Poison Potion"},{"floor":39,"key":"Weak Potion"},{"floor":44,"key":"Dexterity Potion"},{"floor":45,"key":"Weak Potion"}],"is_trial":false,"path_per_floor":["M","M","?","M","M","E","M","M","T","R","M","R","$","?","R","B",null,"M","$","?","?","M","R","E","?","T","$","M","M","?","M","R","B",null,"M","$","$","?","?","R","T","R","T","E","M","?","R","E"],"character_chosen":"THE_SILENT","items_purchased":["Footwork","Leg Sweep","Dodge and Roll","Happy Flower","Infinite Blades","Dagger Spray","Bouncing Flask","Footwork","Dash"],"campfire_rested":4,"item_purchase_floors":[13,13,19,19,19,27,36,36,36],"current_hp_per_floor":[73,73,58,58,54,51,50,50,50,50,49,49,49,38,61,13,61,61,61,45,45,45,68,56,56,56,56,56,52,52,52,75,21,68,66,66,66,66,56,56,56,56,56,25,20,20,44,0],"gold":196,"neow_bonus":"ONE_RARE_RELIC","is_prod":false,"is_daily":false,"chose_seed":false,"campfire_upgraded":4,"win_rate":0,"timestamp":1546998614,"path_taken":["M","M","?","M","M","E","M","M","T","R","M","R","$","?","R","BOSS","M","$","?","?","M","R","E","?","T","?","M","?","?","M","R","BOSS","M","?","$","?","?","R","?","R","T","E","?","?","R","E"],"build_version":"2019-01-07","purchased_purges":1,"victory":false,"max_hp_per_floor":[77,77,77,77,77,77,77,77,77,77,77,77,77,77,77,77,77,77,77,77,77,77,77,77,77,77,77,77,77,77,77,77,77,82,82,82,82,82,82,82,82,82,82,82,82,82,82,82],"card_choices":[{"not_picked":["Leg Sweep","Riddle With Holes"],"picked":"Footwork","floor":1},{"not_picked":["Blur","Flying Knee"],"picked":"Poisoned Stab","floor":2},{"not_picked":["Backflip","Acrobatics"],"picked":"Dash","floor":4},{"not_picked":["Endless Agony","Poisoned Stab"],"picked":"Escape Plan","floor":5},{"not_picked":["Prepared","Slice"],"picked":"Skewer","floor":6},{"not_picked":["Riddle With Holes","Poisoned Stab"],"picked":"PiercingWail","floor":7},{"not_picked":["Reflex","Sucker Punch"],"picked":"Cloak And Dagger","floor":8},{"not_picked":["Cloak And Dagger","Flying Knee"],"picked":"Glass Knife","floor":11},{"not_picked":["Phantasmal Killer","Die Die Die"],"picked":"Night Terror","floor":16},{"not_picked":["Outmaneuver+1","Dodge and Roll"],"picked":"Crippling Poison","floor":18},{"not_picked":["Blade Dance","Endless Agony"],"picked":"Deflect","floor":22},{"not_picked":["Slice","PiercingWail"],"picked":"Dodge and Roll","floor":24},{"not_picked":["Outmaneuver+1","Bane"],"picked":"Malaise","floor":28},{"not_picked":["Eviscerate","Slice"],"picked":"Backflip","floor":29},{"not_picked":["Accuracy+1","Slice"],"picked":"Terror","floor":31},{"not_picked":["Die Die Die","Grand Finale"],"picked":"A Thousand Cuts","floor":33},{"not_picked":["Prepared+1","Sucker Punch"],"picked":"Footwork+1","floor":34},{"not_picked":["Dagger Throw","Blade Dance"],"picked":"Flechettes+1","floor":35},{"not_picked":["Heel Hook","Finisher"],"picked":"Escape Plan+1","floor":39},{"not_picked":["Bane+1","Outmaneuver","Phantasmal Killer"],"picked":"SKIP","floor":44},{"not_picked":["Slice","Underhanded Strike"],"picked":"Cloak And Dagger+1","floor":45}],"player_experience":1216574,"relics_obtained":[{"floor":6,"key":"Ginger"},{"floor":9,"key":"Orichalcum"},{"floor":20,"key":"Necronomicon"},{"floor":24,"key":"PreservedInsect"},{"floor":26,"key":"Dodecahedron"},{"floor":39,"key":"FossilizedHelix"},{"floor":41,"key":"Smiling Mask"},{"floor":44,"key":"Blue Candle"}],"event_choices":[{"damage_healed":0,"gold_gain":0,"player_choice":"Entered Light","damage_taken":15,"max_hp_gain":0,"max_hp_loss":0,"event_name":"Shining Light","floor":3,"gold_loss":0,"cards_upgraded":["Neutralize","Defend_G"]},{"damage_healed":0,"gold_gain":75,"player_choice":"Gather Gold","damage_taken":11,"max_hp_gain":0,"max_hp_loss":0,"event_name":"World of Goop","floor":14,"gold_loss":0},{"damage_healed":0,"gold_gain":0,"player_choice":"Obtained Book","damage_taken":16,"max_hp_gain":0,"max_hp_loss":0,"event_name":"Cursed Tome","floor":20,"gold_loss":0},{"damage_healed":0,"gold_gain":0,"player_choice":"Simplicity","damage_taken":0,"max_hp_gain":0,"max_hp_loss":0,"event_name":"Back to Basics","floor":21,"gold_loss":0,"cards_upgraded":["Defend_G","Defend_G","Defend_G","Defend_G","Strike_G","Strike_G","Strike_G","Strike_G"]},{"damage_healed":0,"gold_gain":0,"player_choice":"Read","damage_taken":0,"max_hp_gain":0,"max_hp_loss":0,"event_name":"The Library","floor":25,"gold_loss":0,"cards_obtained":["Corpse Explosion"]},{"damage_healed":0,"gold_gain":0,"player_choice":"Ignored","damage_taken":0,"max_hp_gain":0,"max_hp_loss":0,"event_name":"NoteForYourself","floor":30,"gold_loss":0},{"damage_healed":0,"gold_gain":0,"player_choice":"Paid","damage_taken":0,"relics_obtained":["Red Mask"],"max_hp_gain":0,"max_hp_loss":0,"event_name":"Tomb of Lord Red Mask","floor":38,"gold_loss":50},{"damage_healed":0,"gold_gain":0,"player_choice":"Fight","damage_taken":0,"max_hp_gain":0,"max_hp_loss":0,"event_name":"MindBloom","floor":39,"gold_loss":0},{"cards_removed":["Bouncing Flask"],"damage_healed":0,"gold_gain":0,"player_choice":"Removed Skill","damage_taken":0,"max_hp_gain":0,"max_hp_loss":0,"event_name":"Falling","floor":46,"gold_loss":0}],"is_beta":true,"boss_relics":[{"not_picked":["Orrery","Lizard Tail"],"picked":"White Beast Statue"},{"not_picked":["Calling Bell","HoveringKite"],"picked":"Tiny House"}],"items_purged_floors":[13],"is_endless":false,"potions_floor_spawned":[1,2,11,16,18,22,24,28,29,31,33,35,39,44,45],"killed_by":"Giant Head","ascension_level":5}