{"gold_per_floor":[140,160,4,79,96,123,123,123,123,123,141,166,166,195,195,297,297,277,288,298,318,48,48,48,48,48,76,76,89,106,6,6,108,108,118,118,118,118,129,129,140,140,163,163,163,193,193,226,226,226],"floor_reached":51,"playtime":2309,"items_purged":["Strike_R","Strike_R"],"score":1156,"play_id":"294ce814-3ab3-40b8-b1b7-b5430d9af35f","local_time":"20190203202054","is_ascension_mode":true,"campfire_choices":[{"floor":8.0,"key":"REST"},{"floor":10.0,"key":"REST"},{"floor":13.0,"key":"REST"},{"floor":15.0,"key":"REST"},{"floor":23.0,"key":"REST"},{"data":"Offering","floor":25.0,"key":"SMITH"},{"data":"Shockwave","floor":28.0,"key":"SMITH"},{"data":"Flame Barrier","floor":32.0,"key":"SMITH"},{"data":"Demon Form","floor":40.0,"key":"SMITH"},{"data":"Clothesline","floor":42.0,"key":"SMITH"},{"data":"Cleave","floor":44.0,"key":"SMITH"},{"data":"Limit Break","floor":47.0,"key":"SMITH"},{"data":"Bash","floor":49.0,"key":"SMITH"}],"neow_cost":"NONE","seed_source_timestamp":0,"circlet_count":0,"master_deck":["AscendersBane","Strike_R","Strike_R","Strike_R","Defend_R","Defend_R","Defend_R","Defend_R","Bash+1","Havoc","Clothesline+1","Offering+1","Shockwave+1","Dropkick","Flame Barrier+1","Reaper","Cleave+1","Shrug It Off","Warcry+1","Corruption+1","Demon Form+1","Battle Trance+1","Shrug It Off","Limit Break+1"],"special_seed":0,"relics":["Burning Blood","Tiny Chest","Orichalcum","Charon\u0027s Ashes","Centennial Puzzle","Champion Belt","Question Card","Boot","Velvet Choker","Potion Belt","Incense Burner","Juzu Bracelet","Pantograph","Eternal Feather","Regal Pillow","Gremlin Horn","Lantern"],"potions_floor_usage":[50,50],"damage_taken":[{"damage":8.0,"enemies":"Jaw Worm","floor":1.0,"turns":4.0},{"damage":8.0,"enemies":"Small Slimes","floor":2.0,"turns":4.0},{"damage":1.0,"enemies":"Cultist","floor":5.0,"turns":4.0},{"damage":47.0,"enemies":"Gremlin Nob","floor":6.0,"turns":6.0},{"damage":23.0,"enemies":"Exordium Thugs","floor":11.0,"turns":6.0},{"damage":15.0,"enemies":"3 Sentries","floor":12.0,"turns":4.0},{"damage":12.0,"enemies":"Gremlin Nob","floor":14.0,"turns":3.0},{"damage":62.0,"enemies":"Slime Boss","floor":16.0,"turns":13.0},{"damage":15.0,"enemies":"2 Thieves","floor":18.0,"turns":4.0},{"damage":25.0,"enemies":"Spheric Guardian","floor":19.0,"turns":5.0},{"damage":12.0,"enemies":"Snecko","floor":20.0,"turns":5.0},{"damage":15.0,"enemies":"Chosen and Byrds","floor":21.0,"turns":7.0},{"damage":13.0,"enemies":"Gremlin Leader","floor":27.0,"turns":5.0},{"damage":12.0,"enemies":"Snake Plant","floor":29.0,"turns":4.0},{"damage":11.0,"enemies":"Centurion and Healer","floor":30.0,"turns":7.0},{"damage":73.0,"enemies":"Collector","floor":33.0,"turns":9.0},{"damage":14.0,"enemies":"Orb Walker","floor":35.0,"turns":4.0},{"damage":0.0,"enemies":"3 Shapes","floor":39.0,"turns":3.0},{"damage":28.0,"enemies":"3 Darklings","floor":41.0,"turns":3.0},{"damage":35.0,"enemies":"Giant Head","floor":46.0,"turns":7.0},{"damage":49.0,"enemies":"Nemesis","floor":48.0,"turns":7.0},{"damage":92,"enemies":"Awakened One","floor":50,"turns":11}],"seed_played":"-7726533392187006703","potions_obtained":[{"floor":6.0,"key":"Ancient Potion"},{"floor":11.0,"key":"AttackPotion"},{"floor":14.0,"key":"Swift Potion"},{"floor":27.0,"key":"AttackPotion"},{"floor":30.0,"key":"SpeedPotion"},{"floor":39.0,"key":"SpeedPotion"},{"floor":48.0,"key":"Swift Potion"}],"is_trial":false,"path_per_floor":["M","M","$","?","M","E","?","R","T","R","M","E","R","E","R","B",null,"M","M","M","M","$","R","T","R","T","E","R","M","M","$","R","B",null,"M","?","?","?","M","R","M","R","T","R","?","E","R","E","R","B",null],"character_chosen":"IRONCLAD","items_purchased":["Orichalcum","Potion Belt","Block Potion"],"campfire_rested":5,"item_purchase_floors":[3,22,22],"current_hp_per_floor":[70,68,68,57,62,21,3,27,27,51,34,25,49,43,67,11,63,66,47,46,43,43,67,67,67,67,73,73,72,79,79,79,13,63,55,55,55,55,76,76,68,76,76,76,76,70,76,33,45,14],"gold":226,"neow_bonus":"RANDOM_COMMON_RELIC","is_prod":false,"is_daily":false,"chose_seed":false,"campfire_upgraded":8,"win_rate":0,"timestamp":1549243254,"path_taken":["M","M","$","?","M","E","?","R","T","R","?","E","R","E","R","BOSS","M","M","?","M","$","R","?","R","T","E","R","M","M","$","R","BOSS","M","?","?","?","M","R","M","R","T","R","?","E","R","E","R","BOSS"],"build_version":"2019-01-23","purchased_purges":2,"victory":true,"max_hp_per_floor":[80,80,80,80,80,80,80,80,80,80,80,80,80,80,80,80,80,80,80,80,80,80,80,80,80,80,80,80,80,80,80,80,80,80,80,80,76,76,76,76,76,76,76,76,76,76,76,76,76,76],"card_choices":[{"not_picked":["Twin Strike","Perfected Strike"],"picked":"Havoc","floor":1.0},{"not_picked":["Flex","True Grit"],"picked":"Clothesline","floor":2.0},{"not_picked":["Entrench","Clothesline","Warcry"],"picked":"SKIP","floor":5.0},{"not_picked":["Hemokinesis","Armaments"],"picked":"Offering","floor":6.0},{"not_picked":["Feel No Pain","Sword Boomerang"],"picked":"Shockwave","floor":11.0},{"not_picked":["Rampage","Searing Blow"],"picked":"Dropkick","floor":12.0},{"not_picked":["Juggernaut","Clothesline","Combust"],"picked":"Flame Barrier","floor":14.0},{"not_picked":["Fiend Fire","Exhume","Double Tap"],"picked":"Reaper","floor":16.0},{"not_picked":["Pommel Strike","Anger","Iron Wave"],"picked":"Cleave","floor":18.0},{"not_picked":["Clash","Flex+1","Hemokinesis+1"],"picked":"Shrug It Off","floor":19.0},{"not_picked":["Thunderclap","Sword Boomerang","Headbutt"],"picked":"Warcry+1","floor":20.0},{"not_picked":["Body Slam","Bloodletting","Metallicize"],"picked":"Corruption+1","floor":21.0},{"not_picked":["Sword Boomerang","Heavy Blade","Iron Wave","Thunderclap+1"],"picked":"SKIP","floor":27.0},{"not_picked":["Offering","Sword Boomerang+1","Flex+1","Iron Wave"],"picked":"SKIP","floor":29.0},{"not_picked":["Anger","Pommel Strike","Iron Wave+1","Rampage"],"picked":"SKIP","floor":30.0},{"not_picked":["Feed","Juggernaut","Reaper"],"picked":"Demon Form","floor":33.0},{"not_picked":["Armaments+1","Twin Strike","Bloodletting"],"picked":"Battle Trance+1","floor":35.0},{"not_picked":["Intimidate","Sword Boomerang","Carnage"],"picked":"Shrug It Off","floor":39.0},{"not_picked":["Reckless Charge","Clash","Battle Trance"],"picked":"Limit Break","floor":41.0},{"not_picked":["Barricade","Body Slam+1","Cleave","Flex"],"picked":"SKIP","floor":46.0},{"not_picked":["Sentinel","Flex","Bloodletting","Armaments"],"picked":"SKIP","floor":48.0}],"player_experience":217740,"relics_obtained":[{"floor":6.0,"key":"Charon\u0027s Ashes"},{"floor":9.0,"key":"Champion Belt"},{"floor":12.0,"key":"Question Card"},{"floor":14.0,"key":"Boot"},{"floor":24.0,"key":"Incense Burner"},{"floor":26.0,"key":"Juzu Bracelet"},{"floor":27.0,"key":"Pantograph"},{"floor":43.0,"key":"Regal Pillow"},{"floor":46.0,"key":"Gremlin Horn"},{"floor":48.0,"key":"Lantern"}],"event_choices":[{"damage_healed":0.0,"max_hp_gain":0.0,"max_hp_loss":0.0,"gold_gain":75.0,"event_name":"World of Goop","player_choice":"Gather Gold","floor":4.0,"gold_loss":0.0,"damage_taken":11.0},{"damage_healed":0.0,"max_hp_gain":0.0,"max_hp_loss":0.0,"gold_gain":0.0,"event_name":"Scrap Ooze","player_choice":"Success","floor":7.0,"gold_loss":0.0,"damage_taken":18.0,"relics_obtained":["Centennial Puzzle"]},{"damage_healed":0.0,"max_hp_gain":0.0,"max_hp_loss":0.0,"gold_gain":0.0,"event_name":"SensoryStone","player_choice":"Memory 1","floor":36.0,"gold_loss":0.0,"damage_taken":0.0},{"damage_healed":0.0,"max_hp_gain":0.0,"max_hp_loss":4.0,"gold_gain":0.0,"event_name":"Winding Halls","player_choice":"Max HP","floor":37.0,"gold_loss":0.0,"damage_taken":0.0},{"damage_healed":0.0,"max_hp_gain":0.0,"max_hp_loss":0.0,"gold_gain":0.0,"event_name":"Mysterious Sphere","player_choice":"Ignored","floor":38.0,"gold_loss":0.0,"damage_taken":0.0},{"damage_healed":0.0,"max_hp_gain":0.0,"max_hp_loss":0.0,"gold_gain":0.0,"event_name":"SecretPortal","player_choice":"Ignored","floor":45.0,"gold_loss":0.0,"damage_taken":0.0}],"is_beta":false,"boss_relics":[{"not_picked":["Astrolabe","Runic Dome"],"picked":"Velvet Choker"},{"not_picked":["Runic Cube","Empty Cage"],"picked":"Eternal Feather"}],"items_purged_floors":[22,31],"is_endless":false,"potions_floor_spawned":[6,11,14,20,21,27,30,39,48],"ascension_level":12}