{"gold_per_floor":[115,115,134,62,80,80,30,30,99,99,126,45,45,45,45,150,150,90],"floor_reached":18,"playtime":659,"items_purged":[],"score":257,"play_id":"56bfdebc-9e19-4a82-9d9d-e6b88a1cb4ee","local_time":"20181228200355","is_ascension_mode":true,"campfire_choices":[{"data":"Conserve Battery","floor":6,"key":"SMITH"},{"data":"Reinforced Body","floor":10,"key":"SMITH"},{"floor":15,"key":"REST"}],"neow_cost":"NONE","seed_source_timestamp":6980310269413,"circlet_count":0,"master_deck":["AscendersBane","Strike_B","Strike_B","Strike_B","Defend_B","Defend_B","Defend_B","Defend_B","Zap","Dualcast","Leap","Impatience","Fission","Reinforced Body+1","BootSequence","Conserve Battery+1","Static Discharge+1","Storm+1","Multi-Cast"],"relics":["Cracked Core","Frozen Egg 2","Mercury Hourglass"],"potions_floor_usage":[3,13,16],"damage_taken":[{"damage":0,"enemies":"2 Louse","floor":1,"turns":2},{"damage":0,"enemies":"Cultist","floor":3,"turns":4},{"damage":11,"enemies":"Jaw Worm","floor":5,"turns":5},{"damage":52,"enemies":"Lagavulin","floor":11,"turns":9},{"damage":0,"enemies":"Gremlin Nob","floor":13,"turns":1},{"damage":20,"enemies":"The Guardian","floor":16,"turns":13}],"seed_played":"2961491228232900222","potions_obtained":[{"floor":0,"key":"PowerPotion"},{"floor":0,"key":"SmokeBomb"},{"floor":3,"key":"Swift Potion"},{"floor":14,"key":"FocusPotion"},{"floor":14,"key":"Ancient Potion"}],"is_trial":false,"path_per_floor":["M","?","M","$","M","R","?","$","T","R","E","$","E","?","R","B",null,"M"],"character_chosen":"DEFECT","items_purchased":["BootSequence","Storm+1"],"campfire_rested":1,"item_purchase_floors":[4,12],"current_hp_per_floor":[68,68,68,68,57,57,57,57,57,57,5,5,5,5,27,7,58,51],"gold":90,"neow_bonus":"THREE_SMALL_POTIONS","is_prod":false,"is_daily":false,"chose_seed":false,"campfire_upgraded":2,"win_rate":0,"timestamp":1546045435,"path_taken":["M","?","M","$","?","R","?","?","T","R","E","$","E","?","R","BOSS","M"],"build_version":"2018-12-25","purchased_purges":0,"victory":false,"max_hp_per_floor":[75,75,75,75,75,75,75,75,75,75,75,75,75,75,75,75,75,75],"card_choices":[{"not_picked":["Darkness","Redo"],"picked":"Leap","floor":1},{"not_picked":["Fusion","Steam"],"picked":"Reinforced Body","floor":3},{"not_picked":["Reboot","Barrage"],"picked":"Conserve Battery","floor":5},{"not_picked":["Rip and Tear","Lockon"],"picked":"Static Discharge+1","floor":11},{"not_picked":["Reboot","Hyperbeam"],"picked":"Multi-Cast","floor":16}],"player_experience":1050626,"relics_obtained":[{"floor":9,"key":"Frozen Egg 2"},{"floor":11,"key":"Mercury Hourglass"}],"event_choices":[{"damage_healed":0,"gold_gain":0,"player_choice":"2 cards matched","damage_taken":0,"max_hp_gain":0,"max_hp_loss":0,"event_name":"Match and Keep!","floor":2,"gold_loss":0,"cards_obtained":["Impatience","Fission"]},{"cards_removed":["Strike_B"],"damage_healed":0,"gold_gain":0,"player_choice":"Card Removal","damage_taken":0,"max_hp_gain":0,"max_hp_loss":0,"event_name":"The Cleric","floor":7,"gold_loss":50},{"damage_healed":0,"gold_gain":0,"player_choice":"Got Potions","damage_taken":0,"max_hp_gain":0,"max_hp_loss":0,"event_name":"Lab","floor":14,"gold_loss":0}],"is_beta":true,"boss_relics":[{"not_picked":["Fusion Hammer","Runic Pyramid","Empty Cage"]}],"items_purged_floors":[],"is_endless":false,"potions_floor_spawned":[3],"killed_by":"2 Thieves","ascension_level":11}