{"path_per_floor":["M","M","M","$","M","E","M","R","T","E","R","$","?","M","R","B",null,"M","M","?","?","M","R","?","R","T","?","M","R","M","M","R"],"character_chosen":"THE_SILENT","items_purchased":["Cloak And Dagger"],"gold_per_floor":[109,122,138,15,29,60,73,73,73,102,102,2,2,20,20,124,124,141,153,68,68,86,86,86,86,86,86,100,100,112,128,128],"floor_reached":33,"campfire_rested":2,"playtime":1733,"current_hp_per_floor":[70,68,68,68,68,48,42,42,42,44,44,44,44,44,67,60,77,77,72,82,65,60,68,92,92,92,76,66,74,25,8,43],"items_purged":["Decay","Strike_G"],"gold":128,"score":336,"play_id":"ffee3137-dfc8-45fe-a165-65e512722120","local_time":"20180320222558","is_prod":false,"is_daily":false,"is_ascension_mode":true,"campfire_upgraded":1,"timestamp":1521599158,"path_taken":["M","M","M","$","M","E","M","R","T","E","R","$","?","M","R","BOSS","M","?","?","?","M","R","?","R","T","?","M","R","M","M","R","BOSS"],"build_version":"2018-03-15v3","purchased_purges":2,"victory":false,"master_deck":["Defend_G","Defend_G","Defend_G","Defend_G","Strike_G","Strike_G","Strike_G","Survivor","Neutralize","Poisoned Stab","Blur+1","Cloak And Dagger","Backflip","Flechettes","Cloak And Dagger","Adrenaline+1","Poisoned Stab","Deadly Poison","Envenom","Catalyst","Dagger Spray+1","Noxious Fumes","Slice+1"],"max_hp_per_floor":[70,70,70,70,70,70,70,70,70,77,77,77,77,77,77,77,77,77,77,87,92,92,92,92,92,92,92,92,92,92,92,92],"relics":["Ring of the Snake","Snake Skull","Shovel","Strawberry","Omamori","Eternal Feather","Pear","Frozen Eye","Du-Vu Doll","Pantograph","Nilry\u0027s Codex","Prayer Wheel"],"card_choices":[{"not_picked":["Dodge and Roll","Underhanded Strike"],"picked":"Cloak And Dagger"},{"not_picked":["Expertise","Sucker Punch"],"picked":"Backflip"},{"not_picked":["Flying Knee","Caltrops"],"picked":"Flechettes"},{"not_picked":["Underhanded Strike","Flechettes"],"picked":"Adrenaline"},{"not_picked":["Slice","Finisher"],"picked":"Poisoned Stab"},{"not_picked":["Quick Slash","Backflip"],"picked":"Deadly Poison"},{"not_picked":["Corpse Explosion","Die Die Die"],"picked":"Envenom"},{"not_picked":["Outmaneuver","Underhanded Strike"],"picked":"Catalyst"},{"not_picked":["Deadly Poison","Venomology"],"picked":"Dagger Spray"},{"not_picked":["Sucker Punch","PiercingWail"],"picked":"Noxious Fumes"},{"not_picked":["Riddle With Holes","All Out Attack"],"picked":"Slice"}],"player_experience":627453,"potions_floor_usage":[6,7,16,19,19,28,33],"damage_taken":[{"damage":0,"enemies":"Jaw Worm","floor":1,"turns":5},{"damage":2,"enemies":"Cultist","floor":2,"turns":5},{"damage":0,"enemies":"2 Louse","floor":3,"turns":4},{"damage":0,"enemies":"Blue Slaver","floor":5,"turns":4},{"damage":20,"enemies":"3 Sentries","floor":6,"turns":10},{"damage":6,"enemies":"Large Slime","floor":7,"turns":5},{"damage":5,"enemies":"Lagavulin","floor":10,"turns":7},{"damage":0,"enemies":"2 Fungi Beasts","floor":14,"turns":3},{"damage":7,"enemies":"The Guardian","floor":16,"turns":9},{"damage":0,"enemies":"Shell Parasite","floor":18,"turns":8},{"damage":5,"enemies":"Spheric Guardian","floor":19,"turns":5},{"damage":5,"enemies":"Snecko","floor":22,"turns":3},{"damage":10,"enemies":"Centurion and Healer","floor":28,"turns":6},{"damage":49,"enemies":"3 Cultists","floor":30,"turns":5},{"damage":17,"enemies":"Snecko","floor":31,"turns":5},{"damage":87,"enemies":"Collector","floor":33,"turns":7}],"event_choices":[{"event_name":"Living Wall","player_choice":"Grow","floor":13,"damage_taken":0},{"event_name":"Addict","player_choice":"Obtained Relic","floor":20,"damage_taken":0},{"event_name":"Forgotten Altar","player_choice":"Shed Blood","floor":21,"damage_taken":0},{"event_name":"The Library","player_choice":"Heal","floor":24,"damage_taken":0},{"event_name":"Cursed Tome","player_choice":"Obtained Book","floor":27,"damage_taken":0}],"boss_relics":[{"not_picked":["White Beast Statue","Velvet Choker"],"picked":"Eternal Feather"}],"potions_floor_spawned":[5,6,10,14,16,19,22,28],"seed_played":"4840837957275659164","killed_by":"Collector","ascension_level":4,"is_trial":false}