{"gold_per_floor":[113,133,151,151,167,167,200,200,280,11,11,24,24,35,35,130,130,140,190,207,55,105,105,132,132,155,169,95,95,145],"floor_reached":30,"playtime":1162,"items_purged":["Strike_R"],"score":397,"play_id":"0916d768-3afd-4569-85d6-3e968a39322e","local_time":"20181215205612","is_ascension_mode":true,"campfire_choices":[{"floor":6,"key":"REST"},{"floor":13,"key":"REST"},{"data":"Demon Form","floor":15,"key":"SMITH"},{"data":"Feel No Pain","floor":23,"key":"SMITH"},{"floor":25,"key":"REST"},{"floor":29,"key":"REST"}],"neow_cost":"NONE","seed_source_timestamp":31986918820320,"circlet_count":0,"master_deck":["AscendersBane","Strike_R","Strike_R","Strike_R","Defend_R","Defend_R","Defend_R","Defend_R","Bash","Iron Wave","Headbutt","Armaments","Demon Form+1","Shrug It Off","Feel No Pain+1","Sword Boomerang","Feel No Pain","Intimidate","Juggernaut","Twin Strike","Havoc+1","Battle Trance","Offering","Burning Pact","Feel No Pain","Shrug It Off"],"relics":["Burning Blood","NeowsBlessing","Champion Belt","Mummified Hand","Vajra","SsserpentHead","Snecko Eye","Blood Vial","Bag of Preparation"],"potions_floor_usage":[20,30,30],"damage_taken":[{"damage":0,"enemies":"Jaw Worm","floor":1,"turns":1},{"damage":0,"enemies":"Small Slimes","floor":2,"turns":1},{"damage":0,"enemies":"2 Louse","floor":3,"turns":1},{"damage":41,"enemies":"Exordium Thugs","floor":5,"turns":7},{"damage":30,"enemies":"Lagavulin","floor":7,"turns":7},{"damage":16,"enemies":"Blue Slaver","floor":12,"turns":3},{"damage":2,"enemies":"Exordium Wildlife","floor":14,"turns":2},{"damage":20,"enemies":"Slime Boss","floor":16,"turns":9},{"damage":10,"enemies":"Spheric Guardian","floor":18,"turns":4},{"damage":0,"enemies":"Chosen","floor":20,"turns":3},{"damage":60,"enemies":"Gremlin Leader","floor":24,"turns":6},{"damage":25,"enemies":"Snake Plant","floor":27,"turns":4},{"damage":10,"enemies":"Colosseum Slavers","floor":30,"turns":3},{"damage":77,"enemies":"Colosseum Nobs","floor":30,"turns":4}],"seed_played":"-7321644139060673381","potions_obtained":[{"floor":2,"key":"Dexterity Potion"},{"floor":7,"key":"FearPotion"},{"floor":27,"key":"SkillPotion"}],"is_trial":false,"path_per_floor":["M","M","M","?","M","R","E","?","T","$","?","M","R","M","R","B",null,"M","?","M","$","?","R","E","R","T","M","$","R","?"],"character_chosen":"IRONCLAD","items_purchased":["Feel No Pain","Sword Boomerang","Vajra","Battle Trance","Feel No Pain","Shrug It Off"],"campfire_rested":4,"item_purchase_floors":[10,10,10,21,28,28],"current_hp_per_floor":[78,80,80,73,38,62,38,43,43,43,43,33,58,62,62,48,76,72,56,62,62,62,62,10,37,37,20,20,47,0],"gold":145,"neow_bonus":"THREE_ENEMY_KILL","is_prod":false,"is_daily":false,"chose_seed":false,"campfire_upgraded":2,"win_rate":0,"timestamp":1544925372,"path_taken":["M","M","M","?","M","R","E","?","T","$","?","M","R","M","R","BOSS","M","?","M","$","?","R","E","R","T","M","?","R","?"],"build_version":"2018-12-13","purchased_purges":1,"victory":false,"max_hp_per_floor":[80,80,80,80,80,80,80,85,85,85,85,85,85,85,85,85,85,85,90,90,90,90,90,90,90,90,90,90,90,90],"card_choices":[{"not_picked":["Clash","Rupture"],"picked":"Iron Wave","floor":1},{"not_picked":["Havoc","Twin Strike"],"picked":"Headbutt","floor":2},{"not_picked":["Body Slam","Blood for Blood"],"picked":"Armaments","floor":3},{"not_picked":["Metallicize","Intimidate"],"picked":"Demon Form","floor":5},{"not_picked":["Twin Strike","Anger"],"picked":"Shrug It Off","floor":7},{"not_picked":["Pommel Strike","Havoc"],"picked":"Feel No Pain","floor":12},{"not_picked":["Pommel Strike","Carnage"],"picked":"Intimidate","floor":14},{"not_picked":["Bludgeon","Exhume"],"picked":"Juggernaut","floor":16},{"not_picked":["Combust","Pommel Strike"],"picked":"Twin Strike","floor":18},{"not_picked":["Wild Strike","Entrench+1"],"picked":"Havoc+1","floor":20},{"not_picked":["True Grit","Fire Breathing"],"picked":"Offering","floor":24},{"not_picked":["Perfected Strike","Headbutt"],"picked":"Burning Pact","floor":27}],"player_experience":981283,"relics_obtained":[{"floor":7,"key":"Champion Belt"},{"floor":9,"key":"Mummified Hand"},{"floor":24,"key":"Bag of Preparation"}],"event_choices":[{"cards_removed":["Strike_R"],"damage_healed":0,"gold_gain":0,"player_choice":"Card Removal","damage_taken":7,"max_hp_gain":0,"max_hp_loss":0,"event_name":"Golden Wing","floor":4,"gold_loss":0},{"damage_healed":0,"gold_gain":0,"player_choice":"Donut","damage_taken":0,"max_hp_gain":5,"max_hp_loss":0,"event_name":"Big Fish","floor":8,"gold_loss":0},{"damage_healed":0,"gold_gain":0,"player_choice":"Trade","damage_taken":0,"relics_obtained":["SsserpentHead"],"max_hp_gain":0,"max_hp_loss":0,"event_name":"FaceTrader","floor":11,"gold_loss":0},{"damage_healed":0,"gold_gain":0,"player_choice":"Shed Blood","damage_taken":21,"max_hp_gain":5,"max_hp_loss":0,"event_name":"Forgotten Altar","floor":19,"gold_loss":0},{"damage_healed":0,"gold_gain":0,"player_choice":"Opened","damage_taken":0,"relics_obtained":["Blood Vial"],"max_hp_gain":0,"max_hp_loss":0,"event_name":"The Mausoleum","floor":22,"gold_loss":0},{"damage_healed":0,"gold_gain":0,"player_choice":"Fight","damage_taken":0,"max_hp_gain":0,"max_hp_loss":0,"event_name":"Colosseum","floor":30,"gold_loss":0},{"damage_healed":0,"gold_gain":0,"player_choice":"Fought Nobs","damage_taken":0,"max_hp_gain":0,"max_hp_loss":0,"event_name":"Colosseum","floor":30,"gold_loss":0}],"is_beta":true,"boss_relics":[{"not_picked":["Fusion Hammer","Orrery"],"picked":"Snecko Eye"}],"items_purged_floors":[21],"is_endless":false,"potions_floor_spawned":[2,7,16,27,30],"killed_by":"Colosseum Nobs","ascension_level":12}