{"gold_per_floor":[116,41,55,82,100,100,119,148,148,73,105,105,133,150,150,227,227,244,10,24,35,35,35,45,106,176,176,192,117,147,160,160,236,236,248,18,31,43,0,0,28,28,28,28,59,59,59,69,69,69,69,69,69,25,60,60],"floor_reached":56,"playtime":7752,"items_purged":["Strike_R"],"score":1960,"play_id":"ea19fe7d-f196-4e87-aa68-861c9036fad3","local_time":"20190128204303","is_ascension_mode":true,"campfire_choices":[{"data":"Bash","floor":6.0,"key":"SMITH"},{"floor":12.0,"key":"REST"},{"data":"Entrench","floor":15.0,"key":"SMITH"},{"floor":23.0,"key":"REST"},{"floor":27.0,"key":"REST"},{"data":"Whirlwind","floor":32.0,"key":"SMITH"},{"floor":40.0,"key":"RECALL"},{"data":"Limit Break","floor":42.0,"key":"SMITH"},{"data":"Brutality","floor":46.0,"key":"SMITH"},{"floor":49.0,"key":"REST"},{"floor":53.0,"key":"REST"}],"neow_cost":"PERCENT_DAMAGE","seed_source_timestamp":562271092790,"circlet_count":0,"master_deck":["AscendersBane","Strike_R","Strike_R","Defend_R","Defend_R","Defend_R","Defend_R","Bash+1","Impervious","Sword Boomerang","Sword Boomerang","Entrench+1","Ghostly Armor","Spot Weakness","Feed","Battle Trance+1","Corruption","Reaper","Metallicize","Body Slam","Necronomicurse","Whirlwind+1","Shockwave","Limit Break+1","Entrench","Shrug It Off","Brutality+1","Master of Strategy","Inflame","Evolve","Dual Wield","Whirlwind+1"],"special_seed":0,"relics":["Burning Blood","Anchor","Bird Faced Urn","Mummified Hand","Matryoshka","Odd Mushroom","Velvet Choker","Necronomicon","Tiny Chest","Potion Belt","Singing Bowl","Blue Candle","Cursed Key","Omamori","Red Mask","Pear","Dream Catcher","Strawberry","Unceasing Top"],"potions_floor_usage":[56],"damage_taken":[{"damage":7.0,"enemies":"Cultist","floor":1.0,"turns":4.0},{"damage":0.0,"enemies":"Small Slimes","floor":3.0,"turns":4.0},{"damage":0.0,"enemies":"2 Louse","floor":5.0,"turns":3.0},{"damage":4.0,"enemies":"2 Fungi Beasts","floor":7.0,"turns":4.0},{"damage":8.0,"enemies":"Gremlin Nob","floor":8.0,"turns":3.0},{"damage":55.0,"enemies":"3 Sentries","floor":11.0,"turns":11.0},{"damage":16.0,"enemies":"The Mushroom Lair","floor":13.0,"turns":5.0},{"damage":6.0,"enemies":"3 Louse","floor":14.0,"turns":4.0},{"damage":30.0,"enemies":"Slime Boss","floor":16.0,"turns":9.0},{"damage":26.0,"enemies":"3 Byrds","floor":18.0,"turns":7.0},{"damage":6.0,"enemies":"2 Thieves","floor":20.0,"turns":3.0},{"damage":9.0,"enemies":"Centurion and Healer","floor":21.0,"turns":7.0},{"damage":41.0,"enemies":"3 Cultists","floor":24.0,"turns":5.0},{"damage":49.0,"enemies":"Book of Stabbing","floor":25.0,"turns":5.0},{"damage":30.0,"enemies":"Snake Plant","floor":28.0,"turns":5.0},{"damage":0.0,"enemies":"Gremlin Leader","floor":30.0,"turns":4.0},{"damage":16.0,"enemies":"Snecko","floor":31.0,"turns":4.0},{"damage":36.0,"enemies":"Collector","floor":33.0,"turns":7.0},{"damage":38.0,"enemies":"3 Shapes","floor":35.0,"turns":8.0},{"damage":0.0,"enemies":"3 Darklings","floor":37.0,"turns":2.0},{"damage":0.0,"enemies":"Jaw Worm Horde","floor":38.0,"turns":2.0},{"damage":33.0,"enemies":"Reptomancer","floor":41.0,"turns":5.0},{"damage":61.0,"enemies":"Nemesis","floor":45.0,"turns":7.0},{"damage":1.0,"enemies":"Sphere and 2 Shapes","floor":48.0,"turns":2.0},{"damage":109.0,"enemies":"Donu and Deca","floor":50.0,"turns":7.0},{"damage":69.0,"enemies":"Awakened One","floor":51.0,"turns":8.0},{"damage":100.0,"enemies":"Shield and Spear","floor":55.0,"turns":7.0},{"damage":123,"enemies":"The Heart","floor":56,"turns":6}],"seed_played":"1674725065484520120","potions_obtained":[{"floor":5.0,"key":"SteroidPotion"},{"floor":7.0,"key":"LiquidBronze"},{"floor":13.0,"key":"AttackPotion"},{"floor":14.0,"key":"BloodPotion"},{"floor":16.0,"key":"AttackPotion"},{"floor":18.0,"key":"PowerPotion"},{"floor":21.0,"key":"FearPotion"},{"floor":25.0,"key":"SneckoOil"},{"floor":31.0,"key":"Strength Potion"},{"floor":33.0,"key":"Strength Potion"},{"floor":41.0,"key":"Block Potion"}],"is_trial":false,"path_per_floor":["M","$","M","T","M","R","M","E","T","?","E","R","?","M","R","B",null,"M","$","M","M","?","R","M","E","T","R","M","?","E","M","R","B",null,"M","$","M","M","?","R","E","R","T","?","E","R","?","M","R","B","B",null,"R","$","E","B"],"character_chosen":"IRONCLAD","items_purchased":["Corruption","Reaper","Omamori","Shrug It Off","Dual Wield"],"campfire_rested":5,"item_purchase_floors":[19,19,36,36,54],"current_hp_per_floor":[49,49,55,55,61,61,63,61,61,61,12,34,24,24,24,7,58,41,41,46,60,39,64,52,35,35,61,41,41,89,91,91,61,84,67,67,93,95,95,95,108,108,108,108,71,71,65,74,111,78,93,118,126,126,77,0],"gold":60,"neow_bonus":"THREE_RARE_CARDS","is_prod":false,"is_daily":false,"chose_seed":false,"campfire_upgraded":5,"win_rate":0,"timestamp":1548736983,"path_taken":["M","$","M","?","M","R","M","E","T","?","E","R","?","M","R","BOSS","M","$","M","M","?","R","M","E","T","R","M","?","E","M","R","BOSS","M","$","M","M","?","R","E","R","T","?","E","R","?","M","R","BOSS","BOSS","R","$","E","BOSS"],"build_version":"2019-01-23","purchased_purges":1,"victory":false,"max_hp_per_floor":[75,75,75,75,75,75,75,75,75,75,75,75,75,75,75,75,75,78,78,81,84,84,84,87,87,87,87,89,89,89,91,91,91,91,91,91,93,95,95,95,108,108,108,108,120,120,124,126,126,126,126,126,126,126,126,126],"card_choices":[{"not_picked":["Berserk","Barricade"],"picked":"Impervious","floor":0.0},{"not_picked":["Perfected Strike","Second Wind"],"picked":"Sword Boomerang","floor":1.0},{"not_picked":["Intimidate","Second Wind","Warcry"],"picked":"SKIP","floor":3.0},{"not_picked":["Pummel","Iron Wave"],"picked":"Sword Boomerang","floor":5.0},{"not_picked":["Perfected Strike","Clash"],"picked":"Entrench","floor":7.0},{"not_picked":["Dark Embrace","Headbutt"],"picked":"Ghostly Armor","floor":8.0},{"not_picked":["Pommel Strike","Clash"],"picked":"Spot Weakness","floor":11.0},{"not_picked":["Pommel Strike","Searing Blow","Clash"],"picked":"SKIP","floor":14.0},{"not_picked":["Double Tap","Brutality"],"picked":"Feed","floor":16.0},{"not_picked":["Shrug It Off","Feel No Pain"],"picked":"Battle Trance+1","floor":18.0},{"not_picked":["Pummel","Pommel Strike+1"],"picked":"Metallicize","floor":20.0},{"not_picked":["Headbutt","Seeing Red"],"picked":"Body Slam","floor":21.0},{"not_picked":["Headbutt","Pommel Strike"],"picked":"Whirlwind","floor":24.0},{"not_picked":["Perfected Strike","Berserk","Headbutt+1"],"picked":"SKIP","floor":25.0},{"not_picked":["Spot Weakness","Body Slam","Clash"],"picked":"Singing Bowl","floor":28.0},{"not_picked":["Clothesline","Combust"],"picked":"Shockwave","floor":30.0},{"not_picked":["True Grit","Pummel","Sword Boomerang"],"picked":"Singing Bowl","floor":31.0},{"not_picked":["Fiend Fire","Reaper"],"picked":"Limit Break","floor":33.0},{"not_picked":["True Grit+1","Rage"],"picked":"Entrench","floor":35.0},{"not_picked":["Searing Blow","Bloodletting","Pummel+1"],"picked":"Singing Bowl","floor":37.0},{"not_picked":["Warcry","Bloodletting+1","Sword Boomerang"],"picked":"Singing Bowl","floor":38.0},{"not_picked":["Sword Boomerang","Corruption"],"picked":"Brutality","floor":41.0},{"not_picked":["Twin Strike","Havoc+1","Thunderclap+1"],"picked":"Singing Bowl","floor":45.0},{"not_picked":["Magnetism","Swift Strike","Forethought"],"picked":"Singing Bowl","floor":47.0},{"not_picked":["Impatience","Flash of Steel"],"picked":"Master of Strategy","floor":47.0},{"not_picked":["Mayhem","Enlightenment","Impatience"],"picked":"Singing Bowl","floor":47.0},{"not_picked":["Fire Breathing","Armaments","Reckless Charge"],"picked":"Singing Bowl","floor":48.0},{"not_picked":["Havoc","Flex"],"picked":"Inflame","floor":49.0},{"not_picked":["Cleave","Anger"],"picked":"Evolve","floor":53.0},{"not_picked":["Dark Embrace","Dropkick"],"picked":"Whirlwind+1","floor":55.0}],"player_experience":1305047,"relics_obtained":[{"floor":4.0,"key":"Anchor"},{"floor":8.0,"key":"Bird Faced Urn"},{"floor":9.0,"key":"Mummified Hand"},{"floor":11.0,"key":"Matryoshka"},{"floor":13.0,"key":"Odd Mushroom"},{"floor":22.0,"key":"Necronomicon"},{"floor":25.0,"key":"Tiny Chest"},{"floor":26.0,"key":"Potion Belt"},{"floor":26.0,"key":"Singing Bowl"},{"floor":30.0,"key":"Blue Candle"},{"floor":41.0,"key":"Pear"},{"floor":43.0,"key":"Dream Catcher"},{"floor":45.0,"key":"Strawberry"},{"floor":55.0,"key":"Unceasing Top"}],"event_choices":[{"cards_removed":["Strike_R"],"damage_healed":0.0,"max_hp_gain":0.0,"max_hp_loss":0.0,"gold_gain":0.0,"event_name":"The Cleric","player_choice":"Card Removal","floor":10.0,"gold_loss":75.0,"damage_taken":0.0},{"damage_healed":0.0,"max_hp_gain":0.0,"max_hp_loss":0.0,"gold_gain":0.0,"event_name":"Mushrooms","player_choice":"Fought Mushrooms","floor":13.0,"gold_loss":0.0,"damage_taken":0.0},{"damage_healed":0.0,"max_hp_gain":0.0,"max_hp_loss":0.0,"gold_gain":0.0,"event_name":"Cursed Tome","player_choice":"Obtained Book","floor":22.0,"gold_loss":0.0,"damage_taken":21.0},{"cards_removed":["Strike_R"],"damage_healed":0.0,"max_hp_gain":0.0,"max_hp_loss":0.0,"gold_gain":0.0,"event_name":"Beggar","player_choice":"Gave Gold","floor":29.0,"gold_loss":75.0,"damage_taken":0.0},{"damage_healed":0.0,"max_hp_gain":0.0,"max_hp_loss":0.0,"gold_gain":0.0,"event_name":"Tomb of Lord Red Mask","player_choice":"Paid","floor":39.0,"gold_loss":43.0,"damage_taken":0.0,"relics_obtained":["Red Mask"]},{"damage_healed":22.0,"max_hp_gain":0.0,"max_hp_loss":0.0,"gold_gain":0.0,"event_name":"Winding Halls","player_choice":"Writhe","floor":44.0,"gold_loss":0.0,"damage_taken":0.0,"cards_obtained":["Writhe"]},{"damage_healed":0.0,"max_hp_gain":0.0,"max_hp_loss":0.0,"gold_gain":0.0,"event_name":"SensoryStone","player_choice":"Memory 3","floor":47.0,"gold_loss":0.0,"damage_taken":10.0}],"is_beta":true,"boss_relics":[{"not_picked":["Sozu","Pandora\u0027s Box"],"picked":"Velvet Choker"},{"not_picked":["Philosopher\u0027s Stone","Astrolabe"],"picked":"Cursed Key"}],"items_purged_floors":[2],"is_endless":false,"potions_floor_spawned":[5,7,13,14,16,18,21,25,31,33,41],"killed_by":"The Heart","ascension_level":20}