{"path_per_floor":["M","M","?","?","M","R","E","R","T","M","M","E","R","M","R","B",null,"M","$","M","?","M","R","M","E","T","?"],"character_chosen":"THE_SILENT","items_purchased":[],"gold_per_floor":[109,120,120,85,104,104,135,135,135,151,167,192,192,207,207,311,311,311,236,146,146,146,146,146,146,146,146],"floor_reached":28,"campfire_rested":2,"playtime":2564,"current_hp_per_floor":[70,70,56,70,70,70,67,67,67,60,61,49,49,47,69,9,74,62,62,35,35,35,57,40,19,19,19],"items_purged":["Strike_G"],"gold":146,"score":250,"play_id":"3f8ac73a-926c-4621-828f-cdf4a708ac30","is_prod":false,"is_daily":false,"is_ascension_mode":false,"campfire_upgraded":3,"path_taken":["M","M","?","?","M","R","E","R","T","M","?","E","R","M","R","BOSS","M","$","M","?","M","R","M","E","T","?","E"],"build_version":"2018-02-15-PROD1","purchased_purges":1,"victory":false,"master_deck":["Defend_G","Defend_G","Defend_G+1","Defend_G","Defend_G","Strike_G","Strike_G","Strike_G+1","Strike_G","Survivor","Neutralize+1","Flying Knee","Acrobatics","Skewer+1","Infinite Blades+1","Outmaneuver+1","Deflect","Wraith Form","Backflip","Leg Sweep","Caltrops+1","Predator+1"],"max_hp_per_floor":[70,70,70,70,70,70,70,70,70,72,74,74,74,74,74,74,74,74,74,74,74,74,74,76,76,76,76],"relics":["Ring of the Snake","Oddly Smooth Stone","Singing Bowl","Frozen Eye","Bag of Preparation","Ectoplasm","Paper Crane","Juzu Bracelet","Pen Nib"],"card_choices":[{"not_picked":["Catalyst","Dagger Spray"],"picked":"Flying Knee"},{"not_picked":["Escape Plan","Deadly Poison"],"picked":"Acrobatics"},{"not_picked":["Poisoned Stab","Acrobatics"],"picked":"Skewer"},{"not_picked":["Underhanded Strike","Riddle With Holes"],"picked":"Infinite Blades"},{"not_picked":["Well Laid Plans","Deadly Poison"],"picked":"Outmaneuver"},{"not_picked":["Phantasmal Killer","Choke"],"picked":"Deflect"},{"not_picked":["A Thousand Cuts","Night Terror"],"picked":"Wraith Form"},{"not_picked":["Deadly Poison","PiercingWail"],"picked":"Backflip"},{"not_picked":["Quick Slash","Backflip"],"picked":"Leg Sweep"},{"not_picked":["Acrobatics","Noxious Fumes"],"picked":"Caltrops"},{"not_picked":["Blade Dance","PiercingWail"],"picked":"Predator"}],"player_experience":116006,"potions_floor_usage":[12,14,16,28,28,28],"damage_taken":[{"damage":0,"enemies":"Small Slimes","floor":1,"turns":4},{"damage":0,"enemies":"Cultist","floor":2,"turns":3},{"damage":0,"enemies":"Jaw Worm","floor":5,"turns":5},{"damage":3,"enemies":"3 Sentries","floor":7,"turns":9},{"damage":9,"enemies":"Lots of Slimes","floor":10,"turns":5},{"damage":1,"enemies":"Looter","floor":11,"turns":3},{"damage":12,"enemies":"Gremlin Nob","floor":12,"turns":4},{"damage":2,"enemies":"3 Louse","floor":14,"turns":2},{"damage":60,"enemies":"Hexaghost","floor":16,"turns":15},{"damage":12,"enemies":"Spheric Guardian","floor":18,"turns":4},{"damage":27,"enemies":"2 Thieves","floor":20,"turns":5},{"damage":0,"enemies":"Snecko","floor":22,"turns":6},{"damage":19,"enemies":"Centurion and Healer","floor":24,"turns":8},{"damage":21,"enemies":"Book of Stabbing","floor":25,"turns":6},{"damage":22,"enemies":"Gremlin Leader","floor":28,"turns":2}],"event_choices":[{"event_name":"Shining Light","player_choice":"Entered Light","floor":3,"damage_taken":0},{"event_name":"The Cleric","player_choice":"Healed","floor":4,"damage_taken":0},{"event_name":"The Mausoleum","player_choice":"Yes","floor":21,"damage_taken":0},{"event_name":"Accursed Blacksmith","player_choice":"Forge","floor":27,"damage_taken":0}],"boss_relics":[{"not_picked":["Question Card","Runic Pyramid"],"picked":"Ectoplasm"}],"potions_floor_spawned":[5,10,12,16,24,25],"seed_played":"-2757585195704024312","killed_by":"Gremlin Leader","ascension_level":0,"is_trial":false}