{"gold_per_floor":[109,59,59,77,97,97,122,122,122,138,148,148,148,159,159,264,264,274,364,382,24,24,56,56,70,123,123,134,134,134,8,8,8],"floor_reached":33,"playtime":1175,"items_purged":[],"score":278,"play_id":"5210eb1e-bf36-4e64-9654-8b1850291ca5","local_time":"20190105202743","is_ascension_mode":true,"campfire_choices":[{"data":"Conserve Battery","floor":6,"key":"SMITH"},{"data":"Streamline","floor":8,"key":"SMITH"},{"floor":13,"key":"REST"},{"data":"Machine Learning","floor":15,"key":"SMITH"},{"data":"Buffer","floor":24,"key":"SMITH"},{"floor":27,"key":"REST"},{"data":"Capacitor","floor":30,"key":"SMITH"},{"floor":32,"key":"REST"}],"neow_cost":"NONE","seed_source_timestamp":432857410802867,"circlet_count":0,"master_deck":["Strike_B","Strike_B+1","Defend_B","Defend_B","Defend_B","Defend_B","Zap","Dualcast","Streamline+1","Conserve Battery+1","Ball Lightning","Sweeping Beam","Self Repair","Machine Learning+1","Rebound","Buffer+1","Gash","Ball Lightning+1","Capacitor+1","Coolheaded","BootSequence","Force Field+1","Fusion+1","Self Repair","Compile Driver","Seek+1"],"relics":["FrozenCore","Bronze Scales","Matryoshka","Blood Vial","The Courier","OrangePellets","Centennial Puzzle","Juzu Bracelet","Toxic Egg 2","Whetstone"],"potions_floor_usage":[7,20],"damage_taken":[{"damage":0,"enemies":"2 Louse","floor":1,"turns":2},{"damage":5,"enemies":"Small Slimes","floor":4,"turns":3},{"damage":6,"enemies":"Cultist","floor":5,"turns":3},{"damage":28,"enemies":"Gremlin Nob","floor":7,"turns":4},{"damage":2,"enemies":"Blue Slaver","floor":10,"turns":3},{"damage":18,"enemies":"Lots of Slimes","floor":11,"turns":2},{"damage":0,"enemies":"Looter","floor":14,"turns":3},{"damage":30,"enemies":"Hexaghost","floor":16,"turns":9},{"damage":10,"enemies":"Spheric Guardian","floor":18,"turns":6},{"damage":5,"enemies":"3 Byrds","floor":20,"turns":3},{"damage":37,"enemies":"Book of Stabbing","floor":23,"turns":7},{"damage":9,"enemies":"Shelled Parasite and Fungi","floor":25,"turns":7},{"damage":11,"enemies":"Snake Plant","floor":28,"turns":4},{"damage":76,"enemies":"Collector","floor":33,"turns":12}],"seed_played":"-3046168025222200080","potions_obtained":[{"floor":5,"key":"Swift Potion"},{"floor":7,"key":"FearPotion"},{"floor":18,"key":"AttackPotion"},{"floor":28,"key":"Block Potion"}],"is_trial":false,"path_per_floor":["M","?","?","M","M","R","E","R","T","M","M","?","R","M","R","B",null,"M","?","M","$","?","E","R","M","T","R","M","?","R","$","R","B"],"character_chosen":"DEFECT","items_purchased":["Capacitor","Coolheaded","OrangePellets","Centennial Puzzle","Compile Driver","Seek+1"],"campfire_rested":3,"item_purchase_floors":[21,21,21,21,31,31],"current_hp_per_floor":[75,75,75,70,64,64,36,36,36,36,27,27,49,58,58,37,75,72,58,55,55,75,45,45,38,38,60,51,51,51,51,73,0],"gold":8,"neow_bonus":"RANDOM_COMMON_RELIC","is_prod":false,"is_daily":false,"chose_seed":false,"campfire_upgraded":5,"win_rate":0,"timestamp":1546738063,"path_taken":["M","?","?","M","M","R","E","R","T","M","M","?","R","?","R","BOSS","M","?","?","$","?","E","R","M","T","R","M","?","R","$","R","BOSS"],"build_version":"2019-01-03v4","purchased_purges":0,"victory":false,"max_hp_per_floor":[75,75,75,75,75,75,75,75,75,75,75,75,75,75,75,75,75,75,75,75,75,75,75,75,75,75,75,75,75,75,75,75,75],"card_choices":[{"not_picked":["Stack","Static Discharge"],"picked":"Streamline","floor":1},{"not_picked":["Hello World","Barrage"],"picked":"Conserve Battery","floor":4},{"not_picked":["Streamline","Redo"],"picked":"Ball Lightning","floor":5},{"not_picked":["Stack","Darkness"],"picked":"Sweeping Beam","floor":7},{"not_picked":["Hologram","Streamline"],"picked":"Self Repair","floor":10},{"not_picked":["Cold Snap","Go for the Eyes"],"picked":"Machine Learning","floor":11},{"not_picked":["Recycle","Hello World"],"picked":"Rebound","floor":14},{"not_picked":["Machine Learning","Seek"],"picked":"Buffer","floor":16},{"not_picked":["Recycle","Conserve Battery+1"],"picked":"Gash","floor":18},{"not_picked":["Go for the Eyes","Rebound"],"picked":"Ball Lightning","floor":20},{"not_picked":["Recycle+1","Conserve Battery"],"picked":"BootSequence","floor":23},{"not_picked":["Sweeping Beam+1","Doom and Gloom"],"picked":"Force Field+1","floor":25},{"not_picked":["Sweeping Beam","Ball Lightning"],"picked":"Fusion+1","floor":28}],"player_experience":1185293,"relics_obtained":[{"floor":7,"key":"Matryoshka"},{"floor":9,"key":"Blood Vial"},{"floor":9,"key":"The Courier"},{"floor":23,"key":"Juzu Bracelet"},{"floor":26,"key":"Toxic Egg 2"},{"floor":26,"key":"Whetstone"}],"event_choices":[{"cards_removed":["Strike_B"],"damage_healed":0,"gold_gain":0,"player_choice":"Card Removal","damage_taken":0,"max_hp_gain":0,"max_hp_loss":0,"event_name":"The Cleric","floor":2,"gold_loss":50},{"damage_healed":0,"gold_gain":0,"player_choice":"Ignored","damage_taken":0,"max_hp_gain":0,"max_hp_loss":0,"event_name":"Liars Game","floor":3,"gold_loss":0},{"cards_removed":["Strike_B"],"damage_healed":0,"gold_gain":0,"player_choice":"Purged","damage_taken":0,"max_hp_gain":0,"max_hp_loss":0,"event_name":"Purifier","floor":12,"gold_loss":0},{"damage_healed":0,"gold_gain":90,"player_choice":"GOLD ","damage_taken":14,"max_hp_gain":0,"max_hp_loss":0,"event_name":"Knowing Skull","floor":19,"potions_obtained":[],"gold_loss":0,"cards_obtained":[]},{"damage_healed":20,"gold_gain":0,"player_choice":"Full Heal","damage_taken":0,"max_hp_gain":0,"max_hp_loss":0,"event_name":"Wheel of Change","floor":22,"gold_loss":0},{"damage_healed":0,"gold_gain":0,"player_choice":"Read","damage_taken":0,"max_hp_gain":0,"max_hp_loss":0,"event_name":"The Library","floor":29,"gold_loss":0,"cards_obtained":["Self Repair"]}],"is_beta":true,"boss_relics":[{"not_picked":["Astrolabe","Coffee Dripper"],"picked":"FrozenCore"}],"items_purged_floors":[],"is_endless":false,"potions_floor_spawned":[5,7,18,28],"killed_by":"Collector","ascension_level":1}