{"path_per_floor":["M","?","$","M","?","E","R","E","T","R","M","E","?","M","R","B",null,"M","?","$","M","M","R","M","?","T","R","?","R","M","M","R","B",null,"M","?","$","?","M","E","R","?","T","M","R","M","R","?","R","B"],"character_chosen":"IRONCLAD","items_purchased":["Evolve","Metallicize","Armaments","Kunai","Warcry"],"gold_per_floor":[114,114,40,59,59,95,95,129,129,129,145,178,178,194,194,325,325,339,339,142,161,186,186,202,117,144,144,185,185,206,226,226,346,346,365,365,84,306,331,364,364,364,364,389,389,403,403,403,403,403],"floor_reached":51,"campfire_rested":6,"playtime":2831,"current_hp_per_floor":[80,80,80,80,80,80,80,82,82,82,82,89,89,89,89,10,89,83,67,67,59,52,80,73,73,73,73,26,55,45,47,76,25,99,78,78,78,78,84,31,77,64,78,31,82,81,124,124,124,33],"items_purged":["Injury"],"gold":403,"score":829,"play_id":"70818eed-886b-400f-a00c-1792825d25bd","local_time":"20180401172513","is_prod":false,"is_daily":false,"is_ascension_mode":true,"campfire_upgraded":5,"timestamp":1522617913,"path_taken":["M","?","$","?","?","E","R","E","T","R","M","E","?","M","R","BOSS","M","?","$","M","M","R","M","?","T","R","?","R","M","M","R","BOSS","M","?","$","?","?","E","R","?","T","M","R","M","R","?","R","BOSS"],"build_version":"2018-03-29","purchased_purges":1,"victory":true,"master_deck":["Strike_R","Strike_R","Defend_R","Defend_R","Defend_R","Bash","Twin Strike","Evolve+1","Pommel Strike+1","Iron Wave","Wild Strike+1","Wild Strike","Feed","Battle Trance","Metallicize","Armaments+1","Sword Boomerang+1","Feed","Whirlwind+1","Body Slam","Barricade+1","Pummel+1","Warcry+1","Demon Form+1","Flame Barrier+1","Warcry","Intimidate+1","Madness","Madness","Ghostly Armor+1","Power Through+1"],"max_hp_per_floor":[80,80,80,80,80,80,80,82,82,82,82,89,89,89,89,89,89,89,89,89,94,94,94,97,97,97,97,97,97,99,99,99,99,99,99,99,99,99,101,104,104,104,118,121,121,124,124,124,124,124],"relics":["Burning Blood","NeowsBlessing","Golden Idol","Thread and Needle","Singing Bowl","Calipers","Strawberry","Sozu","Nilry\u0027s Codex","Frozen Egg 2","Lantern","Red Mask","Astrolabe","Kunai","Regal Pillow","Mango"],"card_choices":[{"not_picked":["Sword Boomerang","Thunderclap"],"picked":"Twin Strike","floor":1},{"not_picked":["Disarm","Entrench"],"picked":"Pommel Strike","floor":6},{"not_picked":["Anger","Havoc"],"picked":"Iron Wave","floor":11},{"not_picked":["Feel No Pain","Impervious"],"picked":"Wild Strike","floor":12},{"not_picked":["Sword Boomerang","Iron Wave"],"picked":"Wild Strike","floor":14},{"not_picked":["Exhume","Reaper"],"picked":"Feed","floor":16},{"not_picked":["Havoc","Thunderclap"],"picked":"Battle Trance","floor":18},{"not_picked":["Cleave","Heavy Blade"],"picked":"Sword Boomerang","floor":22},{"not_picked":["Spot Weakness","Anger"],"picked":"Feed","floor":24},{"not_picked":["Sentinel","Anger"],"picked":"Whirlwind","floor":28},{"not_picked":["Twin Strike","Shockwave"],"picked":"Body Slam","floor":31},{"not_picked":["Brutality","Offering"],"picked":"Barricade","floor":33},{"not_picked":["Twin Strike","True Grit"],"picked":"Flame Barrier","floor":35},{"not_picked":["Searing Blow","Warcry"],"picked":"Intimidate","floor":40},{"not_picked":["Sentinel","Cleave"],"picked":"Ghostly Armor","floor":44},{"not_picked":["Armaments","Clash"],"picked":"Power Through","floor":46}],"player_experience":67779,"potions_floor_usage":[8,12,16,16,22],"damage_taken":[{"damage":0,"enemies":"Small Slimes","floor":1,"turns":1},{"damage":0,"enemies":"Jaw Worm","floor":4,"turns":1},{"damage":0,"enemies":"Lagavulin","floor":6,"turns":1},{"damage":0,"enemies":"3 Sentries","floor":8,"turns":11},{"damage":0,"enemies":"Cultist","floor":11,"turns":4},{"damage":0,"enemies":"Gremlin Nob","floor":12,"turns":3},{"damage":2,"enemies":"Blue Slaver","floor":14,"turns":4},{"damage":85,"enemies":"Hexaghost","floor":16,"turns":10},{"damage":12,"enemies":"Shell Parasite","floor":18,"turns":6},{"damage":19,"enemies":"2 Thieves","floor":21,"turns":4},{"damage":13,"enemies":"Sentry and Sphere","floor":22,"turns":7},{"damage":16,"enemies":"Snecko","floor":24,"turns":6},{"damage":53,"enemies":"Masked Bandits","floor":28,"turns":6},{"damage":18,"enemies":"Snake Plant","floor":30,"turns":5},{"damage":4,"enemies":"Centurion and Healer","floor":31,"turns":6},{"damage":57,"enemies":"Champ","floor":33,"turns":11},{"damage":27,"enemies":"Flame Bruiser 1 Orb","floor":35,"turns":5},{"damage":2,"enemies":"Orb Walker","floor":39,"turns":3},{"damage":62,"enemies":"2 Orb Walkers","floor":40,"turns":5},{"damage":71,"enemies":"Sphere and 2 Shapes","floor":44,"turns":7},{"damage":10,"enemies":"3 Darklings","floor":46,"turns":7},{"damage":97,"enemies":"Awakened One","floor":50,"turns":10}],"event_choices":[{"event_name":"Liars Game","player_choice":"disagreed","floor":2,"damage_taken":0},{"event_name":"Golden Idol","player_choice":"Take Wound","floor":5,"damage_taken":0},{"event_name":"The Lab","player_choice":"Got Potions","floor":13,"damage_taken":0},{"event_name":"Cursed Tome","player_choice":"Obtained Book","floor":19,"damage_taken":0},{"event_name":"Addict","player_choice":"Obtained Relic","floor":25,"damage_taken":0},{"event_name":"Masked Bandits","player_choice":"Fought over 144 gold","floor":28,"damage_taken":0},{"event_name":"Tomb of Lord Red Mask","player_choice":"Wore Mask","floor":38,"damage_taken":0},{"event_name":"Winding Halls","player_choice":"Embrace Madness","floor":42,"damage_taken":0},{"event_name":"Mysterious Sphere","player_choice":"Ignore","floor":48,"damage_taken":0}],"boss_relics":[{"not_picked":["Tiny House","Pandora\u0027s Box"],"picked":"Sozu"},{"not_picked":["Velvet Choker","Black Blood"],"picked":"Astrolabe"}],"potions_floor_spawned":[4,6,11,12,21,22,24,30,31,35,39,46],"seed_played":"8968725170719464261","ascension_level":1,"is_trial":false}