{"gold_per_floor":[110,110,74,249,265,265,297,297,321,355,320,334,334,360,360,464,464,419,419,419,419,38,38,38,38,38,38,38,38,38,38,38,38,38,38,38,0,0,0],"floor_reached":39,"playtime":1898,"items_purged":["Doubt"],"score":727,"play_id":"099936fa-f82f-4f92-a042-49f640322197","local_time":"20190202022644","is_ascension_mode":true,"campfire_choices":[{"data":"Riddle With Holes","floor":6.0,"key":"SMITH"},{"floor":8,"key":"REST"},{"floor":13,"key":"REST"},{"floor":15,"key":"REST"},{"floor":23,"key":"REST"},{"data":"Apotheosis","floor":25,"key":"SMITH"},{"floor":32,"key":"REST"}],"neow_cost":"NONE","seed_source_timestamp":0,"circlet_count":0,"master_deck":["AscendersBane","Defend_G","Defend_G","Defend_G","Defend_G","Defend_G","Survivor","Neutralize","Sucker Punch","Well Laid Plans","Riddle With Holes+1","A Thousand Cuts","Caltrops","Blur","Adrenaline","PiercingWail","Die Die Die","Burst","Die Die Die","Footwork","Apotheosis+1","Dash","Crippling Poison","After Image+1","Flechettes+1","Eviscerate+1","Unload+1","Backstab","Terror"],"special_seed":0,"relics":["Ring of the Snake","Bottled Lightning","Pen Nib","Bag of Marbles","Potion Belt","Pear","Ectoplasm","Art of War","Letter Opener","Frozen Egg 2","Sundial","Astrolabe","Turnip","Red Mask"],"potions_floor_usage":[7,14,20,24,27,30,31,33,35,38],"damage_taken":[{"damage":10.0,"enemies":"Cultist","floor":1.0,"turns":6.0},{"damage":7.0,"enemies":"Jaw Worm","floor":5.0,"turns":4.0},{"damage":46,"enemies":"Lagavulin","floor":7,"turns":14},{"damage":28,"enemies":"Gremlin Nob","floor":10,"turns":4},{"damage":0,"enemies":"2 Louse","floor":12,"turns":2},{"damage":24,"enemies":"3 Sentries","floor":14,"turns":7},{"damage":40,"enemies":"The Guardian","floor":16,"turns":13},{"damage":4,"enemies":"2 Thieves","floor":18,"turns":5},{"damage":8,"enemies":"Chosen","floor":20,"turns":6},{"damage":18,"enemies":"Book of Stabbing","floor":24,"turns":7},{"damage":1,"enemies":"Slavers","floor":27,"turns":4},{"damage":7,"enemies":"Centurion and Healer","floor":28,"turns":6},{"damage":18,"enemies":"Book of Stabbing","floor":30,"turns":6},{"damage":24,"enemies":"Snake Plant","floor":31,"turns":4},{"damage":38,"enemies":"Champ","floor":33,"turns":15},{"damage":0,"enemies":"Orb Walker","floor":35,"turns":5},{"damage":0,"enemies":"Mind Bloom Boss Battle","floor":36,"turns":7},{"damage":1,"enemies":"3 Darklings","floor":38,"turns":4},{"damage":83,"enemies":"Transient","floor":39,"turns":5}],"seed_played":"2324518835613027394","potions_obtained":[{"floor":5.0,"key":"Dexterity Potion"},{"floor":10,"key":"Explosive Potion"},{"floor":14,"key":"Swift Potion"},{"floor":16,"key":"Energy Potion"},{"floor":18,"key":"LiquidBronze"},{"floor":19,"key":"Energy Potion"},{"floor":19,"key":"Dexterity Potion"},{"floor":20,"key":"Ancient Potion"},{"floor":28,"key":"Energy Potion"},{"floor":30,"key":"AttackPotion"},{"floor":33,"key":"AttackPotion"},{"floor":36,"key":"SkillPotion"}],"is_trial":false,"path_per_floor":["M","T","$","?","M","R","E","R","T","E","?","M","R","E","R","B",null,"M","?","M","?","$","R","E","R","T","E","M","$","E","M","R","B",null,"M","?","?","M","M"],"character_chosen":"THE_SILENT","items_purchased":["Well Laid Plans","Footwork","Apotheosis","Dash"],"campfire_rested":5,"item_purchase_floors":[3,22,22,22],"current_hp_per_floor":[60,60,60,60,53,53,7,30,30,2,21,21,44,30,56,16,69,65,65,57,57,57,83,65,65,65,64,57,57,39,15,41,3,66,66,66,66,65,0],"gold":0,"neow_bonus":"TEN_PERCENT_HP_BONUS","is_prod":false,"is_daily":false,"chose_seed":false,"campfire_upgraded":2,"win_rate":0,"timestamp":1549092404,"path_taken":["M","?","?","?","M","R","E","R","T","E","?","M","R","E","R","BOSS","M","?","?","?","?","R","E","R","T","E","M","$","E","M","R","BOSS","M","?","?","M","M"],"build_version":"2019-01-23","purchased_purges":1,"victory":false,"max_hp_per_floor":[77,77,77,77,77,77,77,77,77,77,77,77,77,87,87,87,87,87,87,87,87,87,87,87,87,87,87,87,87,87,87,87,87,87,87,87,87,87,87],"card_choices":[{"not_picked":["Bane","Catalyst"],"picked":"Sucker Punch","floor":1.0},{"not_picked":["Accuracy","Setup"],"picked":"Riddle With Holes","floor":5.0},{"not_picked":["Riddle With Holes","Underhanded Strike","Quick Slash"],"picked":"SKIP","floor":7},{"not_picked":["Storm of Steel","Underhanded Strike"],"picked":"A Thousand Cuts","floor":10},{"not_picked":["Catalyst","Dagger Throw"],"picked":"Caltrops","floor":12},{"not_picked":["Bane","Flying Knee"],"picked":"Blur","floor":14},{"not_picked":["Storm of Steel","Wraith Form v2"],"picked":"Adrenaline","floor":16},{"not_picked":["Dodge and Roll+1","Outmaneuver"],"picked":"PiercingWail","floor":18},{"not_picked":["Blade Dance+1","Accuracy"],"picked":"Die Die Die","floor":20},{"not_picked":["Quick Slash+1","Cloak And Dagger","Poisoned Stab"],"picked":"SKIP","floor":24},{"not_picked":["Dagger Throw","Dodge and Roll","Heel Hook+1"],"picked":"SKIP","floor":27},{"not_picked":["Concentrate","Dodge and Roll+1","Flying Knee+1"],"picked":"SKIP","floor":28},{"not_picked":["Bane","Slice"],"picked":"Crippling Poison","floor":30},{"not_picked":["Bane","Venomology","Quick Slash"],"picked":"SKIP","floor":31},{"not_picked":["Glass Knife","Phantasmal Killer"],"picked":"After Image+1","floor":33},{"not_picked":["Acrobatics","Outmaneuver+1"],"picked":"Backstab","floor":35},{"not_picked":["All Out Attack","Deflect+1"],"picked":"Terror","floor":38}],"player_experience":210127,"relics_obtained":[{"floor":2.0,"key":"Bottled Lightning"},{"floor":7,"key":"Pen Nib"},{"floor":9,"key":"Bag of Marbles"},{"floor":10,"key":"Potion Belt"},{"floor":14,"key":"Pear"},{"floor":24,"key":"Art of War"},{"floor":26,"key":"Letter Opener"},{"floor":27,"key":"Frozen Egg 2"},{"floor":30,"key":"Sundial"},{"floor":36,"key":"Turnip"}],"event_choices":[{"damage_healed":0.0,"max_hp_gain":0.0,"max_hp_loss":0.0,"gold_gain":175.0,"event_name":"Liars Game","player_choice":"AGREE","floor":4.0,"gold_loss":0.0,"damage_taken":0.0,"cards_obtained":["Doubt"]},{"damage_healed":19,"gold_gain":0,"player_choice":"Healed","damage_taken":0,"max_hp_gain":0,"max_hp_loss":0,"event_name":"The Cleric","floor":11,"gold_loss":35},{"damage_healed":0,"gold_gain":0,"player_choice":"Got Potions","damage_taken":0,"max_hp_gain":0,"max_hp_loss":0,"event_name":"Lab","floor":19,"gold_loss":0},{"damage_healed":0,"gold_gain":0,"cards_transformed":["Strike_G","Strike_G"],"player_choice":"Became Test Subject","damage_taken":0,"max_hp_gain":0,"max_hp_loss":0,"event_name":"Drug Dealer","floor":21,"gold_loss":0,"cards_obtained":["Burst","Die Die Die"]},{"damage_healed":0,"gold_gain":0,"player_choice":"Fight","damage_taken":0,"max_hp_gain":0,"max_hp_loss":0,"event_name":"MindBloom","floor":36,"gold_loss":0},{"damage_healed":0,"gold_gain":0,"player_choice":"Paid","damage_taken":0,"relics_obtained":["Red Mask"],"max_hp_gain":0,"max_hp_loss":0,"event_name":"Tomb of Lord Red Mask","floor":37,"gold_loss":38}],"is_beta":false,"boss_relics":[{"not_picked":["Runic Pyramid","Ring of the Serpent"],"picked":"Ectoplasm"},{"not_picked":["Runic Dome","Lizard Tail"],"picked":"Astrolabe"}],"items_purged_floors":[22],"is_endless":false,"potions_floor_spawned":[5,10,14,16,18,20,28,30,33,36],"killed_by":"Transient","ascension_level":11}