{"path_per_floor":["M","?","M","$","M","R","E","R","T","M","R","?","R","M","R","B",null,"M","?","?","$","?","R","M","M","T","$","M","R","$","M","R"],"character_chosen":"THE_SILENT","items_purchased":["Noxious Fumes","Vajra","Ancient Tea Set","PiercingWail","Footwork"],"gold_per_floor":[11,11,25,25,41,41,73,73,373,393,393,393,393,413,413,518,518,537,537,452,4,4,4,19,38,93,15,33,33,33,49,49],"floor_reached":33,"campfire_rested":5,"playtime":1433,"current_hp_per_floor":[69,69,69,69,69,69,13,34,34,30,30,18,54,47,70,45,70,34,34,34,34,34,42,41,19,19,19,17,61,61,39,72],"items_purged":["Strike_G"],"gold":49,"score":294,"play_id":"8f2a6067-aa53-418d-b335-6e61c4da06f4","local_time":"20180319225848","is_prod":false,"is_daily":false,"is_ascension_mode":true,"campfire_upgraded":0,"timestamp":1521514728,"path_taken":["M","?","M","$","M","R","E","R","T","M","R","?","R","M","R","BOSS","M","?","?","$","?","R","M","?","T","$","M","R","$","M","R","BOSS"],"build_version":"2018-03-15v3","purchased_purges":2,"victory":false,"master_deck":["Defend_G+1","Defend_G+1","Defend_G+1","Defend_G+1","Defend_G+1","Strike_G+1","Strike_G+1","Strike_G+1","Survivor","Neutralize","Flying Knee","Cloak And Dagger","Acrobatics","Heel Hook","Bouncing Flask","Dagger Spray","Glass Knife","Outmaneuver","Noxious Fumes","PiercingWail","Quick Slash+1","Footwork","Dodge and Roll"],"max_hp_per_floor":[70,70,70,70,70,70,70,70,70,70,70,70,70,70,70,70,70,70,70,70,70,70,70,70,70,70,70,72,72,72,72,72],"relics":["Ring of the Snake","Shovel","Calipers","Bottled Flame","Old Coin","Mummified Hand","Regal Pillow","Eternal Feather","Sundial","Vajra","Ancient Tea Set","Peace Pipe","Singing Bowl"],"card_choices":[{"not_picked":["Slice","Dagger Throw"],"picked":"Flying Knee"},{"not_picked":["Bane","Sucker Punch"],"picked":"Cloak And Dagger"},{"not_picked":["Underhanded Strike","Storm of Steel"],"picked":"Acrobatics"},{"not_picked":["Calculated Gamble","Setup"],"picked":"Heel Hook"},{"not_picked":["Poisoned Stab","Slice"],"picked":"Bouncing Flask"},{"not_picked":["Acrobatics","Deadly Poison"],"picked":"Dagger Spray"},{"not_picked":["Tactician","Venomology"],"picked":"Glass Knife"},{"not_picked":["Endless Agony","Slice"],"picked":"Outmaneuver"},{"not_picked":["Wraith Form","Underhanded Strike"],"picked":"Quick Slash"},{"not_picked":["Bouncing Flask","Sucker Punch"],"picked":"Dodge and Roll"}],"player_experience":615789,"potions_floor_usage":[16,28,28,33],"damage_taken":[{"damage":1,"enemies":"Jaw Worm","floor":1,"turns":8},{"damage":0,"enemies":"Small Slimes","floor":3,"turns":4},{"damage":0,"enemies":"2 Louse","floor":5,"turns":4},{"damage":56,"enemies":"Gremlin Nob","floor":7,"turns":6},{"damage":4,"enemies":"2 Fungi Beasts","floor":10,"turns":4},{"damage":7,"enemies":"Large Slime","floor":14,"turns":8},{"damage":25,"enemies":"Slime Boss","floor":16,"turns":10},{"damage":36,"enemies":"Chosen","floor":18,"turns":7},{"damage":1,"enemies":"3 Byrds","floor":24,"turns":4},{"damage":22,"enemies":"Cultist and Chosen","floor":25,"turns":6},{"damage":4,"enemies":"Snake Plant","floor":28,"turns":4},{"damage":22,"enemies":"Snecko","floor":31,"turns":7},{"damage":102,"enemies":"Collector","floor":33,"turns":7}],"event_choices":[{"event_name":"Living Wall","player_choice":"Forget","floor":2,"damage_taken":0},{"event_name":"Scrap Ooze","player_choice":"success","floor":12,"damage_taken":12},{"event_name":"Back to Basics","player_choice":"Simplicity","floor":19,"damage_taken":0},{"event_name":"Addict","player_choice":"Obtained Relic","floor":20,"damage_taken":0},{"event_name":"Beggar","player_choice":"Ignored","floor":22,"damage_taken":0}],"boss_relics":[{"not_picked":["Calling Bell","Ectoplasm"],"picked":"Eternal Feather"}],"potions_floor_spawned":[7,10,25,31],"seed_played":"622936219159287393","killed_by":"Collector","ascension_level":4,"is_trial":false}