{"gold_per_floor":[114,114,128,142,159,159,159,189,214,229,229,258,258,272,272,375,375,395,413,433,23,41,67,67,86,86,1,1,29,41,74,74,172,172,191,13,33,44,44,44,44],"floor_reached":41,"playtime":1814,"items_purged":["Strike_B","Normality"],"score":539,"play_id":"c8c57855-7882-470f-a7bd-98829c752160","local_time":"20190201122617","is_ascension_mode":true,"campfire_choices":[{"data":"Capacitor","floor":6.0,"key":"SMITH"},{"data":"Glacier","floor":11.0,"key":"SMITH"},{"data":"Self Repair","floor":13.0,"key":"SMITH"},{"floor":15.0,"key":"REST"},{"data":"Coolheaded","floor":24.0,"key":"SMITH"},{"data":"Zap","floor":28.0,"key":"SMITH"},{"floor":32.0,"key":"REST"},{"data":"Echo Form","floor":40,"key":"SMITH"}],"neow_cost":"NONE","seed_source_timestamp":401416566448225,"circlet_count":0,"master_deck":["Strike_B+1","Strike_B","Defend_B","Defend_B","Defend_B","Defend_B","Zap+1","Dualcast","Ball Lightning+1","Capacitor+1","Steam","Electrodynamics","Glacier+1","Self Repair+1","Ball Lightning","Multi-Cast","Meteor Strike","Hologram","Redo","Coolheaded+1","Self Repair","Leap","Glacier","Sunder+1","Undo+1","Echo Form+1","Turbo","Skim","Tempest","Buffer","Static Discharge","Stack+1","Conserve Battery"],"special_seed":0,"relics":["Nuclear Battery","Whetstone","Anchor","Regal Pillow","Runic Dome","Letter Opener","Bottled Flame","Pen Nib","Unceasing Top","Dream Catcher","Omamori","Calling Bell","Symbiotic Virus","Nunchaku","Strawberry"],"potions_floor_usage":[38],"damage_taken":[{"damage":4.0,"enemies":"2 Louse","floor":1.0,"turns":3.0},{"damage":0.0,"enemies":"Cultist","floor":3.0,"turns":3.0},{"damage":7.0,"enemies":"Jaw Worm","floor":4.0,"turns":3.0},{"damage":7.0,"enemies":"Looter","floor":5.0,"turns":3.0},{"damage":32.0,"enemies":"Gremlin Nob","floor":8.0,"turns":4.0},{"damage":0.0,"enemies":"Blue Slaver","floor":10.0,"turns":2.0},{"damage":5.0,"enemies":"3 Sentries","floor":12.0,"turns":5.0},{"damage":0.0,"enemies":"Large Slime","floor":14.0,"turns":5.0},{"damage":45.0,"enemies":"Slime Boss","floor":16.0,"turns":6.0},{"damage":6.0,"enemies":"Chosen","floor":18.0,"turns":5.0},{"damage":11.0,"enemies":"Shell Parasite","floor":19.0,"turns":6.0},{"damage":22.0,"enemies":"Chosen and Byrds","floor":20.0,"turns":6.0},{"damage":4.0,"enemies":"Snake Plant","floor":22.0,"turns":4.0},{"damage":0.0,"enemies":"Gremlin Leader","floor":23.0,"turns":8.0},{"damage":2.0,"enemies":"Centurion and Healer","floor":25.0,"turns":5.0},{"damage":28.0,"enemies":"Book of Stabbing","floor":29.0,"turns":6.0},{"damage":17.0,"enemies":"Snecko","floor":30.0,"turns":4.0},{"damage":28.0,"enemies":"Gremlin Leader","floor":31.0,"turns":8.0},{"damage":65.0,"enemies":"Champ","floor":33.0,"turns":9.0},{"damage":7,"enemies":"3 Shapes","floor":35,"turns":4},{"damage":23,"enemies":"3 Darklings","floor":37,"turns":4},{"damage":4,"enemies":"Transient","floor":38,"turns":5},{"damage":66,"enemies":"Nemesis","floor":41,"turns":6}],"seed_played":"-7537538652992705389","potions_obtained":[{"floor":3.0,"key":"FearPotion"},{"floor":5.0,"key":"Fire Potion"},{"floor":10.0,"key":"Swift Potion"},{"floor":14.0,"key":"LiquidBronze"},{"floor":18.0,"key":"FearPotion"},{"floor":20.0,"key":"Weak Potion"},{"floor":22.0,"key":"Dexterity Potion"},{"floor":31.0,"key":"Energy Potion"},{"floor":33.0,"key":"Fire Potion"}],"is_trial":false,"path_per_floor":["M","?","M","M","M","R","?","E","T","M","R","E","R","M","R","B",null,"M","M","M","$","M","E","R","M","T","?","R","E","M","E","R","B",null,"M","$","M","M","?","R","E"],"character_chosen":"DEFECT","items_purchased":["Self Repair","Letter Opener","Leap","Static Discharge"],"campfire_rested":2,"item_purchase_floors":[21,21,21,36],"current_hp_per_floor":[71,71,71,64,57,57,57,25,25,25,25,27,27,37,74,39,75,75,74,62,62,65,75,75,75,75,75,75,64,54,43,75,20,82,82,82,69,65,65,65,0],"gold":44,"neow_bonus":"BOSS_RELIC","is_prod":false,"is_daily":false,"chose_seed":false,"campfire_upgraded":6,"win_rate":0,"timestamp":1549041977,"path_taken":["M","?","M","M","M","R","?","E","T","M","R","E","R","M","R","BOSS","M","?","M","$","M","E","R","M","T","?","R","E","M","E","R","BOSS","M","$","M","M","?","R","E"],"build_version":"2019-01-23","purchased_purges":2,"victory":false,"max_hp_per_floor":[75,75,75,75,75,75,75,75,75,75,75,75,75,75,75,75,75,75,75,75,75,75,75,75,75,75,75,75,75,75,75,75,75,82,82,82,82,82,82,82,82],"card_choices":[{"not_picked":["Beam Cell","Steam Power"],"picked":"Ball Lightning","floor":1.0},{"not_picked":["Go for the Eyes","Compile Driver"],"picked":"Capacitor","floor":3.0},{"not_picked":["Turbo","Aggregate"],"picked":"Steam","floor":4.0},{"not_picked":["Compile Driver","Redo"],"picked":"Electrodynamics","floor":5.0},{"not_picked":["Turbo","Rip and Tear"],"picked":"Glacier","floor":8.0},{"not_picked":["Conserve Battery","Gash"],"picked":"Self Repair","floor":10.0},{"not_picked":["Turbo","Hologram"],"picked":"Ball Lightning","floor":12.0},{"not_picked":["Cold Snap","Auto Shields"],"picked":"Multi-Cast","floor":14.0},{"not_picked":["Rainbow","Seek"],"picked":"Meteor Strike","floor":16.0},{"not_picked":["Leap","Streamline"],"picked":"Hologram","floor":18.0},{"not_picked":["Streamline","Chill"],"picked":"Redo","floor":19.0},{"not_picked":["Lockon","Gash"],"picked":"Coolheaded","floor":20.0},{"not_picked":["Barrage","Static Discharge"],"picked":"Glacier","floor":22.0},{"not_picked":["Chaos","Ball Lightning"],"picked":"Sunder+1","floor":23.0},{"not_picked":["Steam Power+1","Fusion"],"picked":"Undo+1","floor":25.0},{"not_picked":["Conserve Battery","Turbo+1"],"picked":"Echo Form","floor":29.0},{"not_picked":["Genetic Algorithm","Leap"],"picked":"Turbo","floor":30.0},{"not_picked":["Hello World","Leap+1"],"picked":"Skim","floor":31.0},{"not_picked":["Darkness","Steam Power"],"picked":"Tempest","floor":32.0},{"not_picked":["Echo Form","Meteor Strike"],"picked":"Buffer","floor":33.0},{"not_picked":["Ball Lightning","Turbo"],"picked":"Coolheaded","floor":35},{"not_picked":["Cold Snap+1","Beam Cell+1"],"picked":"Stack+1","floor":37},{"not_picked":["Barrage","Cold Snap+1"],"picked":"Conserve Battery","floor":38}],"player_experience":1346143,"relics_obtained":[{"floor":8.0,"key":"Whetstone"},{"floor":9.0,"key":"Anchor"},{"floor":12.0,"key":"Regal Pillow"},{"floor":23.0,"key":"Bottled Flame"},{"floor":26.0,"key":"Pen Nib"},{"floor":29.0,"key":"Dream Catcher"},{"floor":31.0,"key":"Omamori"},{"floor":34.0,"key":"Symbiotic Virus"},{"floor":34.0,"key":"Nunchaku"},{"floor":34.0,"key":"Strawberry"}],"event_choices":[{"cards_removed":["Strike_B"],"damage_healed":0.0,"max_hp_gain":0.0,"max_hp_loss":0.0,"gold_gain":0.0,"event_name":"Living Wall","player_choice":"Forget","floor":2.0,"gold_loss":0.0,"damage_taken":0.0},{"damage_healed":0.0,"max_hp_gain":0.0,"max_hp_loss":0.0,"gold_gain":0.0,"event_name":"NoteForYourself","player_choice":"Ignored","floor":7.0,"gold_loss":0.0,"damage_taken":0.0},{"damage_healed":0.0,"max_hp_gain":0.0,"max_hp_loss":0.0,"gold_gain":0.0,"event_name":"Addict","player_choice":"Obtained Relic","floor":27.0,"gold_loss":85.0,"damage_taken":0.0,"relics_obtained":["Unceasing Top"]},{"cards_removed":["Coolheaded"],"damage_healed":0,"gold_gain":0,"player_choice":"Removed Skill","damage_taken":0,"max_hp_gain":0,"max_hp_loss":0,"event_name":"Falling","floor":39,"gold_loss":0}],"is_beta":true,"boss_relics":[{"not_picked":["Busted Crown","Eternal Feather"],"picked":"Runic Dome"},{"not_picked":["Fusion Hammer","Astrolabe"],"picked":"Calling Bell"}],"items_purged_floors":[21,36],"is_endless":false,"potions_floor_spawned":[3,5,10,14,18,20,22,23,31,33],"killed_by":"Nemesis","ascension_level":2}