{"path_per_floor":["M","M","?","M","M","R","?","R","T","?","M","$","R","T","R","B",null,"M","M","?","M","$"],"character_chosen":"IRONCLAD","items_purchased":["Corruption","Bag of Marbles"],"gold_per_floor":[109,120,120,135,154,154,254,254,254,254,271,126,126,198,198,300,300,313,329,329,343,98,98],"floor_reached":23,"campfire_rested":1,"playtime":828,"current_hp_per_floor":[72,71,71,66,45,66,66,66,66,59,60,60,60,60,60,34,72,68,58,58,56,56,0],"items_purged":["Strike_R","Strike_R"],"gold":98,"score":199,"play_id":"d9c91b74-6c81-4277-b96d-2e44b476ef83","local_time":"20180401190204","is_prod":false,"is_daily":false,"is_ascension_mode":true,"campfire_upgraded":3,"timestamp":1522623724,"path_taken":["M","M","?","M","M","R","?","R","T","?","M","$","R","?","R","BOSS","M","M","?","M","$","E"],"build_version":"2018-03-29","purchased_purges":2,"victory":false,"master_deck":["Strike_R","Strike_R","Defend_R","Defend_R","Defend_R","Defend_R","Bash","Pommel Strike+1","Rampage+1","Burning Pact+1","Corruption+1","Fiend Fire","Infernal Blade+1","Warcry","Inflame"],"max_hp_per_floor":[72,72,72,72,72,72,72,72,72,72,72,72,72,72,72,72,72,72,72,72,72,72,72],"relics":["Burning Blood","Bird Faced Urn","Dodecahedron","Happy Flower","Paper Frog","Mark of Pain","Bag of Marbles"],"card_choices":[{"not_picked":["Iron Wave","Spot Weakness"],"picked":"Pommel Strike","floor":1},{"not_picked":["Body Slam","Warcry"],"picked":"Rampage","floor":2},{"not_picked":["Warcry","Thunderclap"],"picked":"Burning Pact","floor":4},{"not_picked":["Bludgeon","Demon Form"],"picked":"Fiend Fire","floor":16},{"not_picked":["Anger","Corruption"],"picked":"Infernal Blade","floor":18},{"not_picked":["Disarm","Havoc"],"picked":"Warcry","floor":19},{"not_picked":["Twin Strike","Flex"],"picked":"Inflame","floor":21}],"player_experience":73135,"potions_floor_usage":[11,23],"damage_taken":[{"damage":5,"enemies":"2 Louse","floor":1,"turns":4},{"damage":7,"enemies":"Small Slimes","floor":2,"turns":4},{"damage":11,"enemies":"Jaw Worm","floor":4,"turns":5},{"damage":27,"enemies":"Red Slaver","floor":5,"turns":5},{"damage":5,"enemies":"Lots of Slimes","floor":11,"turns":2},{"damage":34,"enemies":"Hexaghost","floor":16,"turns":5},{"damage":10,"enemies":"3 Byrds","floor":18,"turns":5},{"damage":18,"enemies":"2 Thieves","floor":19,"turns":3},{"damage":10,"enemies":"Cultist and Chosen","floor":21,"turns":5},{"damage":65,"enemies":"Book of Stabbing","floor":23,"turns":5}],"event_choices":[{"event_name":"Living Wall","player_choice":"Grow","floor":3,"damage_taken":0},{"event_name":"Golden Shrine","player_choice":"Pray","floor":7,"damage_taken":0},{"event_name":"Scrap Ooze","player_choice":"success","floor":10,"damage_taken":7},{"event_name":"Purifier","player_choice":"One Purge","floor":20,"damage_taken":0}],"boss_relics":[{"not_picked":["Pandora\u0027s Box","Eternal Feather"],"picked":"Mark of Pain"}],"potions_floor_spawned":[2,4,5],"seed_played":"7905505414640449305","killed_by":"Book of Stabbing","ascension_level":2,"is_trial":false}