{"gold_per_floor":[110,110,126,146,146,146,162,162,162,179,189,189,63,63,63,152,152,168,168,93,93,109,109,143,143,143,143,156,156,181,199,199,199],"floor_reached":33,"playtime":1244,"items_purged":["Strike_B"],"score":437,"play_id":"b6de9bd6-90e2-429c-a6cd-2a1ae45debfe","local_time":"20190103160533","is_ascension_mode":true,"campfire_choices":[{"data":"Defragment","floor":6,"key":"SMITH"},{"data":"Zap","floor":8,"key":"SMITH"},{"data":"Dualcast","floor":12,"key":"SMITH"},{"data":"Coolheaded","floor":15,"key":"SMITH"},{"data":"Biased Cognition","floor":23,"key":"SMITH"},{"data":"Doom and Gloom","floor":25,"key":"SMITH"},{"floor":27,"key":"REST"},{"data":"Barrage","floor":32,"key":"SMITH"}],"neow_cost":"NONE","seed_source_timestamp":244204213006982,"circlet_count":0,"master_deck":["AscendersBane","Strike_B","Strike_B","Defend_B","Defend_B","Defend_B","Defend_B","Zap+1","Dualcast+1","Coolheaded+1","Cold Snap","Defragment+1","Cold Snap","Barrage+1","Tempest","Ball Lightning","Biased Cognition+1","Coolheaded","Doom and Gloom+1","Undo+1","Compile Driver","Leap+1","Cold Snap"],"relics":["Cracked Core","Meat on the Bone","Ornamental Fan","Golden Idol","Runic Dome","Nloth\u0027s Gift","Toxic Egg 2","Question Card"],"potions_floor_usage":[7,16,18,33],"damage_taken":[{"damage":7,"enemies":"Jaw Worm","floor":1,"turns":3},{"damage":5,"enemies":"2 Louse","floor":3,"turns":4},{"damage":0,"enemies":"Cultist","floor":4,"turns":3},{"damage":10,"enemies":"Exordium Thugs","floor":7,"turns":4},{"damage":2,"enemies":"2 Fungi Beasts","floor":10,"turns":3},{"damage":2,"enemies":"Looter","floor":11,"turns":4},{"damage":31,"enemies":"Hexaghost","floor":16,"turns":10},{"damage":12,"enemies":"3 Byrds","floor":18,"turns":3},{"damage":0,"enemies":"Chosen","floor":22,"turns":4},{"damage":24,"enemies":"Slavers","floor":24,"turns":4},{"damage":1,"enemies":"3 Cultists","floor":28,"turns":4},{"damage":20,"enemies":"Colosseum Slavers","floor":29,"turns":3},{"damage":14,"enemies":"Snake Plant","floor":30,"turns":3},{"damage":10,"enemies":"Sentry and Sphere","floor":31,"turns":4},{"damage":62,"enemies":"Champ","floor":33,"turns":13}],"seed_played":"-6618576603577382587","potions_obtained":[{"floor":4,"key":"Explosive Potion"},{"floor":5,"key":"Dexterity Potion"},{"floor":7,"key":"Strength Potion"},{"floor":16,"key":"PowerPotion"},{"floor":31,"key":"Explosive Potion"}],"is_trial":false,"path_per_floor":["M","?","M","M","?","R","M","R","T","M","M","R","$","?","R","B",null,"M","?","?","?","M","R","E","R","T","R","M","?","M","M","R","B"],"character_chosen":"DEFECT","items_purchased":["Ball Lightning"],"campfire_rested":1,"item_purchase_floors":[13],"current_hp_per_floor":[59,52,49,51,51,51,43,43,43,43,43,43,43,43,43,26,56,46,46,46,46,46,46,34,34,34,53,52,44,42,44,44,0],"gold":199,"neow_bonus":"RANDOM_COMMON_RELIC","is_prod":false,"is_daily":false,"chose_seed":false,"campfire_upgraded":7,"win_rate":0,"timestamp":1546549533,"path_taken":["M","?","M","M","?","R","?","R","T","M","M","R","$","?","R","BOSS","M","?","?","?","M","R","E","R","T","R","?","?","M","M","R","BOSS"],"build_version":"2019-01-02","purchased_purges":1,"victory":false,"max_hp_per_floor":[71,71,71,71,71,71,71,71,71,71,71,71,71,66,66,66,66,66,66,66,66,66,66,66,66,66,66,66,66,66,66,66,66],"card_choices":[{"not_picked":["Streamline","FTL"],"picked":"Coolheaded","floor":1},{"not_picked":["Stack","Beam Cell"],"picked":"Cold Snap","floor":3},{"not_picked":["Hologram","Fusion"],"picked":"Defragment","floor":4},{"not_picked":["Turbo","Aggregate"],"picked":"Cold Snap","floor":7},{"not_picked":["Beam Cell","Streamline"],"picked":"Barrage","floor":10},{"not_picked":["White Noise","Coolheaded"],"picked":"Tempest","floor":11},{"not_picked":["Hyperbeam","Amplify"],"picked":"Biased Cognition","floor":16},{"not_picked":["Barrage","Leap"],"picked":"Coolheaded","floor":18},{"not_picked":["Gash","Barrage"],"picked":"Doom and Gloom","floor":22},{"not_picked":["Redo","Sweeping Beam+1"],"picked":"Undo","floor":24},{"not_picked":["Streamline","Heatsinks","Gash"],"picked":"Compile Driver","floor":28},{"not_picked":["Beam Cell","Sunder","Sweeping Beam"],"picked":"Leap+1","floor":30},{"not_picked":["Gash","Streamline+1","Ball Lightning"],"picked":"Cold Snap","floor":31}],"player_experience":1144766,"relics_obtained":[{"floor":9,"key":"Ornamental Fan"},{"floor":24,"key":"Toxic Egg 2"},{"floor":26,"key":"Question Card"}],"event_choices":[{"damage_healed":0,"gold_gain":0,"player_choice":"Success","damage_taken":7,"relics_obtained":["Meat on the Bone"],"max_hp_gain":0,"max_hp_loss":0,"event_name":"Scrap Ooze","floor":2,"gold_loss":0},{"damage_healed":0,"gold_gain":0,"player_choice":"Got Potions","damage_taken":0,"max_hp_gain":0,"max_hp_loss":0,"event_name":"Lab","floor":5,"gold_loss":0},{"damage_healed":0,"gold_gain":0,"player_choice":"Lose Max HP","damage_taken":0,"relics_obtained":["Golden Idol"],"max_hp_gain":0,"max_hp_loss":5,"event_name":"Golden Idol","floor":14,"gold_loss":0},{"damage_healed":0,"gold_gain":0,"player_choice":"Ignored","damage_taken":0,"max_hp_gain":0,"max_hp_loss":0,"event_name":"Ghosts","floor":19,"gold_loss":0},{"cards_removed":["Strike_B"],"damage_healed":0,"gold_gain":0,"player_choice":"Gave Gold","damage_taken":0,"max_hp_gain":0,"max_hp_loss":0,"event_name":"Beggar","floor":20,"gold_loss":75},{"damage_healed":0,"gold_gain":0,"player_choice":"Traded Relic","damage_taken":0,"relics_obtained":["Nloth\u0027s Gift"],"max_hp_gain":0,"max_hp_loss":0,"event_name":"N\u0027loth","floor":21,"relics_lost":["Blood Vial"],"gold_loss":0},{"damage_healed":0,"gold_gain":0,"player_choice":"Fight","damage_taken":0,"max_hp_gain":0,"max_hp_loss":0,"event_name":"Colosseum","floor":29,"gold_loss":0},{"damage_healed":0,"gold_gain":0,"player_choice":"Fled From Nobs","damage_taken":0,"max_hp_gain":0,"max_hp_loss":0,"event_name":"Colosseum","floor":29,"gold_loss":0}],"is_beta":true,"boss_relics":[{"not_picked":["Busted Crown","Lizard Tail"],"picked":"Runic Dome"}],"items_purged_floors":[13],"is_endless":false,"potions_floor_spawned":[4,7,16,29,31],"killed_by":"Champ","ascension_level":14}