{"path_per_floor":["M","M","?","M","?","E","R","M","T","R","M","R","$","E","R","B",null,"M","M","$","?","M","R","E","M","T","?","M","M","M","M","R"],"character_chosen":"THE_SILENT","items_purchased":["Cloak And Dagger","Torii","Energy Potion"],"gold_per_floor":[117,137,312,324,324,358,358,382,382,382,398,398,7,42,42,173,173,188,98,50,50,71,71,111,127,152,67,85,109,127,148,148],"floor_reached":33,"campfire_rested":6,"playtime":2092,"current_hp_per_floor":[70,70,70,70,70,39,60,8,8,29,25,46,46,10,31,14,70,33,31,31,31,19,40,44,36,36,36,22,12,9,7,30],"items_purged":["Strike_G"],"gold":148,"score":307,"play_id":"26fdf2d0-71c9-4eba-9b84-feebdaac3578","local_time":"20180304123354","is_prod":false,"is_daily":false,"is_ascension_mode":true,"campfire_upgraded":0,"timestamp":1520184834,"path_taken":["M","M","?","M","?","E","R","?","T","R","M","R","$","E","R","BOSS","M","M","$","?","M","R","E","M","T","?","?","M","?","M","R","BOSS"],"build_version":"2018-03-01-PROD1","purchased_purges":1,"victory":false,"master_deck":["Defend_G","Defend_G","Defend_G","Defend_G","Defend_G","Strike_G","Strike_G","Strike_G","Strike_G","Survivor","Neutralize","Dagger Spray","Backflip","Doubt","Terror","Injury","Cloak And Dagger","Dash","Accuracy","Cloak And Dagger","Sucker Punch","Adrenaline","Malaise","PiercingWail","Caltrops","After Image+1","Backflip+1","Backflip+1","Footwork+1","Dagger Spray","Escape Plan","Acrobatics+1","Deflect"],"max_hp_per_floor":[70,70,70,70,70,70,70,70,70,70,70,70,70,70,70,70,70,70,70,70,70,70,70,77,77,77,77,77,77,77,77,77],"relics":["Ring of the Snake","NeowsBlessing","Golden Idol","Gremlin Horn","Thread and Needle","Torii","Ornamental Fan","Orrery","Strawberry","Oddly Smooth Stone","Snake Skull"],"card_choices":[{"not_picked":["Terror","Acrobatics"],"picked":"Dagger Spray"},{"not_picked":["Dagger Spray","Calculated Gamble"],"picked":"Backflip"},{"not_picked":["Flying Knee","Endless Agony"],"picked":"Terror"},{"not_picked":["Flechettes","Phantasmal Killer"],"picked":"Cloak And Dagger"},{"not_picked":["Dagger Throw","Sucker Punch"],"picked":"Dash"},{"not_picked":["Dodge and Roll","Dash"],"picked":"Accuracy"},{"not_picked":["Setup","Expertise"],"picked":"Sucker Punch"},{"not_picked":["Night Terror","Tactician"],"picked":"Adrenaline"},{"not_picked":["Sucker Punch","Underhanded Strike"],"picked":"Malaise"},{"not_picked":["Acrobatics","Dodge and Roll"],"picked":"PiercingWail"},{"not_picked":["Backstab","Riddle With Holes"],"picked":"Caltrops"},{"not_picked":["Terror","Eviscerate"],"picked":"After Image"},{"not_picked":["Dodge and Roll","PiercingWail"],"picked":"Backflip"},{"not_picked":["Phantasmal Killer","Acrobatics"],"picked":"Backflip"},{"not_picked":["Setup","Leg Sweep"],"picked":"Footwork"},{"not_picked":["Catalyst","Crippling Poison"],"picked":"Dagger Spray"},{"not_picked":["Outmaneuver","Crippling Poison"],"picked":"Escape Plan"},{"not_picked":["Outmaneuver","Eviscerate"],"picked":"Acrobatics"},{"not_picked":["Distraction","Prepared"],"picked":"Deflect"}],"player_experience":384944,"potions_floor_usage":[6,16,19,22,25,29,33],"damage_taken":[{"damage":0,"enemies":"Small Slimes","floor":1,"turns":1},{"damage":0,"enemies":"Jaw Worm","floor":2,"turns":1},{"damage":0,"enemies":"2 Louse","floor":4,"turns":1},{"damage":31,"enemies":"3 Sentries","floor":6,"turns":9},{"damage":52,"enemies":"Exordium Thugs","floor":8,"turns":6},{"damage":4,"enemies":"3 Louse","floor":11,"turns":3},{"damage":36,"enemies":"Gremlin Nob","floor":14,"turns":5},{"damage":17,"enemies":"Hexaghost","floor":16,"turns":13},{"damage":37,"enemies":"Chosen","floor":18,"turns":8},{"damage":17,"enemies":"2 Thieves","floor":19,"turns":5},{"damage":12,"enemies":"Centurion and Healer","floor":22,"turns":12},{"damage":3,"enemies":"Book of Stabbing","floor":24,"turns":9},{"damage":8,"enemies":"Snake Plant","floor":25,"turns":7},{"damage":14,"enemies":"Snecko","floor":28,"turns":8},{"damage":10,"enemies":"3 Cultists","floor":29,"turns":7},{"damage":3,"enemies":"Slaver and Parasite","floor":30,"turns":13},{"damage":2,"enemies":"Snake Plant","floor":31,"turns":7},{"damage":47,"enemies":"Collector","floor":33,"turns":5}],"event_choices":[{"event_name":"Liars Game","player_choice":"agreed","floor":3,"damage_taken":0},{"event_name":"Golden Idol","player_choice":"Take Wound","floor":5,"damage_taken":0},{"event_name":"Upgrade Shrine","player_choice":"Upgraded","floor":21,"damage_taken":0},{"event_name":"Addict","player_choice":"Obtained Relic","floor":27,"damage_taken":0}],"boss_relics":[{"not_picked":["Philosopher\u0027s Stone","Pandora\u0027s Box"],"picked":"Orrery"}],"potions_floor_spawned":[4,14,18,24,25,28],"seed_played":"-8125589645662161195","killed_by":"Collector","ascension_level":2,"is_trial":false}