{"path_per_floor":["M","M","M","?","M","R","E","?","T","E","R","M","E","M","R","B",null,"M","M","?","$","M","R","E","R","T","M","?","$","E","M","R","B",null,"M","M","$","T","?","R","E","T","T","R","$","M","M","M","R"],"character_chosen":"THE_SILENT","items_purchased":["Bird Faced Urn","Matryoshka","Footwork","Deflect","Accuracy","Bag of Marbles","Caltrops","Regen Potion"],"gold_per_floor":[116,130,150,150,160,160,187,208,508,537,537,548,575,591,591,696,696,708,726,626,33,52,52,84,84,111,131,131,38,63,77,77,182,182,197,209,26,138,118,118,153,222,222,222,99,116,128,140,140,140],"floor_reached":50,"campfire_rested":6,"playtime":2425,"current_hp_per_floor":[70,70,67,67,64,64,50,38,38,29,50,26,16,6,27,27,70,50,50,50,50,9,30,8,29,29,22,22,22,20,21,21,7,35,16,16,16,16,16,26,35,45,45,45,45,44,30,25,38,0],"items_purged":["Regret"],"gold":140,"score":713,"play_id":"e491baf3-575b-4cad-af3a-3e0df5cb4581","local_time":"20180401000047","is_prod":false,"is_daily":false,"is_ascension_mode":true,"campfire_upgraded":1,"timestamp":1522555247,"path_taken":["M","M","M","?","?","R","E","?","T","E","R","?","E","M","R","BOSS","M","M","?","$","M","R","E","R","T","M","?","$","E","M","R","BOSS","M","?","$","?","?","R","E","?","T","R","?","M","M","M","R","BOSS"],"build_version":"2018-03-29","purchased_purges":1,"victory":false,"master_deck":["Survivor","Neutralize","Infinite Blades","Backflip","Cloak And Dagger+1","A Thousand Cuts+1","Flying Knee","Leg Sweep","Calculated Gamble","Blur","Dagger Spray","Malaise","Envenom","Cloak And Dagger","PiercingWail","Underhanded Strike","Dagger Throw","Quick Slash","Endless Agony","Blade Dance","Dagger Spray","Flechettes","Leg Sweep","Sucker Punch","Backflip","J.A.X.","Footwork","Cloak And Dagger","Skewer+1","Dagger Spray+1","Backstab","Ghostly","Ghostly","Ghostly","Ghostly","Ghostly","Deflect","Accuracy","Night Terror","Finisher","Backstab","Backflip","Caltrops","Escape Plan","Decay","Well Laid Plans+1","Injury","Footwork+1","Dodge and Roll+1"],"max_hp_per_floor":[70,70,70,70,70,70,70,70,70,70,70,70,70,70,70,70,70,70,70,70,70,70,70,70,70,70,70,35,35,35,35,35,35,35,35,35,35,35,35,35,35,45,45,45,45,45,45,45,45,45],"relics":["Ring of the Snake","Ancient Tea Set","Odd Mushroom","Old Coin","Shovel","Vajra","Pandora\u0027s Box","Bird Faced Urn","Matryoshka","Prayer Wheel","Toolbox","Snake Skull","Girya","Cursed Key","Bag of Marbles","Tiny Chest","Ornamental Fan","Dream Catcher","Pear","Sundial","Calipers"],"card_choices":[{"not_picked":["Outmaneuver","Dagger Throw"],"picked":"Infinite Blades","floor":1},{"not_picked":["Underhanded Strike","Riddle With Holes"],"picked":"Backflip","floor":2},{"not_picked":["Sucker Punch","Reflex"],"picked":"Cloak And Dagger","floor":3},{"not_picked":["Prepared","Blur"],"picked":"A Thousand Cuts","floor":5},{"not_picked":["Leg Sweep","Outmaneuver"],"picked":"Flying Knee","floor":7},{"not_picked":["Slice","Dagger Throw"],"picked":"Leg Sweep","floor":8},{"not_picked":["Night Terror","Bane"],"picked":"Calculated Gamble","floor":10},{"not_picked":["Poisoned Stab","Sucker Punch"],"picked":"Blur","floor":12},{"not_picked":["Masterful Stab","Quick Slash"],"picked":"Dagger Spray","floor":13},{"not_picked":["Infinite Blades","Setup"],"picked":"Malaise","floor":14},{"not_picked":["Tactician","Doppelganger"],"picked":"Envenom","floor":16},{"not_picked":["Dagger Throw","Underhanded Strike"],"picked":"Sucker Punch","floor":18},{"not_picked":["Slice","Deadly Poison"],"picked":"Backflip","floor":19},{"not_picked":["Backflip","Deflect"],"picked":"Cloak And Dagger","floor":22},{"not_picked":["Dagger Throw","Setup"],"picked":"Skewer","floor":24},{"not_picked":["Masterful Stab","Dagger Throw"],"picked":"Dagger Spray","floor":26},{"not_picked":["Prepared","Blade Dance"],"picked":"Backstab","floor":27},{"not_picked":["Heel Hook","Flying Knee"],"picked":"Night Terror","floor":30},{"not_picked":["Underhanded Strike","Slice"],"picked":"Finisher","floor":31},{"not_picked":["Caltrops","Dodge and Roll"],"picked":"Backstab","floor":35},{"not_picked":["Flying Knee","Underhanded Strike"],"picked":"Backflip","floor":36},{"not_picked":["Deadly Poison","Skewer"],"picked":"Escape Plan","floor":41},{"not_picked":["Slice","Backstab"],"picked":"Well Laid Plans","floor":42},{"not_picked":["Deadly Poison","Predator"],"picked":"Footwork","floor":47},{"not_picked":["Deadly Poison","Cloak And Dagger"],"picked":"Dodge and Roll","floor":49}],"player_experience":54508,"potions_floor_usage":[3,7,7,10,16,18,24,30,30,36,41,41,50,50,50],"damage_taken":[{"damage":0,"enemies":"Small Slimes","floor":1,"turns":3},{"damage":0,"enemies":"Cultist","floor":2,"turns":4},{"damage":3,"enemies":"2 Louse","floor":3,"turns":2},{"damage":3,"enemies":"2 Fungi Beasts","floor":5,"turns":4},{"damage":14,"enemies":"Gremlin Nob","floor":7,"turns":3},{"damage":12,"enemies":"The Mushroom Lair","floor":8,"turns":3},{"damage":9,"enemies":"Lagavulin","floor":10,"turns":6},{"damage":24,"enemies":"Gremlin Gang","floor":12,"turns":4},{"damage":10,"enemies":"3 Sentries","floor":13,"turns":5},{"damage":10,"enemies":"Exordium Thugs","floor":14,"turns":4},{"damage":0,"enemies":"The Guardian","floor":16,"turns":13},{"damage":20,"enemies":"Spheric Guardian","floor":18,"turns":5},{"damage":0,"enemies":"3 Byrds","floor":19,"turns":3},{"damage":47,"enemies":"Sentry and Sphere","floor":22,"turns":6},{"damage":28,"enemies":"Gremlin Leader","floor":24,"turns":6},{"damage":13,"enemies":"3 Cultists","floor":27,"turns":3},{"damage":8,"enemies":"Slavers","floor":30,"turns":5},{"damage":5,"enemies":"Centurion and Healer","floor":31,"turns":6},{"damage":24,"enemies":"Champ","floor":33,"turns":11},{"damage":19,"enemies":"3 Darklings","floor":35,"turns":3},{"damage":22,"enemies":"Flame Bruiser 1 Orb","floor":36,"turns":5},{"damage":3,"enemies":"2 Orb Walkers","floor":41,"turns":4},{"damage":2,"enemies":"4 Shapes","floor":46,"turns":5},{"damage":19,"enemies":"Spire Growth","floor":47,"turns":6},{"damage":13,"enemies":"Maw","floor":48,"turns":7},{"damage":57,"enemies":"Awakened One","floor":50,"turns":11}],"event_choices":[{"event_name":"Upgrade Shrine","player_choice":"Upgraded","floor":4,"damage_taken":0},{"event_name":"Mushrooms","player_choice":"Fought Mushrooms","floor":8,"damage_taken":0},{"event_name":"Drug Dealer","player_choice":"Got JAXXED","floor":20,"damage_taken":0},{"event_name":"Ghosts","player_choice":"Became a Ghost","floor":28,"damage_taken":0},{"event_name":"The Woman in Blue","player_choice":"Bought 1 Potion","floor":39,"damage_taken":0}],"boss_relics":[{"not_picked":["The Specimen","Philosopher\u0027s Stone"],"picked":"Pandora\u0027s Box"},{"not_picked":["Velvet Choker","Eternal Feather"],"picked":"Cursed Key"}],"potions_floor_spawned":[3,7,8,12,14,16,22,33,36,47,48],"seed_played":"-4069518779631836546","killed_by":"Awakened One","ascension_level":1,"is_trial":false}