{"gold_per_floor":[218,218,228,245,345,345,359,359,383,416,22,42,60,60,60,160,160,179,194,210,115,132,132,167,167,167,167,194,194,220,236,236,340,340,360,360,370,43,61,61,25,55,55,80,91,91,125,125,125,125],"floor_reached":51,"playtime":2510,"items_purged":["Strike_B"],"score":884,"play_id":"94a77bf4-878d-4c5e-b743-fb539967329a","local_time":"20190104201510","is_ascension_mode":true,"campfire_choices":[{"data":"Zap","floor":6.0,"key":"SMITH"},{"data":"Dualcast","floor":8.0,"key":"SMITH"},{"floor":15.0,"key":"REST"},{"data":"Defragment","floor":23.0,"key":"SMITH"},{"data":"Capacitor","floor":25.0,"key":"SMITH"},{"floor":29.0,"key":"REST"},{"floor":32.0,"key":"REST"},{"data":"Machine Learning","floor":40.0,"key":"SMITH"},{"data":"Recycle","floor":46,"key":"SMITH"},{"floor":49,"key":"RECALL"}],"neow_cost":"NONE","seed_source_timestamp":344314969692257,"circlet_count":0,"master_deck":["Strike_B","Strike_B","Defend_B","Defend_B","Defend_B","Defend_B","Zap+1","Dualcast+1","Sweeping Beam","Tempest","Coolheaded","Auto Shields","Electrodynamics","Bandage Up","Sunder","Auto Shields","Consume","Capacitor+1","Stack+1","Defragment+1","Barrage","Double Energy","Cold Snap+1","Shame","Steam Power","Glacier","Leap+1","Machine Learning+1","Defragment+1","Loop+1","Skim","Parasite","Recycle+1","Coolheaded+1","Injury","Redo+1","Undo+1","Skim"],"special_seed":0,"relics":["Cracked Core","Oddly Smooth Stone","Potion Belt","Ancient Tea Set","CultistMask","Cursed Key","Symbiotic Virus","Blood Vial","Meat on the Bone","Orichalcum","Inserter","Cables","Juzu Bracelet","Mercury Hourglass","Anchor"],"potions_floor_usage":[45,50,50],"damage_taken":[{"damage":2.0,"enemies":"Small Slimes","floor":1.0,"turns":3.0},{"damage":1.0,"enemies":"Cultist","floor":3.0,"turns":3.0},{"damage":1.0,"enemies":"Jaw Worm","floor":4.0,"turns":3.0},{"damage":16.0,"enemies":"Exordium Wildlife","floor":7.0,"turns":3.0},{"damage":10.0,"enemies":"Lagavulin","floor":10.0,"turns":8.0},{"damage":15.0,"enemies":"Exordium Thugs","floor":12.0,"turns":3.0},{"damage":0.0,"enemies":"Red Slaver","floor":13.0,"turns":3.0},{"damage":39.0,"enemies":"The Guardian","floor":16.0,"turns":15.0},{"damage":16.0,"enemies":"2 Thieves","floor":18.0,"turns":3.0},{"damage":4.0,"enemies":"Shell Parasite","floor":19.0,"turns":6.0},{"damage":0.0,"enemies":"Sentry and Sphere","floor":20.0,"turns":4.0},{"damage":1.0,"enemies":"Centurion and Healer","floor":22.0,"turns":6.0},{"damage":20.0,"enemies":"Book of Stabbing","floor":24.0,"turns":5.0},{"damage":28.0,"enemies":"Slavers","floor":28.0,"turns":5.0},{"damage":30.0,"enemies":"Book of Stabbing","floor":30.0,"turns":5.0},{"damage":7.0,"enemies":"Snecko","floor":31.0,"turns":5.0},{"damage":11.0,"enemies":"Automaton","floor":33.0,"turns":17.0},{"damage":16.0,"enemies":"3 Darklings","floor":35.0,"turns":6.0},{"damage":17.0,"enemies":"3 Shapes","floor":37.0,"turns":5.0},{"damage":6.0,"enemies":"Writhing Mass","floor":39.0,"turns":5.0},{"damage":9.0,"enemies":"Giant Head","floor":42.0,"turns":9.0},{"damage":11,"enemies":"Nemesis","floor":44,"turns":9},{"damage":30,"enemies":"Transient","floor":45,"turns":5},{"damage":8,"enemies":"Giant Head","floor":47,"turns":8},{"damage":19,"enemies":"Time Eater","floor":50,"turns":10}],"seed_played":"7737792483484803124","potions_obtained":[{"floor":3.0,"key":"Block Potion"},{"floor":7.0,"key":"SpeedPotion"},{"floor":10.0,"key":"Dexterity Potion"},{"floor":16.0,"key":"AttackPotion"},{"floor":20.0,"key":"Fire Potion"},{"floor":24.0,"key":"SpeedPotion"},{"floor":30.0,"key":"SpeedPotion"},{"floor":39.0,"key":"Poison Potion"},{"floor":44,"key":"Strength Potion"},{"floor":45,"key":"Block Potion"}],"is_trial":false,"path_per_floor":["M","?","M","M","?","R","M","R","T","E","$","M","M","?","R","B",null,"M","M","M","$","M","R","E","R","T","?","E","R","E","M","R","B",null,"M","?","M","$","M","R","$","E","T","E","M","R","E","$","R","B",null],"character_chosen":"DEFECT","items_purchased":["Bandage Up","Sunder","Ancient Tea Set","Defragment","Barrage","Cables","Skim","Recycle"],"campfire_rested":3,"item_purchase_floors":[11,11,11,21,21,38,38,41],"current_hp_per_floor":[73,66,65,64,64,64,48,48,48,38,38,27,27,27,49,14,75,63,63,67,67,70,70,54,54,54,54,32,54,42,41,63,58,75,63,63,52,52,52,52,52,49,49,44,32,32,42,42,42,41],"gold":125,"neow_bonus":"HUNDRED_GOLD","is_prod":false,"is_daily":false,"chose_seed":false,"campfire_upgraded":6,"win_rate":0,"timestamp":1546650910,"path_taken":["M","?","M","M","?","R","?","R","T","E","$","M","M","?","R","BOSS","M","M","?","$","M","R","E","R","T","?","E","R","E","M","R","BOSS","M","?","M","?","?","R","$","E","T","E","M","R","E","$","R","BOSS"],"build_version":"2019-01-03v4","purchased_purges":1,"victory":true,"max_hp_per_floor":[75,75,75,75,75,75,75,75,75,75,75,75,75,75,75,75,75,75,75,75,75,75,75,75,75,75,75,75,75,75,75,75,75,75,75,75,75,75,75,75,75,75,75,75,75,75,75,75,75,75],"card_choices":[{"not_picked":["Barrage","Hologram"],"picked":"Sweeping Beam","floor":1.0},{"not_picked":["BootSequence","Rainbow"],"picked":"Tempest","floor":3.0},{"not_picked":["Turbo","Redo"],"picked":"Coolheaded","floor":4.0},{"not_picked":["Stack","Sweeping Beam"],"picked":"Auto Shields","floor":7.0},{"not_picked":["Gash","Go for the Eyes"],"picked":"Electrodynamics","floor":10.0},{"not_picked":["Genetic Algorithm","Coolheaded"],"picked":"Auto Shields","floor":12.0},{"not_picked":["Gash","Sweeping Beam"],"picked":"Consume","floor":13.0},{"not_picked":["Hologram","Hello World+1","Streamline"],"picked":"SKIP","floor":18.0},{"not_picked":["Conserve Battery","Compile Driver"],"picked":"Capacitor","floor":19.0},{"not_picked":["Streamline+1","Redo"],"picked":"Stack+1","floor":20.0},{"not_picked":["Hello World","Steam Power"],"picked":"Double Energy","floor":22.0},{"not_picked":["White Noise","Rip and Tear"],"picked":"Cold Snap+1","floor":24.0},{"not_picked":["Conserve Battery","Redo"],"picked":"Steam Power","floor":28.0},{"not_picked":["Turbo","Redo+1"],"picked":"Glacier","floor":30.0},{"not_picked":["Turbo","Melter"],"picked":"Leap+1","floor":31.0},{"not_picked":["Core Surge","Meteor Strike"],"picked":"Machine Learning","floor":33.0},{"not_picked":["Turbo","Undo"],"picked":"Defragment+1","floor":35.0},{"not_picked":["Aggregate+1","Hologram"],"picked":"Loop+1","floor":37.0},{"not_picked":["Turbo+1","FTL","White Noise"],"picked":"SKIP","floor":39.0},{"not_picked":["Conserve Battery","Chaos"],"picked":"Coolheaded+1","floor":42.0},{"not_picked":["Stack","Turbo"],"picked":"Redo+1","floor":44},{"not_picked":["Rebound+1","Compile Driver"],"picked":"Undo+1","floor":45},{"not_picked":["Streamline+1","All For One"],"picked":"Skim","floor":47}],"player_experience":1161205,"relics_obtained":[{"floor":9.0,"key":"Oddly Smooth Stone"},{"floor":10.0,"key":"Potion Belt"},{"floor":24.0,"key":"Symbiotic Virus"},{"floor":26.0,"key":"Blood Vial"},{"floor":28.0,"key":"Meat on the Bone"},{"floor":30.0,"key":"Orichalcum"},{"floor":42.0,"key":"Juzu Bracelet"},{"floor":44,"key":"Mercury Hourglass"},{"floor":47,"key":"Anchor"}],"event_choices":[{"cards_removed":["Strike_B"],"damage_healed":0.0,"max_hp_gain":0.0,"max_hp_loss":0.0,"gold_gain":0.0,"event_name":"Golden Wing","player_choice":"Card Removal","floor":2.0,"gold_loss":0.0,"damage_taken":7.0},{"damage_healed":0.0,"max_hp_gain":0.0,"max_hp_loss":0.0,"gold_gain":100.0,"event_name":"Golden Shrine","player_choice":"Pray","floor":5.0,"gold_loss":0.0,"damage_taken":0.0},{"damage_healed":0.0,"max_hp_gain":0.0,"max_hp_loss":0.0,"gold_gain":0.0,"event_name":"FaceTrader","player_choice":"Trade","floor":14.0,"gold_loss":0.0,"damage_taken":0.0,"relics_obtained":["CultistMask"]},{"damage_healed":0.0,"max_hp_gain":0.0,"max_hp_loss":0.0,"gold_gain":0.0,"event_name":"Ghosts","player_choice":"Ignored","floor":27.0,"gold_loss":0.0,"damage_taken":0.0},{"damage_healed":0.0,"max_hp_gain":0.0,"max_hp_loss":0.0,"gold_gain":0.0,"event_name":"SecretPortal","player_choice":"Ignored","floor":36.0,"gold_loss":0.0,"damage_taken":0.0}],"is_beta":true,"boss_relics":[{"not_picked":["Snecko Eye","Calling Bell"],"picked":"Cursed Key"},{"not_picked":["Empty Cage","Nuclear Battery"],"picked":"Inserter"}],"items_purged_floors":[11],"is_endless":false,"potions_floor_spawned":[3,7,10,16,20,24,30,39,44,45],"ascension_level":1}