{"gold_per_floor":[20,20,20,20,47,47,73,73,98,158,158,158,176,196,196,274,274,274,202,202,202,202,202],"floor_reached":23,"playtime":683,"items_purged":[],"score":384,"play_id":"ea0eba77-200d-4686-9d02-8aabc0748602","local_time":"20190215021956","is_ascension_mode":true,"campfire_choices":[{"data":"Zap","floor":6,"key":"SMITH"},{"data":"Buffer","floor":8,"key":"SMITH"},{"floor":11,"key":"REST"},{"floor":12,"key":"REST"},{"data":"Loop","floor":15,"key":"SMITH"}],"neow_cost":"NO_GOLD","seed_source_timestamp":40353530496452,"circlet_count":0,"master_deck":["AscendersBane","Strike_B","Strike_B","Defend_B","Defend_B","Defend_B","Defend_B","Zap+1","Dualcast+1","Conserve Battery","Buffer+1","Loop+1","Cold Snap","Reinforced Body","Electrodynamics","Self Repair","Compile Driver","Ball Lightning","Sweeping Beam+1"],"relics":["Cracked Core","WingedGreaves","Lantern","Juzu Bracelet","Oddly Smooth Stone","Tiny Chest","Ectoplasm","Blue Candle"],"potions_floor_usage":[14,16,18,21,23],"damage_taken":[{"damage":0,"enemies":"2 Louse","floor":1,"turns":1},{"damage":21,"enemies":"3 Sentries","floor":7,"turns":8},{"damage":34,"enemies":"Gremlin Nob","floor":10,"turns":5},{"damage":0,"enemies":"Cultist","floor":13,"turns":3},{"damage":4,"enemies":"Jaw Worm","floor":14,"turns":3},{"damage":13,"enemies":"The Guardian","floor":16,"turns":16},{"damage":4,"enemies":"Shell Parasite","floor":18,"turns":6},{"damage":12,"enemies":"Spheric Guardian","floor":21,"turns":4},{"damage":29,"enemies":"Chosen and Byrds","floor":22,"turns":6},{"damage":46,"enemies":"Gremlin Leader","floor":23,"turns":4}],"seed_played":"-4524090393688999862","potions_obtained":[{"floor":13,"key":"EntropicBrew"},{"floor":16,"key":"SkillPotion"},{"floor":21,"key":"SteroidPotion"},{"floor":22,"key":"Poison Potion"}],"is_trial":false,"path_per_floor":["M","$","?","$","T","R","E","R","T","E","R","R","M","M","R","B",null,"M","?","?","M","M","E"],"character_chosen":"DEFECT","items_purchased":[],"campfire_rested":2,"item_purchase_floors":[],"current_hp_per_floor":[64,64,64,64,64,64,43,43,43,9,30,51,51,47,47,34,62,58,58,58,53,31,0],"gold":202,"neow_bonus":"ONE_RARE_RELIC","is_prod":false,"is_daily":false,"chose_seed":false,"campfire_upgraded":3,"win_rate":0,"timestamp":1550215196,"path_taken":["M","$","?","?","?","R","E","R","T","E","R","R","M","M","R","BOSS","M","?","?","M","M","E"],"build_version":"2019-01-23","purchased_purges":0,"victory":false,"max_hp_per_floor":[71,71,71,71,71,71,71,71,71,71,71,71,71,71,71,71,71,71,71,71,71,71,71],"card_choices":[{"not_picked":["Stack","Undo"],"picked":"Conserve Battery","floor":1},{"not_picked":["Ball Lightning","Steam"],"picked":"Buffer","floor":7},{"not_picked":["Sweeping Beam","Darkness"],"picked":"Loop","floor":10},{"not_picked":["Compile Driver","Steam"],"picked":"Cold Snap","floor":13},{"not_picked":["Heatsinks","Seek"],"picked":"Reinforced Body","floor":14},{"not_picked":["Seek","Creative AI"],"picked":"Electrodynamics","floor":16},{"not_picked":["Heatsinks","Cold Snap"],"picked":"Self Repair","floor":18},{"not_picked":["Rebound","Steam","Barrage"],"picked":"SKIP","floor":21},{"not_picked":["Stack+1","Conserve Battery"],"picked":"Sweeping Beam+1","floor":22}],"player_experience":289136,"relics_obtained":[{"floor":5,"key":"Lantern"},{"floor":7,"key":"Juzu Bracelet"},{"floor":9,"key":"Oddly Smooth Stone"},{"floor":10,"key":"Tiny Chest"}],"event_choices":[{"damage_healed":0,"gold_gain":0,"player_choice":"Forge","damage_taken":0,"max_hp_gain":0,"max_hp_loss":0,"event_name":"Accursed Blacksmith","floor":3,"gold_loss":0,"cards_upgraded":["Dualcast"]},{"damage_healed":0,"gold_gain":0,"player_choice":"Paid Gold","damage_taken":0,"relics_obtained":["Blue Candle"],"max_hp_gain":0,"max_hp_loss":0,"event_name":"WeMeetAgain","floor":19,"gold_loss":72},{"damage_healed":0,"gold_gain":0,"cards_transformed":["Strike_B","Strike_B"],"player_choice":"Became Test Subject","damage_taken":0,"max_hp_gain":0,"max_hp_loss":0,"event_name":"Drug Dealer","floor":20,"gold_loss":0,"cards_obtained":["Compile Driver","Ball Lightning"]}],"is_beta":false,"boss_relics":[{"not_picked":["Black Star","FrozenCore"],"picked":"Ectoplasm"}],"items_purged_floors":[],"is_endless":false,"potions_floor_spawned":[13,14,16,21,22],"killed_by":"Gremlin Leader","ascension_level":19}