{"gold_per_floor":[365,11,11,11,25,51,63,81,81,54,67,67,142,154,154,258,258,270,124,138,53,70,70,82,82,160,160,180,160,176,194,194,194],"floor_reached":33,"playtime":1012,"items_purged":["Clumsy"],"score":452,"play_id":"4d0d702b-f862-49d6-b0f7-0e621e9ac266","local_time":"20180819182105","is_ascension_mode":true,"campfire_choices":[{"data":"Armaments","floor":12,"key":"SMITH"},{"data":"Limit Break","floor":15,"key":"SMITH"},{"floor":23,"key":"DIG"},{"floor":25,"key":"REST"},{"data":"Offering","floor":27,"key":"SMITH"},{"floor":32,"key":"REST"}],"neow_cost":"CURSE","seed_source_timestamp":110282588147864,"circlet_count":0,"master_deck":["Strike_R","Strike_R","Strike_R","Strike_R","Strike_R","Defend_R","Defend_R","Defend_R","Defend_R","Bash","AscendersBane","Uppercut+1","Limit Break+1","Anger","Twin Strike","Pummel","Armaments+1","Clash","Perfected Strike","Whirlwind","Demon Form+1","Offering+1","Bloodletting","Pommel Strike+1"],"relics":["Burning Blood","Blood Vial","Vajra","Frozen Egg 2","Busted Crown","Happy Flower","Shovel","Boot","Blue Candle"],"potions_floor_usage":[6,18,22,31,32,33],"damage_taken":[{"damage":7,"enemies":"2 Louse","floor":1,"turns":4},{"damage":0,"enemies":"Small Slimes","floor":5,"turns":3},{"damage":25,"enemies":"Lagavulin","floor":6,"turns":5},{"damage":4,"enemies":"Jaw Worm","floor":7,"turns":3},{"damage":0,"enemies":"2 Fungi Beasts","floor":8,"turns":2},{"damage":8,"enemies":"Blue Slaver","floor":11,"turns":2},{"damage":0,"enemies":"Gremlin Gang","floor":14,"turns":1},{"damage":0,"enemies":"Slime Boss","floor":16,"turns":5},{"damage":12,"enemies":"3 Byrds","floor":18,"turns":4},{"damage":0,"enemies":"Chosen","floor":20,"turns":3},{"damage":55,"enemies":"Shelled Parasite and Fungi","floor":22,"turns":5},{"damage":15,"enemies":"Chosen and Byrds","floor":24,"turns":3},{"damage":25,"enemies":"Snake Plant","floor":28,"turns":3},{"damage":25,"enemies":"Cultist and Chosen","floor":30,"turns":5},{"damage":13,"enemies":"Shelled Parasite and Fungi","floor":31,"turns":3},{"damage":78,"enemies":"Automaton","floor":33,"turns":6}],"seed_played":"2040724611937497766","potions_obtained":[{"floor":1,"key":"SteroidPotion"},{"floor":6,"key":"Dexterity Potion"},{"floor":11,"key":"PowerPotion"},{"floor":18,"key":"Block Potion"},{"floor":28,"key":"Dexterity Potion"},{"floor":29,"key":"FearPotion"},{"floor":31,"key":"Fruit Juice"}],"is_trial":false,"path_per_floor":["M","$","?","?","M","E","M","M","T","$","M","R","?","M","R","B",null,"M","$","M","?","M","R","M","R","T","R","M","?","M","M","R"],"character_chosen":"IRONCLAD","items_purchased":["Limit Break","Anger","Blood Vial","Perfected Strike","Happy Flower"],"campfire_rested":2,"item_purchase_floors":[2,2,2,10,19],"current_hp_per_floor":[71,71,71,71,79,61,65,73,73,73,73,73,62,70,70,78,80,74,74,80,80,31,31,24,48,48,48,31,31,14,9,38,0],"gold":194,"neow_bonus":"TWO_FIFTY_GOLD","is_prod":false,"is_daily":false,"chose_seed":false,"campfire_upgraded":3,"win_rate":0,"timestamp":1534717265,"path_taken":["M","$","?","?","M","E","M","M","T","$","M","R","?","M","R","BOSS","M","$","M","?","M","R","M","R","T","R","M","?","M","M","R","BOSS"],"build_version":"2018-08-16","purchased_purges":1,"victory":false,"max_hp_per_floor":[80,80,80,80,80,80,80,80,80,80,80,80,80,80,80,80,80,80,80,80,80,80,80,80,80,80,80,80,80,80,80,85,85],"card_choices":[{"not_picked":["Body Slam","Heavy Blade"],"picked":"Uppercut","floor":1},{"not_picked":["Pummel","Corruption"],"picked":"Twin Strike","floor":5},{"not_picked":["Flex","Combust"],"picked":"Pummel","floor":6},{"not_picked":["Havoc","Shrug It Off"],"picked":"Armaments","floor":7},{"not_picked":["Heavy Blade","Warcry"],"picked":"Clash","floor":8},{"not_picked":["Uppercut","Flex"],"picked":"Whirlwind","floor":11},{"not_picked":["Headbutt","Twin Strike"],"picked":"Demon Form+1","floor":14},{"not_picked":["Limit Break","Juggernaut+1"],"picked":"Offering","floor":16},{"not_picked":[],"picked":"Bloodletting","floor":18},{"not_picked":[],"picked":"Pommel Strike+1","floor":20},{"not_picked":["Hemokinesis+1"],"picked":"SKIP","floor":22},{"not_picked":["Twin Strike"],"picked":"SKIP","floor":24},{"not_picked":["Combust+1"],"picked":"SKIP","floor":28},{"not_picked":["Pommel Strike"],"picked":"SKIP","floor":30},{"not_picked":["Infernal Blade"],"picked":"SKIP","floor":31}],"player_experience":805230,"relics_obtained":[{"floor":6,"key":"Vajra"},{"floor":9,"key":"Frozen Egg 2"},{"floor":23,"key":"Boot"},{"floor":26,"key":"Blue Candle"}],"event_choices":[{"event_name":"Liars Game","player_choice":"disagreed","floor":3,"damage_taken":0},{"event_name":"Living Wall","player_choice":"Grow","floor":4,"damage_taken":0},{"event_name":"World of Goop","player_choice":"Gather Gold","floor":13,"damage_taken":0},{"event_name":"Addict","player_choice":"Obtained Relic","floor":21,"damage_taken":0},{"event_name":"The Woman in Blue","player_choice":"Bought 1 Potion","floor":29,"damage_taken":0}],"is_beta":true,"boss_relics":[{"not_picked":["Calling Bell","Coffee Dripper"],"picked":"Busted Crown"}],"items_purged_floors":[2],"is_endless":false,"potions_floor_spawned":[1,6,11,18,28,31],"killed_by":"Automaton","ascension_level":10}