{"gold_per_floor":[363,380,6,6,23,23,50,66,66,66,17,17,17,17,17,113,113,131,46,70,89,99,99,133,133,203,203,203,128,153,164,164,266,266,284,284,150,202,214,214,229,229],"floor_reached":42,"playtime":1751,"items_purged":["Doubt"],"score":702,"play_id":"bb828ecf-2bf9-4143-abf2-977a49969aa6","local_time":"20180923155951","is_ascension_mode":true,"campfire_choices":[{"floor":6,"key":"REST"},{"data":"All For One","floor":10,"key":"SMITH"},{"floor":15,"key":"REST"},{"floor":23,"key":"REST"},{"floor":25,"key":"REST"},{"data":"Echo Form","floor":27,"key":"SMITH"},{"floor":32,"key":"REST"},{"floor":40,"key":"REST"}],"neow_cost":"PERCENT_DAMAGE","seed_source_timestamp":0,"circlet_count":0,"master_deck":["Strike_B","Strike_B","Strike_B","Defend_B","Defend_B","Defend_B","Defend_B+1","Zap","Dualcast","AscendersBane","Go for the Eyes","Gash","All For One+1","Panache","Go for the Eyes","Conserve Battery","Coolheaded+1","Gash","Reboot","Echo Form+1","Parasite","Leap+1","Leap+1","Gash","Ball Lightning+1","Echo Form","Reinforced Body","Steam+1","Self Repair","Go for the Eyes","Gash","Steam Power","Turbo+1"],"relics":["Cracked Core","Ornamental Fan","Bottled Flame","Blue Candle","Cursed Key","Sundial","Bronze Scales","War Paint","Letter Opener","Red Mask","Lizard Tail","Incense Burner","Turnip"],"potions_floor_usage":[8,24,30,33,38,38,41],"damage_taken":[{"damage":0,"enemies":"Cultist","floor":1,"turns":3},{"damage":3,"enemies":"2 Louse","floor":2,"turns":3},{"damage":0,"enemies":"Small Slimes","floor":5,"turns":2},{"damage":30,"enemies":"Lagavulin","floor":7,"turns":6},{"damage":0,"enemies":"3 Louse","floor":8,"turns":2},{"damage":22,"enemies":"Hexaghost","floor":16,"turns":10},{"damage":25,"enemies":"Shell Parasite","floor":18,"turns":5},{"damage":3,"enemies":"Chosen","floor":21,"turns":4},{"damage":4,"enemies":"Snake Plant","floor":22,"turns":4},{"damage":0,"enemies":"Gremlin Leader","floor":24,"turns":5},{"damage":28,"enemies":"Masked Bandits","floor":30,"turns":5},{"damage":0,"enemies":"3 Cultists","floor":31,"turns":4},{"damage":33,"enemies":"Champ","floor":33,"turns":13},{"damage":12,"enemies":"3 Darklings","floor":35,"turns":5},{"damage":9,"enemies":"Mind Bloom Boss Battle","floor":36,"turns":6},{"damage":26,"enemies":"Mysterious Sphere","floor":38,"turns":7},{"damage":1,"enemies":"Orb Walker","floor":39,"turns":3},{"damage":20,"enemies":"Transient","floor":41,"turns":5},{"damage":82,"enemies":"Reptomancer","floor":42,"turns":2}],"seed_played":"-6266644280275640262","potions_obtained":[{"floor":5,"key":"Explosive Potion"},{"floor":7,"key":"PowerPotion"},{"floor":22,"key":"SpeedPotion"},{"floor":24,"key":"Weak Potion"},{"floor":36,"key":"Explosive Potion"},{"floor":38,"key":"Block Potion"}],"is_trial":false,"path_per_floor":["M","M","$","$","M","R","E","M","T","R","$","?","$","?","R","B",null,"M","?","T","M","M","R","E","R","T","R","?","$","?","M","R","B",null,"M","?","$","?","M","R","M"],"character_chosen":"DEFECT","items_purchased":["Gash","All For One","Panache","Gash","Self Repair","Go for the Eyes","Block Potion"],"campfire_rested":6,"item_purchase_floors":[3,3,3,11,37,37,37],"current_hp_per_floor":[50,47,47,47,47,69,39,39,39,39,39,39,39,39,61,39,66,41,41,41,38,34,56,56,75,75,75,75,75,47,47,69,36,65,53,44,44,25,24,46,33,0],"gold":229,"neow_bonus":"TWO_FIFTY_GOLD","is_prod":false,"is_daily":false,"chose_seed":true,"campfire_upgraded":2,"win_rate":0,"timestamp":1537732791,"path_taken":["M","M","?","$","M","R","E","M","T","R","$","?","?","?","R","BOSS","M","?","?","M","M","R","E","R","T","R","?","$","?","M","R","BOSS","M","?","$","?","M","R","M","M"],"build_version":"2018-09-20","purchased_purges":1,"victory":false,"max_hp_per_floor":[75,75,75,75,75,75,75,75,75,75,75,75,75,75,75,75,75,75,75,75,75,75,75,75,75,75,75,75,75,75,75,75,75,75,75,75,75,75,75,75,75,75],"card_choices":[{"not_picked":["Coolheaded","Redo"],"picked":"Go for the Eyes","floor":1},{"not_picked":["Force Field","Heatsinks","Redo"],"picked":"SKIP","floor":2},{"not_picked":["Redo","Compile Driver"],"picked":"Go for the Eyes","floor":5},{"not_picked":["Fusion","Redo"],"picked":"Conserve Battery","floor":7},{"not_picked":["Aggregate","Streamline"],"picked":"Coolheaded","floor":8},{"not_picked":["Machine Learning","Hyperbeam"],"picked":"Echo Form","floor":16},{"not_picked":["Sweeping Beam","Darkness","Force Field"],"picked":"SKIP","floor":18},{"not_picked":["Compile Driver+1","Undo"],"picked":"Leap+1","floor":21},{"not_picked":["Streamline","Cold Snap+1"],"picked":"Leap+1","floor":22},{"not_picked":["Melter+1","Redo"],"picked":"Gash","floor":24},{"not_picked":["Beam Cell","Cold Snap"],"picked":"Ball Lightning+1","floor":30},{"not_picked":["Stack","Cold Snap","Compile Driver+1"],"picked":"SKIP","floor":31},{"not_picked":["Amplify","Rainbow"],"picked":"Echo Form","floor":33},{"not_picked":["Consume","Leap"],"picked":"Reinforced Body","floor":35},{"not_picked":["Leap+1","Cold Snap"],"picked":"Steam+1","floor":36},{"not_picked":["Chaos+1","Rip and Tear+1"],"picked":"Gash","floor":38},{"not_picked":["Chill","Cold Snap+1"],"picked":"Steam Power","floor":39},{"not_picked":["Streamline","Thunder Strike"],"picked":"Turbo+1","floor":41}],"player_experience":874106,"relics_obtained":[{"floor":7,"key":"Ornamental Fan"},{"floor":9,"key":"Bottled Flame"},{"floor":20,"key":"Bronze Scales"},{"floor":24,"key":"War Paint"},{"floor":26,"key":"Letter Opener"},{"floor":30,"key":"Red Mask"},{"floor":36,"key":"Incense Burner"},{"floor":38,"key":"Turnip"}],"event_choices":[{"event_name":"Dead Adventurer","player_choice":"Searched \u00272\u0027 times","floor":12,"damage_taken":0},{"event_name":"Living Wall","player_choice":"Change","floor":14,"damage_taken":0},{"event_name":"Addict","player_choice":"Obtained Relic","floor":19,"damage_taken":0},{"event_name":"The Woman in Blue","player_choice":"Bought 0 Potions","floor":28,"damage_taken":0},{"event_name":"Masked Bandits","player_choice":"Fought Bandits","floor":30,"damage_taken":0},{"event_name":"MindBloom","player_choice":"Fight","floor":36,"damage_taken":0},{"event_name":"Mysterious Sphere","player_choice":"Fight","floor":38,"damage_taken":0}],"is_beta":true,"boss_relics":[{"not_picked":["Eternal Feather","Empty Cage"],"picked":"Cursed Key"},{"not_picked":["Velvet Choker","Pandora\u0027s Box"],"picked":"Lizard Tail"}],"items_purged_floors":[29],"is_endless":false,"potions_floor_spawned":[5,7,22,24,36,38],"killed_by":"Reptomancer","ascension_level":11}