{"gold_per_floor":[118,133,153,165,185,185,214,229,229,229,243,243,257,274,274,351,351,363,363,388,375,394,394,424,424,448,36,55,55],"floor_reached":29,"playtime":1736,"items_purged":["Strike_G"],"score":427,"play_id":"07ad669e-db8a-4698-9472-ab3f2f2c4a17","local_time":"20181218231151","is_ascension_mode":true,"campfire_choices":[{"data":"Footwork","floor":6,"key":"SMITH"},{"floor":10,"key":"REST"},{"floor":12,"key":"REST"},{"floor":15,"key":"REST"},{"floor":23,"key":"REST"},{"floor":25,"key":"REST"}],"neow_cost":"NONE","seed_source_timestamp":298767616049455,"circlet_count":0,"master_deck":["AscendersBane","Defend_G+1","Defend_G","Defend_G","Defend_G","Defend_G","Strike_G","Strike_G","Survivor+1","Neutralize","Terror","Endless Agony","PiercingWail","Footwork+1","Expertise","Dagger Spray","Flying Knee","Footwork","Masterful Stab","Deadly Poison","Night Terror","Cloak And Dagger","Dagger Throw","Corpse Explosion","Deflect","Skewer+1","Noxious Fumes+1","Leg Sweep","Noxious Fumes","Backflip"],"relics":["Ring of the Serpent","NeowsBlessing","Blood Vial","Bag of Preparation","Pantograph","War Paint","Juzu Bracelet"],"potions_floor_usage":[4,8,14,16,21,22,28],"damage_taken":[{"damage":0,"enemies":"Cultist","floor":1,"turns":1},{"damage":0,"enemies":"Jaw Worm","floor":2,"turns":1},{"damage":0,"enemies":"Small Slimes","floor":3,"turns":1},{"damage":5,"enemies":"Gremlin Gang","floor":4,"turns":6},{"damage":1,"enemies":"Blue Slaver","floor":5,"turns":5},{"damage":33,"enemies":"3 Sentries","floor":7,"turns":17},{"damage":3,"enemies":"Red Slaver","floor":8,"turns":4},{"damage":14,"enemies":"3 Louse","floor":11,"turns":4},{"damage":8,"enemies":"Blue Slaver","floor":13,"turns":4},{"damage":28,"enemies":"Exordium Thugs","floor":14,"turns":6},{"damage":24,"enemies":"The Guardian","floor":16,"turns":10},{"damage":16,"enemies":"Shell Parasite","floor":18,"turns":5},{"damage":16,"enemies":"2 Thieves","floor":21,"turns":4},{"damage":24,"enemies":"Cultist and Chosen","floor":22,"turns":7},{"damage":15,"enemies":"Gremlin Leader","floor":24,"turns":10},{"damage":21,"enemies":"Centurion and Healer","floor":28,"turns":7},{"damage":43,"enemies":"Shelled Parasite and Fungi","floor":29,"turns":4}],"seed_played":"1763025626681713043","potions_obtained":[{"floor":1,"key":"Fire Potion"},{"floor":3,"key":"GamblersBrew"},{"floor":7,"key":"Strength Potion"},{"floor":11,"key":"Strength Potion"},{"floor":13,"key":"Poison Potion"},{"floor":16,"key":"Regen Potion"},{"floor":18,"key":"AttackPotion"},{"floor":24,"key":"LiquidBronze"}],"is_trial":false,"path_per_floor":["M","M","M","M","M","R","E","M","T","R","M","R","M","M","R","B",null,"M","?","T","M","M","R","E","R","T","$","M","M"],"character_chosen":"THE_SILENT","items_purchased":["Leg Sweep","Noxious Fumes","Regen Potion","Juzu Bracelet"],"campfire_rested":5,"item_purchase_floors":[27,27,27,27],"current_hp_per_floor":[59,59,59,54,53,53,20,19,19,38,26,45,39,13,32,10,52,38,38,38,36,14,33,20,39,39,39,35,0],"gold":55,"neow_bonus":"THREE_ENEMY_KILL","is_prod":false,"is_daily":false,"chose_seed":false,"campfire_upgraded":1,"win_rate":0,"timestamp":1545192711,"path_taken":["M","M","M","M","?","R","E","M","T","R","M","R","M","M","R","BOSS","M","?","?","M","?","R","E","R","T","$","M","M"],"build_version":"2018-12-17","purchased_purges":1,"victory":false,"max_hp_per_floor":[66,66,66,66,66,66,66,66,66,66,66,66,66,66,66,66,66,66,66,66,66,66,66,66,66,66,66,66,66],"card_choices":[{"not_picked":["Deflect","Flying Knee"],"picked":"Terror","floor":1},{"not_picked":["Underhanded Strike","Slice"],"picked":"Endless Agony","floor":2},{"not_picked":["Deadly Poison","Unload"],"picked":"PiercingWail","floor":3},{"not_picked":["Poisoned Stab","Deadly Poison"],"picked":"Footwork","floor":4},{"not_picked":["Setup","Acrobatics"],"picked":"Expertise","floor":5},{"not_picked":["Backflip","Distraction"],"picked":"Dagger Spray","floor":7},{"not_picked":["Prepared","Heel Hook"],"picked":"Flying Knee","floor":8},{"not_picked":["Flying Knee","Accuracy"],"picked":"Footwork","floor":11},{"not_picked":["Deflect","Grand Finale"],"picked":"Masterful Stab","floor":13},{"not_picked":["Acrobatics","Slice"],"picked":"Deadly Poison","floor":14},{"not_picked":["Envenom","Die Die Die"],"picked":"Night Terror","floor":16},{"not_picked":["PiercingWail","Distraction"],"picked":"Cloak And Dagger","floor":18},{"not_picked":["Catalyst","Prepared"],"picked":"Deflect","floor":21},{"not_picked":["Acrobatics","Choke"],"picked":"Skewer+1","floor":22},{"not_picked":["Tactician","Phantasmal Killer"],"picked":"Noxious Fumes+1","floor":24},{"not_picked":["Deadly Poison","Slice+1"],"picked":"Backflip","floor":28}],"player_experience":1013914,"relics_obtained":[{"floor":7,"key":"Blood Vial"},{"floor":20,"key":"Bag of Preparation"},{"floor":24,"key":"Pantograph"},{"floor":26,"key":"War Paint"}],"event_choices":[{"damage_healed":0,"gold_gain":0,"cards_transformed":["Strike_G","Strike_G"],"player_choice":"Became Test Subject","damage_taken":0,"max_hp_gain":0,"max_hp_loss":0,"event_name":"Drug Dealer","floor":19,"gold_loss":0,"cards_obtained":["Dagger Throw","Corpse Explosion"]}],"is_beta":true,"boss_relics":[{"not_picked":["Empty Cage","Cursed Key"],"picked":"Ring of the Serpent"}],"items_purged_floors":[27],"is_endless":false,"potions_floor_spawned":[1,3,7,11,13,16,18,24],"killed_by":"Shelled Parasite and Fungi","ascension_level":14}