{"path_per_floor":["M","M","$","?","?","E","M","E","T","?","M","R","M","M","R","B",null,"M","$","M","M","?","R","M","R","T","$","?"],"character_chosen":"IRONCLAD","items_purchased":["Lantern","Singing Bowl","Wild Strike","Happy Flower","Disarm","Double Tap"],"gold_per_floor":[366,384,39,39,39,72,92,124,176,126,137,137,148,161,161,261,261,275,39,51,70,70,70,81,81,108,38,38,38],"floor_reached":29,"campfire_rested":2,"playtime":1099,"current_hp_per_floor":[80,80,80,80,80,51,56,33,33,33,30,69,50,46,84,40,84,54,54,58,25,53,53,44,44,44,44,44,0],"items_purged":[],"gold":38,"score":235,"play_id":"61742491-25cc-4886-b34d-682e9a228ca6","local_time":"20180506165955","is_prod":false,"is_daily":false,"chose_seed":false,"is_ascension_mode":false,"campfire_upgraded":2,"timestamp":1525640395,"path_taken":["M","M","$","?","?","E","M","E","T","?","?","R","M","M","R","BOSS","M","$","M","M","?","R","M","R","T","$","?","M"],"build_version":"2018-05-03","seed_source_timestamp":2103345958847156,"purchased_purges":0,"victory":false,"master_deck":["Strike_R","Strike_R","Defend_R","Defend_R","Defend_R","Defend_R","Bash","Sword Boomerang","Wild Strike","Headbutt","Headbutt","Clothesline","Whirlwind","Sentinel","Power Through","Armaments+1","Limit Break+1","Offering+1","Bludgeon+1","Evolve+1","True Grit+1","Disarm","Thunderclap","Wild Strike","Double Tap"],"max_hp_per_floor":[80,80,80,80,80,80,80,80,80,80,80,80,80,82,84,84,84,84,84,86,86,86,86,86,86,86,86,86,86],"relics":["Burning Blood","Lantern","Singing Bowl","Matryoshka","Dream Catcher","Regal Pillow","Astrolabe","Happy Flower","Smiling Mask","Vajra"],"card_choices":[{"not_picked":["Havoc","Sever Soul"],"picked":"Sword Boomerang","floor":2},{"not_picked":["Sword Boomerang","Pummel"],"picked":"Headbutt","floor":6},{"not_picked":["Pommel Strike","Havoc"],"picked":"Clothesline","floor":7},{"not_picked":["Clothesline","Exhume"],"picked":"Whirlwind","floor":8},{"not_picked":["Carnage","Pummel"],"picked":"Sentinel","floor":11},{"not_picked":["Cleave","Armaments"],"picked":"Power Through","floor":12},{"not_picked":["Thunderclap","Twin Strike"],"picked":"Armaments","floor":13},{"not_picked":["Dark Embrace","Bludgeon"],"picked":"Limit Break","floor":16},{"not_picked":["Pommel Strike","Pummel"],"picked":"True Grit","floor":18},{"not_picked":["Twin Strike","Cleave"],"picked":"Thunderclap","floor":21},{"not_picked":["Iron Wave","Warcry"],"picked":"Wild Strike","floor":24}],"player_experience":347224,"potions_floor_usage":[14,16,16],"damage_taken":[{"damage":2,"enemies":"Small Slimes","floor":1,"turns":5},{"damage":1,"enemies":"Cultist","floor":2,"turns":4},{"damage":35,"enemies":"3 Sentries","floor":6,"turns":9},{"damage":1,"enemies":"Jaw Worm","floor":7,"turns":3},{"damage":29,"enemies":"Gremlin Nob","floor":8,"turns":4},{"damage":9,"enemies":"3 Louse","floor":11,"turns":3},{"damage":25,"enemies":"Large Slime","floor":13,"turns":6},{"damage":12,"enemies":"Blue Slaver","floor":14,"turns":3},{"damage":50,"enemies":"Slime Boss","floor":16,"turns":11},{"damage":36,"enemies":"2 Thieves","floor":18,"turns":4},{"damage":4,"enemies":"3 Byrds","floor":20,"turns":6},{"damage":39,"enemies":"Centurion and Healer","floor":21,"turns":8},{"damage":15,"enemies":"Cultist and Chosen","floor":24,"turns":5},{"damage":46,"enemies":"Slaver and Parasite","floor":29,"turns":4}],"event_choices":[{"event_name":"Match and Keep!","player_choice":"1 cards matched","floor":4,"damage_taken":0},{"event_name":"Wheel of Change","player_choice":"Curse","floor":5,"damage_taken":0},{"event_name":"The Cleric","player_choice":"Card Removal","floor":10,"damage_taken":0},{"event_name":"The Library","player_choice":"Heal","floor":22,"damage_taken":0},{"event_name":"Fountain of Cleansing","player_choice":"Removed Curse","floor":28,"damage_taken":0}],"boss_relics":[{"not_picked":["White Beast Statue","Eternal Feather"],"picked":"Astrolabe"}],"potions_floor_spawned":[7,11,13,14,16,18,21,24],"seed_played":"7337942209965128442","killed_by":"Slaver and Parasite","ascension_level":0,"is_trial":false}