{"path_per_floor":["M","?","?","M","$","R","?","R","T","R","M","M","?","?","R","B",null,"M","M","$","M","M","R","M","R","T","M","$","M","E","?","R","B",null,"M","?","$","M","?","R","$","R","T","E","M","R","M"],"character_chosen":"THE_SILENT","items_purchased":["Footwork","Noxious Fumes","Bane","Backflip","Vajra","Mind Blast","Slice"],"gold_per_floor":[113,113,63,81,2,2,2,2,2,2,20,38,38,38,38,141,141,153,163,83,100,110,110,127,127,177,193,96,107,141,141,141,236,236,248,298,44,61,61,61,14,14,40,67,79,79,91,91],"floor_reached":48,"campfire_rested":5,"playtime":2766,"current_hp_per_floor":[62,62,62,57,57,57,57,57,57,57,57,57,46,46,69,41,68,58,50,50,44,38,61,54,77,77,76,76,67,62,62,62,2,58,57,46,46,46,46,69,69,69,69,18,16,39,18,0],"items_purged":[],"gold":91,"score":635,"play_id":"a50a9ff0-bc9a-437d-b2e3-3be146ff18fb","local_time":"20180410230557","is_prod":false,"is_daily":false,"chose_seed":false,"is_ascension_mode":true,"campfire_upgraded":5,"timestamp":1523415957,"path_taken":["M","?","?","M","$","R","?","R","T","R","M","?","?","?","R","BOSS","M","M","$","M","M","R","M","R","T","M","$","?","E","?","R","BOSS","M","?","$","M","?","R","$","R","T","E","?","R","M","M"],"build_version":"2018-04-10","seed_source_timestamp":273152543674392,"purchased_purges":0,"victory":false,"master_deck":["Defend_G","Defend_G","Defend_G","Defend_G","Strike_G","Strike_G","Strike_G","Survivor","Neutralize+1","Dagger Spray+1","Footwork+1","Leg Sweep","Escape Plan","Burst+1","Choke+1","Flying Knee+1","Noxious Fumes","Cloak And Dagger+1","Dodge and Roll+1","Catalyst","Backflip+1","Bane","Backflip","Noxious Fumes+1","A Thousand Cuts+1","Cloak And Dagger+1","Cloak And Dagger+1","Mind Blast","Slice+1","Slice","Doubt","Deflect","PiercingWail+1","Bouncing Flask+1"],"max_hp_per_floor":[70,70,70,70,70,70,70,70,70,70,70,70,77,77,77,77,77,77,77,77,77,77,77,77,77,77,77,77,77,77,77,77,77,77,77,77,77,77,77,77,77,77,77,77,77,77,77,77],"relics":["Ring of the Snake","Bottled Tornado","Strawberry","Runic Dome","Pen Nib","Orichalcum","Cursed Key","Peace Pipe","Vajra","Omamori","Ginger"],"card_choices":[{"not_picked":["Outmaneuver","Well Laid Plans"],"picked":"Flying Knee","floor":1},{"not_picked":["Poisoned Stab","Concentrate"],"picked":"Dagger Spray","floor":4},{"not_picked":["Sucker Punch","Backflip"],"picked":"Leg Sweep","floor":11},{"not_picked":["Underhanded Strike","A Thousand Cuts"],"picked":"Escape Plan","floor":12},{"not_picked":["Tactician","Night Terror"],"picked":"Burst","floor":16},{"not_picked":["Deflect","Poisoned Stab"],"picked":"Choke","floor":18},{"not_picked":["Bane","Accuracy"],"picked":"Flying Knee","floor":19},{"not_picked":["Masterful Stab","Backflip"],"picked":"Cloak And Dagger","floor":21},{"not_picked":["Deadly Poison","Blur"],"picked":"Dodge and Roll","floor":22},{"not_picked":["Bullet Time","Underhanded Strike"],"picked":"Catalyst","floor":24},{"not_picked":["Noxious Fumes","Dash"],"picked":"Backflip","floor":27},{"not_picked":["Caltrops","Accuracy"],"picked":"Noxious Fumes","floor":29},{"not_picked":["Bullet Time","Tactician"],"picked":"A Thousand Cuts","floor":33},{"not_picked":["PiercingWail","Flying Knee"],"picked":"Cloak And Dagger","floor":35},{"not_picked":["Bane","Well Laid Plans"],"picked":"Cloak And Dagger","floor":36},{"not_picked":["Dash","Acrobatics"],"picked":"Slice","floor":38},{"not_picked":["Sucker Punch","Dagger Throw"],"picked":"Deflect","floor":44},{"not_picked":["Flying Knee","Dagger Throw"],"picked":"PiercingWail","floor":45},{"not_picked":["Footwork","Distraction"],"picked":"Bouncing Flask","floor":47}],"player_experience":162974,"potions_floor_usage":[16,22,24,29,29,33,33,45],"damage_taken":[{"damage":1,"enemies":"2 Louse","floor":1,"turns":3},{"damage":5,"enemies":"Cultist","floor":4,"turns":5},{"damage":0,"enemies":"Jaw Worm","floor":11,"turns":4},{"damage":0,"enemies":"3 Louse","floor":12,"turns":2},{"damage":28,"enemies":"The Guardian","floor":16,"turns":20},{"damage":10,"enemies":"Shell Parasite","floor":18,"turns":10},{"damage":8,"enemies":"3 Byrds","floor":19,"turns":6},{"damage":6,"enemies":"Snake Plant","floor":21,"turns":5},{"damage":6,"enemies":"Snecko","floor":22,"turns":5},{"damage":7,"enemies":"Centurion and Healer","floor":24,"turns":6},{"damage":1,"enemies":"3 Cultists","floor":27,"turns":5},{"damage":9,"enemies":"Snake Plant","floor":29,"turns":4},{"damage":5,"enemies":"Book of Stabbing","floor":30,"turns":6},{"damage":75,"enemies":"Champ","floor":33,"turns":13},{"damage":1,"enemies":"Flame Bruiser 1 Orb","floor":35,"turns":5},{"damage":11,"enemies":"Mysterious Sphere","floor":36,"turns":5},{"damage":0,"enemies":"Orb Walker","floor":38,"turns":4},{"damage":51,"enemies":"Giant Head","floor":44,"turns":8},{"damage":2,"enemies":"3 Darklings","floor":45,"turns":4},{"damage":21,"enemies":"4 Shapes","floor":47,"turns":3},{"damage":18,"enemies":"Sphere and 2 Shapes","floor":48,"turns":2}],"event_choices":[{"event_name":"Purifier","player_choice":"One Purge","floor":2,"damage_taken":0},{"event_name":"The Cleric","player_choice":"Card Removal","floor":3,"damage_taken":0},{"event_name":"Liars Game","player_choice":"disagreed","floor":7,"damage_taken":0},{"event_name":"Scrap Ooze","player_choice":"success","floor":13,"damage_taken":18},{"event_name":"Wheel of Change","player_choice":"Card Removal","floor":14,"damage_taken":0},{"event_name":"The Woman in Blue","player_choice":"Bought 0 Potions","floor":31,"damage_taken":0},{"event_name":"Mysterious Sphere","player_choice":"Fight","floor":36,"damage_taken":0}],"boss_relics":[{"not_picked":["Calling Bell","Eternal Feather"],"picked":"Runic Dome"},{"not_picked":["White Beast Statue","Tiny House"],"picked":"Cursed Key"}],"potions_floor_spawned":[11,16,18,24,27,29,30,36,44,47],"seed_played":"1115271637103759909","killed_by":"Sphere and 2 Shapes","ascension_level":7,"is_trial":false}