{"gold_per_floor":[115,128,53,128,128,128,128,128,153,165,201,213,80,121,121,246,246,267,298,298,313,337,337,371,371,421,444,469,469,48,66,66,197,197,218,239,154,376,376,420,420,420,420,420,115,140,140,140,140,140,140,140,20,54,54],"floor_reached":55,"playtime":2298,"items_purged":["Strike_R"],"score":743,"play_id":"cc8e61c5-d365-41e6-9d88-073b5e8deffc","local_time":"20190105195218","is_ascension_mode":true,"campfire_choices":[{"data":"Whirlwind","floor":6,"key":"SMITH"},{"data":"Dark Embrace","floor":8,"key":"SMITH"},{"data":"True Grit","floor":10,"key":"SMITH"},{"floor":15,"key":"REST"},{"data":"Limit Break","floor":23,"key":"SMITH"},{"floor":25,"key":"REST"},{"data":"Flame Barrier","floor":32,"key":"SMITH"},{"floor":42,"key":"REST"},{"floor":44,"key":"REST"},{"floor":47,"key":"REST"},{"floor":49,"key":"RECALL"},{"data":"Demon Form","floor":52,"key":"SMITH"}],"neow_cost":"NONE","seed_source_timestamp":429610521736047,"circlet_count":0,"master_deck":["Strike_R+1","Strike_R+1","Defend_R","Defend_R+1","Defend_R","Bash","Dark Embrace+1","Disarm","True Grit+1","Whirlwind+1","Armaments","Limit Break+1","Anger","Twin Strike+1","Flame Barrier+1","Spot Weakness+1","Offering","Metallicize","Flame Barrier","Demon Form+1","Heavy Blade+1","Sword Boomerang+1","Double Tap+1","Burning Pact+1","Corruption","Headbutt","Shockwave","Strike_G","Warcry","Parasite","Feed","Apotheosis","Shrug It Off","Intimidate"],"relics":["Burning Blood","Golden Idol","MawBank","Juzu Bracelet","Whetstone","Sozu","Red Mask","Mercury Hourglass","Red Skull","Art of War","Centennial Puzzle","OrangePellets","Astrolabe","Gremlin Horn","Pantograph","Bird Faced Urn"],"potions_floor_usage":[14,18,33],"damage_taken":[{"damage":15,"enemies":"Jaw Worm","floor":1,"turns":6},{"damage":0,"enemies":"2 Louse","floor":2,"turns":4},{"damage":0,"enemies":"Small Slimes","floor":11,"turns":3},{"damage":32,"enemies":"Gremlin Nob","floor":14,"turns":4},{"damage":41,"enemies":"The Guardian","floor":16,"turns":20},{"damage":19,"enemies":"Spheric Guardian","floor":18,"turns":6},{"damage":40,"enemies":"Masked Bandits","floor":19,"turns":5},{"damage":10,"enemies":"3 Byrds","floor":21,"turns":5},{"damage":9,"enemies":"Cultist and Chosen","floor":22,"turns":6},{"damage":19,"enemies":"Book of Stabbing","floor":24,"turns":8},{"damage":6,"enemies":"Centurion and Healer","floor":27,"turns":4},{"damage":3,"enemies":"Chosen and Byrds","floor":28,"turns":5},{"damage":8,"enemies":"Snake Plant","floor":31,"turns":4},{"damage":57,"enemies":"Automaton","floor":33,"turns":8},{"damage":6,"enemies":"3 Shapes","floor":35,"turns":4},{"damage":5,"enemies":"Orb Walker","floor":36,"turns":3},{"damage":69,"enemies":"Giant Head","floor":40,"turns":8},{"damage":18,"enemies":"Writhing Mass","floor":46,"turns":5},{"damage":49,"enemies":"Awakened One","floor":50,"turns":7},{"damage":55,"enemies":"Shield and Spear","floor":54,"turns":6},{"damage":65,"enemies":"The Heart","floor":55,"turns":3}],"seed_played":"4050149471502369174","potions_obtained":[{"floor":1,"key":"GamblersBrew"},{"floor":14,"key":"SpeedPotion"},{"floor":16,"key":"Block Potion"}],"is_trial":false,"path_per_floor":["M","M","$","?","?","R","?","R","T","R","M","?","$","E","R","B",null,"M","?","?","M","M","R","E","R","T","M","M","T","$","M","R","B",null,"M","M","$","?","?","E","?","R","T","R","$","M","R","?","R","B",null,"R","$","E","B"],"character_chosen":"IRONCLAD","items_purchased":["Whirlwind","Juzu Bracelet","Centennial Puzzle","OrangePellets","Corruption","Headbutt","Pantograph","Warcry","Shrug It Off","Intimidate"],"campfire_rested":5,"item_purchase_floors":[3,13,30,30,37,37,45,45,53,53],"current_hp_per_floor":[71,77,77,66,50,50,50,50,50,50,56,61,61,35,58,23,79,66,32,58,54,51,51,38,61,61,61,64,64,64,62,62,11,79,79,79,79,79,79,16,16,39,39,62,62,50,73,73,73,36,79,79,79,30,0],"gold":54,"neow_bonus":"ONE_RANDOM_RARE_CARD","is_prod":false,"is_daily":false,"chose_seed":false,"campfire_upgraded":6,"win_rate":0,"timestamp":1546735938,"path_taken":["M","M","$","?","?","R","?","R","T","R","M","?","?","E","R","BOSS","M","?","?","M","M","R","E","R","T","M","M","?","$","M","R","BOSS","M","M","$","?","?","E","?","R","T","R","$","M","R","?","R","BOSS","R","$","E","BOSS"],"build_version":"2019-01-03v4","purchased_purges":1,"victory":false,"max_hp_per_floor":[80,80,80,80,80,80,74,74,74,74,74,79,79,79,79,79,79,79,79,79,79,79,79,79,79,79,79,79,79,79,79,79,79,79,79,79,79,79,79,79,79,79,79,79,79,79,79,79,79,79,79,79,79,79,79],"card_choices":[{"not_picked":["Carnage","Anger"],"picked":"Disarm","floor":1},{"not_picked":["Twin Strike","Anger"],"picked":"True Grit","floor":2},{"not_picked":["Clash","Seeing Red"],"picked":"Ghostly Armor","floor":11},{"not_picked":["Anger","Disarm"],"picked":"Armaments","floor":14},{"not_picked":["Demon Form","Double Tap"],"picked":"Limit Break","floor":16},{"not_picked":["Perfected Strike","Hemokinesis"],"picked":"Anger","floor":18},{"not_picked":["Sword Boomerang","Heavy Blade+1"],"picked":"Twin Strike+1","floor":19},{"not_picked":["Infernal Blade","Disarm+1"],"picked":"Flame Barrier","floor":21},{"not_picked":["Cleave+1","Rampage+1"],"picked":"Spot Weakness+1","floor":22},{"not_picked":["Clash","Havoc"],"picked":"Offering","floor":24},{"not_picked":["Rupture+1","Shrug It Off"],"picked":"Metallicize","floor":27},{"not_picked":["Burning Pact+1","Sword Boomerang"],"picked":"Flame Barrier","floor":28},{"not_picked":["Cleave","Anger+1","True Grit"],"picked":"SKIP","floor":31},{"not_picked":["Exhume","Berserk"],"picked":"Demon Form","floor":33},{"not_picked":["Wild Strike+1","True Grit","Flex+1"],"picked":"SKIP","floor":35},{"not_picked":["Thunderclap","Pommel Strike"],"picked":"Burning Pact+1","floor":36},{"not_picked":["Anger+1","Clash+1"],"picked":"Shockwave","floor":40},{"not_picked":["Flex+1","Sword Boomerang+1"],"picked":"Feed","floor":46},{"not_picked":["Finesse","Deep Breath"],"picked":"Apotheosis","floor":48},{"not_picked":["Pummel","Thunderclap","Perfected Strike"],"picked":"SKIP","floor":54}],"player_experience":1182995,"relics_obtained":[{"floor":9,"key":"MawBank"},{"floor":14,"key":"Whetstone"},{"floor":19,"key":"Red Mask"},{"floor":24,"key":"Mercury Hourglass"},{"floor":26,"key":"Red Skull"},{"floor":29,"key":"Art of War"},{"floor":40,"key":"Gremlin Horn"},{"floor":54,"key":"Bird Faced Urn"}],"event_choices":[{"damage_healed":0,"gold_gain":75,"player_choice":"Gather Gold","damage_taken":11,"max_hp_gain":0,"max_hp_loss":0,"event_name":"World of Goop","floor":4,"gold_loss":0},{"damage_healed":0,"gold_gain":0,"player_choice":"Entered Light","damage_taken":16,"max_hp_gain":0,"max_hp_loss":0,"event_name":"Shining Light","floor":5,"gold_loss":0,"cards_upgraded":["Defend_R","Strike_R"]},{"damage_healed":0,"gold_gain":0,"player_choice":"Lose Max HP","damage_taken":0,"relics_obtained":["Golden Idol"],"max_hp_gain":0,"max_hp_loss":6,"event_name":"Golden Idol","floor":7,"gold_loss":0},{"damage_healed":0,"gold_gain":0,"player_choice":"Donut","damage_taken":0,"max_hp_gain":5,"max_hp_loss":0,"event_name":"Big Fish","floor":12,"gold_loss":0},{"damage_healed":0,"gold_gain":0,"player_choice":"Fought Bandits","damage_taken":0,"max_hp_gain":0,"max_hp_loss":0,"event_name":"Masked Bandits","floor":19,"gold_loss":0},{"damage_healed":26,"gold_gain":0,"player_choice":"Heal","damage_taken":0,"max_hp_gain":0,"max_hp_loss":0,"event_name":"The Library","floor":20,"gold_loss":0},{"damage_healed":0,"gold_gain":222,"player_choice":"Wore Mask","damage_taken":0,"max_hp_gain":0,"max_hp_loss":0,"event_name":"Tomb of Lord Red Mask","floor":38,"gold_loss":0},{"damage_healed":0,"gold_gain":0,"player_choice":"Ignored","damage_taken":0,"max_hp_gain":0,"max_hp_loss":0,"event_name":"Mysterious Sphere","floor":39,"gold_loss":0},{"cards_removed":["Ghostly Armor"],"damage_healed":0,"gold_gain":0,"player_choice":"Took Card","damage_taken":0,"max_hp_gain":0,"max_hp_loss":0,"event_name":"NoteForYourself","floor":41,"gold_loss":0,"cards_obtained":["Strike_G"]},{"damage_healed":0,"gold_gain":0,"player_choice":"Memory 1","damage_taken":0,"max_hp_gain":0,"max_hp_loss":0,"event_name":"SensoryStone","floor":48,"gold_loss":0}],"is_beta":true,"boss_relics":[{"not_picked":["Runic Pyramid","Philosopher\u0027s Stone"],"picked":"Sozu"},{"not_picked":["Empty Cage","Orrery"],"picked":"Astrolabe"}],"items_purged_floors":[30],"is_endless":false,"potions_floor_spawned":[1,14,16,18,19,22,36,40],"killed_by":"The Heart","ascension_level":1}