{"gold_per_floor":[117,127,48,58,35,35,68,68,94,124,137,137,102,120,120,191,191,201,6,6,6,6,6,26,26,26,26,36,36,36,69,69,147,147,158,158,46,46,93,93,121,121,166,166,185,200,0,0,0,0],"floor_reached":51,"playtime":1583,"items_purged":[],"score":1168,"play_id":"1a480321-afdd-4797-8672-f7a1d627ddb1","local_time":"20181219012533","is_ascension_mode":true,"campfire_choices":[{"data":"Rampage","floor":6,"key":"SMITH"},{"data":"Spot Weakness","floor":8,"key":"SMITH"},{"floor":15,"key":"REST"},{"floor":25,"key":"REST"},{"floor":27,"key":"REST"},{"data":"Fiend Fire","floor":30,"key":"SMITH"},{"floor":32,"key":"REST"},{"floor":40,"key":"REST"},{"floor":42,"key":"REST"},{"floor":44,"key":"RECALL"},{"floor":49,"key":"REST"}],"neow_cost":"NONE","seed_source_timestamp":306950041161628,"circlet_count":0,"master_deck":["AscendersBane","Strike_R","Strike_R","Strike_R","Defend_R","Defend_R","Defend_R","Defend_R","Bash","Trip","Rampage+1","Havoc","Spot Weakness+1","Sword Boomerang","Battle Trance","Havoc","Fiend Fire+1","Warcry","Exhume","Shrug It Off","Shame","Bludgeon+1","Wild Strike+1","Wild Strike+1","Dagger Spray+1","Sword Boomerang+1","Immolate+1","Sword Boomerang+1","Madness","Madness","Feel No Pain","Sentinel","Discovery","Heavy Blade+1","PiercingWail+1","Dual Wield+1","Dramatic Entrance+1"],"relics":["Burning Blood","Vajra","Lantern","Charon\u0027s Ashes","Runic Pyramid","PrismaticShard","Molten Egg 2","Enchiridion","Sundial","Bag of Marbles","Velvet Choker","Champion Belt","Blood Vial","Red Mask"],"potions_floor_usage":[7,10,29,29,45,50,50],"damage_taken":[{"damage":10,"enemies":"Small Slimes","floor":1,"turns":4},{"damage":9,"enemies":"Jaw Worm","floor":2,"turns":5},{"damage":8,"enemies":"2 Louse","floor":4,"turns":2},{"damage":15,"enemies":"3 Sentries","floor":7,"turns":6},{"damage":20,"enemies":"Gremlin Nob","floor":10,"turns":4},{"damage":16,"enemies":"Exordium Thugs","floor":11,"turns":3},{"damage":14,"enemies":"3 Louse","floor":14,"turns":3},{"damage":46,"enemies":"Hexaghost","floor":16,"turns":6},{"damage":7,"enemies":"Chosen","floor":18,"turns":4},{"damage":13,"enemies":"Shell Parasite","floor":24,"turns":3},{"damage":20,"enemies":"Centurion and Healer","floor":28,"turns":5},{"damage":25,"enemies":"Book of Stabbing","floor":31,"turns":3},{"damage":44,"enemies":"Champ","floor":33,"turns":6},{"damage":11,"enemies":"Orb Walker","floor":35,"turns":2},{"damage":32,"enemies":"2 Orb Walkers","floor":39,"turns":3},{"damage":24,"enemies":"Reptomancer","floor":41,"turns":5},{"damage":13,"enemies":"3 Darklings","floor":45,"turns":3},{"damage":30,"enemies":"Writhing Mass","floor":46,"turns":3},{"damage":46,"enemies":"Donu and Deca","floor":50,"turns":8}],"seed_played":"9148637084174774482","potions_obtained":[{"floor":1,"key":"Block Potion"},{"floor":2,"key":"AttackPotion"},{"floor":10,"key":"Ancient Potion"},{"floor":14,"key":"FearPotion"},{"floor":24,"key":"Explosive Potion"},{"floor":29,"key":"Fruit Juice"},{"floor":29,"key":"Fruit Juice"},{"floor":29,"key":"Ancient Potion"},{"floor":41,"key":"Fire Potion"},{"floor":45,"key":"PowerPotion"}],"is_trial":false,"path_per_floor":["M","M","$","M","$","R","E","R","T","E","M","?","?","M","R","B",null,"M","$","?","?","?","?","M","R","T","R","M","?","R","E","R","B",null,"M","?","$","?","?","R","E","R","T","R","M","M","?","$","R","B",null],"character_chosen":"IRONCLAD","items_purchased":["Spot Weakness","Sword Boomerang","PrismaticShard","Feel No Pain","Sentinel"],"campfire_rested":7,"item_purchase_floors":[3,5,19,37,37],"current_hp_per_floor":[68,65,65,63,63,63,54,54,54,40,30,35,56,48,73,33,72,71,71,55,55,39,39,32,59,59,86,72,82,82,63,93,55,89,84,71,71,71,45,75,57,87,87,87,82,60,60,60,90,52],"gold":0,"neow_bonus":"RANDOM_COLORLESS","is_prod":false,"is_daily":false,"chose_seed":false,"campfire_upgraded":3,"win_rate":0,"timestamp":1545200733,"path_taken":["M","M","$","M","$","R","E","R","T","E","M","?","?","M","R","BOSS","M","$","?","?","?","?","M","R","T","R","M","?","R","E","R","BOSS","M","?","$","?","?","R","E","R","T","R","M","?","?","$","R","BOSS"],"build_version":"2018-12-17","purchased_purges":0,"victory":true,"max_hp_per_floor":[80,80,80,80,80,80,80,80,80,80,80,85,85,85,85,85,85,85,85,90,90,90,90,90,90,90,90,90,100,100,100,100,100,100,100,100,100,100,100,100,100,100,100,100,100,100,100,100,100,100],"card_choices":[{"not_picked":["Flex","Sever Soul"],"picked":"Rampage","floor":1},{"not_picked":["Flex","Cleave"],"picked":"Havoc","floor":2},{"not_picked":["Cleave","Carnage","Infernal Blade"],"picked":"SKIP","floor":4},{"not_picked":["Combust","Seeing Red"],"picked":"Battle Trance","floor":7},{"not_picked":["Flex","Searing Blow"],"picked":"Havoc","floor":10},{"not_picked":["Pommel Strike","Warcry"],"picked":"Fiend Fire","floor":11},{"not_picked":["Bloodletting","Wild Strike"],"picked":"Warcry","floor":14},{"not_picked":["Juggernaut","Berserk"],"picked":"Exhume","floor":16},{"not_picked":["Cleave","Clash"],"picked":"Shrug It Off","floor":18},{"not_picked":["Bloodletting","Poisoned Stab+1"],"picked":"Wild Strike+1","floor":24},{"not_picked":["Leap","Barrage+1"],"picked":"Dagger Spray+1","floor":28},{"not_picked":["Poisoned Stab+1","Outmaneuver"],"picked":"Sword Boomerang+1","floor":31},{"not_picked":["Amplify","Brutality"],"picked":"Immolate+1","floor":33},{"not_picked":["Havoc+1","Finesse"],"picked":"Sword Boomerang+1","floor":35},{"not_picked":["Transmutation","Dark Shackles"],"picked":"Discovery","floor":38},{"not_picked":["Tactician","Beam Cell+1"],"picked":"Heavy Blade+1","floor":39},{"not_picked":["Beam Cell+1","Ghostly Armor"],"picked":"PiercingWail+1","floor":41},{"not_picked":["Expertise","Dodge and Roll"],"picked":"Dual Wield+1","floor":45},{"not_picked":["Dagger Spray+1","Clothesline+1"],"picked":"Dramatic Entrance+1","floor":46}],"player_experience":1021571,"relics_obtained":[{"floor":7,"key":"Vajra"},{"floor":9,"key":"Lantern"},{"floor":10,"key":"Charon\u0027s Ashes"},{"floor":22,"key":"Enchiridion"},{"floor":26,"key":"Sundial"},{"floor":31,"key":"Bag of Marbles"},{"floor":39,"key":"Champion Belt"},{"floor":41,"key":"Blood Vial"}],"event_choices":[{"damage_healed":0,"gold_gain":0,"player_choice":"Donut","damage_taken":0,"max_hp_gain":5,"max_hp_loss":0,"event_name":"Big Fish","floor":12,"gold_loss":0},{"damage_healed":21,"gold_gain":0,"player_choice":"Healed","damage_taken":0,"max_hp_gain":0,"max_hp_loss":0,"event_name":"The Cleric","floor":13,"gold_loss":35},{"damage_healed":0,"gold_gain":0,"player_choice":"Shed Blood","damage_taken":21,"max_hp_gain":5,"max_hp_loss":0,"event_name":"Forgotten Altar","floor":20,"gold_loss":0},{"damage_healed":0,"gold_gain":0,"player_choice":"Stole Relic","damage_taken":0,"relics_obtained":["Molten Egg 2"],"max_hp_gain":0,"max_hp_loss":0,"event_name":"Addict","floor":21,"gold_loss":0,"cards_obtained":["Shame"]},{"damage_healed":0,"gold_gain":0,"player_choice":"Obtained Book","damage_taken":16,"max_hp_gain":0,"max_hp_loss":0,"event_name":"Cursed Tome","floor":22,"gold_loss":0},{"damage_healed":0,"gold_gain":0,"cards_transformed":["Strike_R","Strike_R"],"player_choice":"Became Test Subject","damage_taken":0,"max_hp_gain":0,"max_hp_loss":0,"event_name":"Drug Dealer","floor":23,"gold_loss":0,"cards_obtained":["Bludgeon","Wild Strike"]},{"damage_healed":0,"gold_gain":0,"player_choice":"Got Potions","damage_taken":0,"max_hp_gain":0,"max_hp_loss":0,"event_name":"Lab","floor":29,"gold_loss":0},{"damage_healed":0,"gold_gain":0,"player_choice":"Embrace Madness","damage_taken":13,"max_hp_gain":0,"max_hp_loss":0,"event_name":"Winding Halls","floor":36,"gold_loss":0,"cards_obtained":["Madness","Madness"]},{"damage_healed":0,"gold_gain":0,"player_choice":"Memory 1","damage_taken":0,"max_hp_gain":0,"max_hp_loss":0,"event_name":"SensoryStone","floor":38,"gold_loss":0},{"damage_healed":0,"gold_gain":0,"player_choice":"Fight","damage_taken":0,"max_hp_gain":0,"max_hp_loss":0,"event_name":"Mysterious Sphere","floor":39,"gold_loss":0},{"damage_healed":0,"gold_gain":0,"player_choice":"Paid","damage_taken":0,"relics_obtained":["Red Mask"],"max_hp_gain":0,"max_hp_loss":0,"event_name":"Tomb of Lord Red Mask","floor":47,"gold_loss":200}],"is_beta":true,"boss_relics":[{"not_picked":["Philosopher\u0027s Stone","Empty Cage"],"picked":"Runic Pyramid"},{"not_picked":["Eternal Feather","Black Star"],"picked":"Velvet Choker"}],"items_purged_floors":[],"is_endless":false,"potions_floor_spawned":[1,2,10,14,18,24,33,41,45,46],"ascension_level":13}