{"gold_per_floor":[118,118,118,65,140,140,181,205,205,205,226,226,226,226,226,347,347,362,362,378,34,58,58,94,94,121,139,139,180,205,221,221,340,340,358,338,353,367,143,143,105,105,105,136,199,212,212,212,212,212,212,212,131,162,162],"floor_reached":55,"playtime":2702,"items_purged":["Strike_B"],"score":774,"play_id":"343cfd79-c580-4398-b8fe-8f875bb9eb04","local_time":"20190119223556","is_ascension_mode":true,"campfire_choices":[{"floor":6,"key":"REST"},{"floor":10,"key":"REST"},{"floor":13,"key":"DIG"},{"floor":15,"key":"DIG"},{"floor":23,"key":"DIG"},{"floor":25,"key":"REST"},{"floor":32,"key":"REST"},{"floor":40,"key":"DIG"},{"floor":42,"key":"DIG"},{"floor":47,"key":"REST"},{"floor":49,"key":"RECALL"},{"floor":52,"key":"DIG"}],"neow_cost":"TEN_PERCENT_HP_LOSS","seed_source_timestamp":875795683944811,"circlet_count":0,"master_deck":["Defend_B+1","Defend_B+1","Zap+1","Dualcast+1","Gash","Conserve Battery","Rebound","Barrage","Glacier","Electrodynamics","Hologram","Coolheaded","Ball Lightning","Machine Learning","Sunder","Auto Shields","Barrage","Coolheaded+1","Defragment","Go for the Eyes","Glacier","Aggregate+1","Biased Cognition","Fission+1","Meteor Strike+1","Skim+1","Conserve Battery+1","Hologram+1","Defragment","Static Discharge","Gash+1","Compile Driver","Defragment+1","Storm","Hologram","Undo+1"],"relics":["Cracked Core","Golden Idol","Question Card","Shovel","DataDisk","Happy Flower","Fusion Hammer","Juzu Bracelet","Anchor","Pen Nib","Ancient Tea Set","Astrolabe","Bag of Preparation","Regal Pillow","Mercury Hourglass","Turnip","Emotion Chip","Shuriken","Oddly Smooth Stone"],"potions_floor_usage":[24,33,33,37,44,50,55,55],"damage_taken":[{"damage":6,"enemies":"Jaw Worm","floor":1,"turns":4},{"damage":28,"enemies":"Lagavulin","floor":7,"turns":8},{"damage":0,"enemies":"2 Louse","floor":8,"turns":2},{"damage":0,"enemies":"Small Slimes","floor":11,"turns":2},{"damage":30,"enemies":"Hexaghost","floor":16,"turns":15},{"damage":0,"enemies":"3 Byrds","floor":18,"turns":3},{"damage":6,"enemies":"Shell Parasite","floor":20,"turns":7},{"damage":8,"enemies":"Snake Plant","floor":22,"turns":4},{"damage":15,"enemies":"Gremlin Leader","floor":24,"turns":6},{"damage":0,"enemies":"3 Cultists","floor":27,"turns":3},{"damage":4,"enemies":"Slavers","floor":29,"turns":4},{"damage":3,"enemies":"Centurion and Healer","floor":30,"turns":7},{"damage":0,"enemies":"Shelled Parasite and Fungi","floor":31,"turns":6},{"damage":38,"enemies":"Champ","floor":33,"turns":18},{"damage":1,"enemies":"Orb Walker","floor":35,"turns":4},{"damage":12,"enemies":"3 Darklings","floor":37,"turns":6},{"damage":0,"enemies":"Sphere and 2 Shapes","floor":38,"turns":3},{"damage":6,"enemies":"Giant Head","floor":44,"turns":10},{"damage":0,"enemies":"2 Orb Walkers","floor":45,"turns":3},{"damage":0,"enemies":"Jaw Worm Horde","floor":46,"turns":2},{"damage":27,"enemies":"Donu and Deca","floor":50,"turns":10},{"damage":31,"enemies":"Shield and Spear","floor":54,"turns":5},{"damage":50,"enemies":"The Heart","floor":55,"turns":6}],"seed_played":"297505613346757683","potions_obtained":[{"floor":1,"key":"Dexterity Potion"},{"floor":20,"key":"AttackPotion"},{"floor":27,"key":"LiquidBronze"},{"floor":29,"key":"SpeedPotion"},{"floor":33,"key":"AttackPotion"},{"floor":36,"key":"Swift Potion"},{"floor":37,"key":"Dexterity Potion"},{"floor":44,"key":"SpeedPotion"},{"floor":54,"key":"Regen Potion"}],"is_trial":false,"path_per_floor":["M","?","?","$","?","R","E","M","T","R","M","?","R","?","R","B",null,"M","?","M","$","M","R","E","R","T","M","?","E","M","M","R","B",null,"M","?","M","M","$","R","$","R","T","E","?","M","R","?","R","B",null,"R","$","E","B"],"character_chosen":"DEFECT","items_purchased":["Conserve Battery","Machine Learning","Sunder","Auto Shields","Barrage","Bag of Preparation","Defragment","Static Discharge","Storm","Hologram"],"campfire_rested":5,"item_purchase_floors":[4,21,21,21,21,39,39,41,53,53],"current_hp_per_floor":[62,48,48,48,37,55,27,27,27,45,45,45,45,45,45,15,63,63,63,57,57,49,49,34,52,52,52,52,48,45,45,63,25,63,62,62,50,50,50,50,50,50,50,44,44,44,63,63,63,36,63,63,63,32,0],"gold":162,"neow_bonus":"REMOVE_TWO","is_prod":false,"is_daily":false,"chose_seed":false,"campfire_upgraded":0,"win_rate":0,"timestamp":1547955356,"path_taken":["M","?","?","$","?","R","E","M","T","R","M","?","R","?","R","BOSS","M","?","M","$","M","R","E","R","T","M","?","E","M","M","R","BOSS","M","?","M","M","?","R","$","R","T","E","?","M","R","?","R","BOSS","R","$","E","BOSS"],"build_version":"2019-01-17","purchased_purges":1,"victory":false,"max_hp_per_floor":[68,68,63,63,63,63,63,63,63,63,63,63,63,63,63,63,63,63,63,63,63,63,63,63,63,63,63,63,63,63,63,63,63,63,63,63,63,63,63,63,63,63,63,63,63,63,63,63,63,63,63,63,63,63,63],"card_choices":[{"not_picked":["Storm","Tempest"],"picked":"Gash","floor":1},{"not_picked":["Sweeping Beam","Leap"],"picked":"Rebound","floor":7},{"not_picked":["Redo","Steam","Aggregate"],"picked":"Barrage","floor":8},{"not_picked":["Cold Snap","Steam","Stack"],"picked":"Glacier","floor":11},{"not_picked":["Hyperbeam","Reboot","Thunder Strike"],"picked":"Electrodynamics","floor":16},{"not_picked":["Sweeping Beam","White Noise+1","Steam"],"picked":"Hologram","floor":18},{"not_picked":["Steam","Streamline+1","Beam Cell"],"picked":"Ball Lightning","floor":20},{"not_picked":["Double Energy","Loop","Tempest+1"],"picked":"Coolheaded+1","floor":22},{"not_picked":["Beam Cell","Cold Snap","Streamline"],"picked":"Defragment","floor":24},{"not_picked":["Beam Cell","Turbo","Ball Lightning"],"picked":"Go for the Eyes","floor":27},{"not_picked":["Chaos","Beam Cell","FTL","Rip and Tear"],"picked":"SKIP","floor":29},{"not_picked":["Double Energy","Turbo","Reprogram+1"],"picked":"Glacier","floor":30},{"not_picked":["Conserve Battery","Ball Lightning","Multi-Cast"],"picked":"Aggregate+1","floor":31},{"not_picked":["Creative AI","Amplify","Machine Learning"],"picked":"Biased Cognition","floor":33},{"not_picked":["Redo","Chill","Auto Shields"],"picked":"Conserve Battery+1","floor":35},{"not_picked":["Cold Snap+1","Sweeping Beam","Aggregate"],"picked":"Hologram+1","floor":37},{"not_picked":["Stack","Machine Learning","Leap","Aggregate+1"],"picked":"SKIP","floor":38},{"not_picked":["Rip and Tear","Go for the Eyes+1","Beam Cell+1"],"picked":"Gash+1","floor":44},{"not_picked":["Barrage","Cold Snap","Stack+1"],"picked":"Compile Driver","floor":45},{"not_picked":["Rebound+1","Coolheaded+1","Compile Driver+1"],"picked":"Defragment+1","floor":46},{"not_picked":["Cold Snap","Gash+1","Streamline+1"],"picked":"Undo+1","floor":54}],"player_experience":1282423,"relics_obtained":[{"floor":7,"key":"Question Card"},{"floor":9,"key":"Shovel"},{"floor":13,"key":"DataDisk"},{"floor":15,"key":"Happy Flower"},{"floor":23,"key":"Juzu Bracelet"},{"floor":24,"key":"Anchor"},{"floor":26,"key":"Pen Nib"},{"floor":29,"key":"Ancient Tea Set"},{"floor":40,"key":"Regal Pillow"},{"floor":42,"key":"Mercury Hourglass"},{"floor":44,"key":"Turnip"},{"floor":45,"key":"Emotion Chip"},{"floor":52,"key":"Shuriken"},{"floor":54,"key":"Oddly Smooth Stone"}],"event_choices":[{"damage_healed":0,"gold_gain":0,"player_choice":"Entered Light","damage_taken":14,"max_hp_gain":0,"max_hp_loss":0,"event_name":"Shining Light","floor":2,"gold_loss":0,"cards_upgraded":["Dualcast","Defend_B"]},{"damage_healed":0,"gold_gain":0,"player_choice":"Lose Max HP","damage_taken":0,"relics_obtained":["Golden Idol"],"max_hp_gain":0,"max_hp_loss":5,"event_name":"Golden Idol","floor":3,"gold_loss":0},{"damage_healed":0,"gold_gain":75,"player_choice":"Gather Gold","damage_taken":11,"max_hp_gain":0,"max_hp_loss":0,"event_name":"World of Goop","floor":5,"gold_loss":0},{"damage_healed":0,"gold_gain":0,"player_choice":"Ignored","damage_taken":0,"max_hp_gain":0,"max_hp_loss":0,"event_name":"Liars Game","floor":12,"gold_loss":0},{"damage_healed":0,"gold_gain":0,"player_choice":"Grow","damage_taken":0,"max_hp_gain":0,"max_hp_loss":0,"event_name":"Living Wall","floor":14,"gold_loss":0,"cards_upgraded":["Zap"]},{"damage_healed":0,"gold_gain":0,"player_choice":"Read","damage_taken":0,"max_hp_gain":0,"max_hp_loss":0,"event_name":"The Library","floor":19,"gold_loss":0,"cards_obtained":["Coolheaded"]},{"damage_healed":0,"gold_gain":0,"player_choice":"Simplicity","damage_taken":0,"max_hp_gain":0,"max_hp_loss":0,"event_name":"Back to Basics","floor":28,"gold_loss":0,"cards_upgraded":["Strike_B","Defend_B","Defend_B","Defend_B"]},{"damage_healed":0,"gold_gain":0,"player_choice":"Bought 1 Potion","damage_taken":0,"max_hp_gain":0,"max_hp_loss":0,"event_name":"The Woman in Blue","floor":36,"gold_loss":0},{"damage_healed":0,"gold_gain":0,"player_choice":"Fight","damage_taken":0,"max_hp_gain":0,"max_hp_loss":0,"event_name":"Mysterious Sphere","floor":45,"gold_loss":0},{"damage_healed":0,"gold_gain":0,"player_choice":"Ignored","damage_taken":0,"max_hp_gain":0,"max_hp_loss":0,"event_name":"Tomb of Lord Red Mask","floor":48,"gold_loss":0}],"is_beta":true,"boss_relics":[{"not_picked":["Eternal Feather","White Beast Statue"],"picked":"Fusion Hammer"},{"not_picked":["Coffee Dripper","Pandora\u0027s Box"],"picked":"Astrolabe"}],"items_purged_floors":[21],"is_endless":false,"potions_floor_spawned":[1,20,27,29,31,33,37,44,46,54],"killed_by":"The Heart","ascension_level":2}