{"gold_per_floor":[112,126,141,141,153,186,186,216,216,230,155,155,11,341,341,417,417,417,332,332,5,5,5,5,5,5,5,5,5,5,5,5,5,5,5,5,5,5,5,5,5,5,5,5,5,0,0,0,0,0],"floor_reached":50,"playtime":4207,"items_purged":["Strike_B"],"score":1219,"play_id":"6c2152c4-4d66-4c11-91e5-85f75edce420","local_time":"20190106211705","is_ascension_mode":true,"campfire_choices":[{"data":"Zap","floor":7.0,"key":"SMITH"},{"floor":12.0,"key":"REST"},{"data":"Leap","floor":15.0,"key":"SMITH"},{"data":"Hologram","floor":23.0,"key":"SMITH"},{"data":"Consume","floor":29.0,"key":"SMITH"},{"data":"Static Discharge","floor":32.0,"key":"SMITH"},{"floor":40.0,"key":"REST"},{"data":"Defragment","floor":47.0,"key":"SMITH"},{"data":"Go for the Eyes","floor":49.0,"key":"SMITH"}],"neow_cost":"TEN_PERCENT_HP_LOSS","seed_source_timestamp":189579678906192,"circlet_count":0,"master_deck":["AscendersBane","Strike_B","Strike_B","Defend_B","Defend_B","Defend_B","Defend_B","Zap+1","Dualcast","Gash","Ball Lightning","All For One","Cold Snap","Gash","Leap+1","Electrodynamics","Leap","Gash","Electrodynamics","Chill","Hologram+1","All For One","Static Discharge+1","Stack","Self Repair","Undo","Coolheaded","Consume+1","Biased Cognition","Undo","Machine Learning","Go for the Eyes+1","Loop","Core Surge","Defragment+1","Loop+1","Turbo","Reinforced Body","Loop"],"special_seed":0,"relics":["Cracked Core","Emotion Chip","Centennial Puzzle","Kunai","WingedGreaves","Bird Faced Urn","Old Coin","Ectoplasm","Bag of Preparation","MawBank","Anchor","Pantograph","The Courier","Nuclear Battery","Bottled Flame","Symbiotic Virus","Red Mask"],"potions_floor_usage":[],"damage_taken":[{"damage":1.0,"enemies":"Cultist","floor":1.0,"turns":3.0},{"damage":0.0,"enemies":"2 Louse","floor":2.0,"turns":2.0},{"damage":0.0,"enemies":"Small Slimes","floor":3.0,"turns":2.0},{"damage":8.0,"enemies":"Blue Slaver","floor":5.0,"turns":3.0},{"damage":8.0,"enemies":"Gremlin Nob","floor":6.0,"turns":3.0},{"damage":24.0,"enemies":"Lagavulin","floor":8.0,"turns":4.0},{"damage":0.0,"enemies":"Red Slaver","floor":10.0,"turns":3.0},{"damage":8.0,"enemies":"Gremlin Nob","floor":14.0,"turns":3.0},{"damage":9.0,"enemies":"Hexaghost","floor":16.0,"turns":8.0},{"damage":1.0,"enemies":"3 Byrds","floor":18.0,"turns":2.0},{"damage":10.0,"enemies":"Chosen","floor":20.0,"turns":3.0},{"damage":0.0,"enemies":"Gremlin Leader","floor":24.0,"turns":4.0},{"damage":5.0,"enemies":"Snecko","floor":25.0,"turns":5.0},{"damage":9.0,"enemies":"Book of Stabbing","floor":27.0,"turns":4.0},{"damage":5.0,"enemies":"Gremlin Leader","floor":28.0,"turns":5.0},{"damage":4.0,"enemies":"Slavers","floor":30.0,"turns":4.0},{"damage":6.0,"enemies":"Sentry and Sphere","floor":31.0,"turns":4.0},{"damage":64.0,"enemies":"Collector","floor":33.0,"turns":8.0},{"damage":0.0,"enemies":"3 Shapes","floor":35.0,"turns":4.0},{"damage":14.0,"enemies":"Orb Walker","floor":36.0,"turns":4.0},{"damage":35.0,"enemies":"Transient","floor":38.0,"turns":6.0},{"damage":32.0,"enemies":"Sphere and 2 Shapes","floor":39.0,"turns":4.0},{"damage":19.0,"enemies":"Spire Growth","floor":42.0,"turns":5.0},{"damage":19.0,"enemies":"Reptomancer","floor":44.0,"turns":6.0},{"damage":13.0,"enemies":"3 Darklings","floor":45.0,"turns":3.0},{"damage":0.0,"enemies":"Sphere and 2 Shapes","floor":48.0,"turns":5.0},{"damage":97,"enemies":"Time Eater","floor":50,"turns":28}],"seed_played":"3851898012158487719","potions_obtained":[{"floor":1.0,"key":"Dexterity Potion"},{"floor":5.0,"key":"Block Potion"},{"floor":10.0,"key":"LiquidBronze"},{"floor":14.0,"key":"SteroidPotion"},{"floor":25.0,"key":"EntropicBrew"},{"floor":30.0,"key":"SteroidPotion"},{"floor":31.0,"key":"LiquidBronze"},{"floor":35.0,"key":"Dexterity Potion"}],"is_trial":false,"path_per_floor":["M","M","M","?","M","E","R","E","T","M","?","R","$","E","R","B",null,"M","?","M","$","?","R","E","M","T","E","E","R","E","M","R","B",null,"M","M","?","M","M","R","?","M","T","E","M","?","R","M","R","B"],"character_chosen":"DEFECT","items_purchased":["Electrodynamics","Leap","All For One","Static Discharge","Stack"],"campfire_rested":2,"item_purchase_floors":[13,13,21,21,21],"current_hp_per_floor":[63,63,63,52,44,36,36,12,12,12,12,31,31,25,25,18,53,56,56,48,48,48,48,50,60,60,55,63,63,63,58,58,11,51,64,61,61,30,13,32,32,36,36,42,37,37,37,51,51,0],"gold":0,"neow_bonus":"ONE_RARE_RELIC","is_prod":false,"is_daily":false,"chose_seed":false,"campfire_upgraded":7,"win_rate":0,"timestamp":1546838225,"path_taken":["M","M","M","?","M","E","R","E","T","M","?","R","$","E","R","BOSS","M","?","M","$","?","R","E","M","T","E","E","R","E","M","R","BOSS","M","M","?","M","M","R","?","?","T","E","?","?","R","M","R","BOSS"],"build_version":"2019-01-03v4","purchased_purges":1,"victory":false,"max_hp_per_floor":[64,64,64,64,64,64,64,64,64,64,64,64,64,64,64,64,64,64,64,64,64,64,64,64,64,64,64,64,64,64,64,64,64,64,64,64,64,64,64,64,64,64,64,64,64,64,64,64,64,64],"card_choices":[{"not_picked":["Melter","Fusion"],"picked":"Gash","floor":1.0},{"not_picked":["FTL","BootSequence"],"picked":"Ball Lightning","floor":2.0},{"not_picked":["Beam Cell","Streamline"],"picked":"Ball Lightning","floor":3.0},{"not_picked":["Coolheaded","Rip and Tear"],"picked":"All For One","floor":5.0},{"not_picked":["Chaos","Streamline"],"picked":"Cold Snap","floor":6.0},{"not_picked":["Reprogram","Lockon"],"picked":"Gash","floor":8.0},{"not_picked":["Stack","Ball Lightning"],"picked":"Leap","floor":10.0},{"not_picked":["Machine Learning","Genetic Algorithm"],"picked":"Gash","floor":14.0},{"not_picked":["Fission","Hyperbeam"],"picked":"Electrodynamics","floor":16.0},{"not_picked":["Beam Cell","Ball Lightning"],"picked":"Chill","floor":18.0},{"not_picked":["Compile Driver","Redo"],"picked":"Hologram","floor":20.0},{"not_picked":["Stack","Leap"],"picked":"Self Repair","floor":24.0},{"not_picked":["Rebound","Streamline"],"picked":"Undo","floor":25.0},{"not_picked":["Turbo","Melter"],"picked":"Coolheaded","floor":27.0},{"not_picked":["Sweeping Beam+1","Double Energy"],"picked":"Consume","floor":28.0},{"not_picked":["Rebound","Glacier"],"picked":"Biased Cognition","floor":30.0},{"not_picked":["Blizzard","Redo"],"picked":"Undo","floor":31.0},{"not_picked":["Buffer","Reboot"],"picked":"Machine Learning","floor":33.0},{"not_picked":["Compile Driver","Beam Cell"],"picked":"Go for the Eyes","floor":35.0},{"not_picked":["Undo","Streamline"],"picked":"Loop","floor":36.0},{"not_picked":["Darkness","Leap"],"picked":"Core Surge","floor":38.0},{"not_picked":["White Noise","Sunder"],"picked":"Defragment","floor":39.0},{"not_picked":["Sweeping Beam","Reprogram"],"picked":"Loop+1","floor":42.0},{"not_picked":["Tempest","White Noise"],"picked":"Turbo","floor":44.0},{"not_picked":["Cold Snap+1","Self Repair"],"picked":"Reinforced Body","floor":45.0},{"not_picked":["Streamline","Beam Cell"],"picked":"Loop","floor":48.0}],"player_experience":1193508,"relics_obtained":[{"floor":6.0,"key":"Kunai"},{"floor":8.0,"key":"WingedGreaves"},{"floor":9.0,"key":"Bird Faced Urn"},{"floor":14.0,"key":"Old Coin"},{"floor":24.0,"key":"MawBank"},{"floor":27.0,"key":"Anchor"},{"floor":28.0,"key":"Pantograph"},{"floor":30.0,"key":"The Courier"},{"floor":43.0,"key":"Bottled Flame"},{"floor":44.0,"key":"Symbiotic Virus"}],"event_choices":[{"damage_healed":0.0,"max_hp_gain":0.0,"max_hp_loss":0.0,"gold_gain":0.0,"event_name":"Scrap Ooze","player_choice":"Success","floor":4.0,"gold_loss":0.0,"damage_taken":11.0,"relics_obtained":["Centennial Puzzle"]},{"cards_removed":["Strike_B"],"damage_healed":0.0,"max_hp_gain":0.0,"max_hp_loss":0.0,"gold_gain":0.0,"event_name":"The Cleric","player_choice":"Card Removal","floor":11.0,"gold_loss":75.0,"damage_taken":0.0},{"damage_healed":0.0,"max_hp_gain":0.0,"max_hp_loss":0.0,"gold_gain":0.0,"event_name":"Addict","player_choice":"Obtained Relic","floor":19.0,"gold_loss":85.0,"damage_taken":0.0,"relics_obtained":["Bag of Preparation"]},{"damage_healed":0.0,"max_hp_gain":0.0,"max_hp_loss":0.0,"gold_gain":50.0,"event_name":"Nest","player_choice":"Stole From Cult","floor":22.0,"gold_loss":0.0,"damage_taken":0.0},{"cards_removed":["Ball Lightning"],"damage_healed":0.0,"max_hp_gain":0.0,"max_hp_loss":0.0,"gold_gain":0.0,"event_name":"Falling","player_choice":"Removed Attack","floor":37.0,"gold_loss":0.0,"damage_taken":0.0},{"damage_healed":0.0,"max_hp_gain":0.0,"max_hp_loss":0.0,"gold_gain":0.0,"event_name":"FaceTrader","player_choice":"Leave","floor":41.0,"gold_loss":0.0,"damage_taken":0.0},{"damage_healed":0.0,"max_hp_gain":0.0,"max_hp_loss":0.0,"gold_gain":0.0,"event_name":"Tomb of Lord Red Mask","player_choice":"Paid","floor":46.0,"gold_loss":5.0,"damage_taken":0.0,"relics_obtained":["Red Mask"]}],"is_beta":true,"boss_relics":[{"not_picked":["Orrery","Snecko Eye"],"picked":"Ectoplasm"},{"not_picked":["Fusion Hammer","Velvet Choker"],"picked":"Nuclear Battery"}],"items_purged_floors":[21],"is_endless":false,"potions_floor_spawned":[1,5,10,14,24,25,30,31,35,38],"killed_by":"Time Eater","ascension_level":20}