{"gold_per_floor":[115,190,190,206,263,293,293,310,310,310,337,361,380,400,400,500,500,517,517,535,547,11,11,46,57,57,147,147,30,49,66,66,66],"floor_reached":33,"playtime":1802,"items_purged":[],"score":408,"play_id":"8a86f2a8-9f1d-4218-a98b-a69b74e4708e","local_time":"20190120125037","is_ascension_mode":true,"campfire_choices":[{"data":"Neutralize","floor":7,"key":"SMITH"},{"floor":10,"key":"REST"},{"floor":15,"key":"REST"},{"data":"Blind","floor":23,"key":"SMITH"},{"floor":28,"key":"REST"},{"floor":32,"key":"REST"}],"neow_cost":"TEN_PERCENT_HP_LOSS","seed_source_timestamp":927997330693084,"circlet_count":0,"master_deck":["Defend_G+1","Defend_G","Defend_G+1","Defend_G","Defend_G","Strike_G","Strike_G","Survivor","Neutralize+1","Dagger Spray","Unload","Dagger Spray","Heel Hook","Footwork","Deflect","PiercingWail","Adrenaline","Flying Knee+1","Underhanded Strike+1","Escape Plan+1","Crippling Poison","Cloak And Dagger","Backflip","Footwork","Blind+1","Masterful Stab","Acrobatics","Footwork","Escape Plan","Backflip","Leg Sweep","Dodge and Roll"],"relics":["Ring of the Snake","FossilizedHelix","Paper Crane","Bottled Flame","Matryoshka","Vajra","Art of War","Astrolabe","MutagenicStrength","Letter Opener","Potion Belt","Orichalcum","Dream Catcher","The Courier"],"potions_floor_usage":[6,14],"damage_taken":[{"damage":0,"enemies":"Jaw Worm","floor":1,"turns":5},{"damage":0,"enemies":"2 Louse","floor":4,"turns":3},{"damage":0,"enemies":"3 Sentries","floor":6,"turns":6},{"damage":0,"enemies":"Cultist","floor":8,"turns":3},{"damage":29,"enemies":"Lagavulin","floor":11,"turns":7},{"damage":0,"enemies":"2 Fungi Beasts","floor":13,"turns":2},{"damage":0,"enemies":"Gremlin Gang","floor":14,"turns":3},{"damage":28,"enemies":"The Guardian","floor":16,"turns":15},{"damage":11,"enemies":"Spheric Guardian","floor":18,"turns":4},{"damage":0,"enemies":"Chosen","floor":20,"turns":4},{"damage":0,"enemies":"Shelled Parasite and Fungi","floor":21,"turns":6},{"damage":4,"enemies":"Slavers","floor":24,"turns":6},{"damage":0,"enemies":"Snake Plant","floor":25,"turns":4},{"damage":0,"enemies":"3 Cultists","floor":30,"turns":5},{"damage":0,"enemies":"Shelled Parasite and Fungi","floor":31,"turns":6},{"damage":86,"enemies":"Champ","floor":33,"turns":24}],"seed_played":"-2380609482244576728","potions_obtained":[{"floor":1,"key":"Explosive Potion"},{"floor":13,"key":"Explosive Potion"},{"floor":14,"key":"Explosive Potion"},{"floor":16,"key":"Swift Potion"},{"floor":21,"key":"FairyPotion"}],"is_trial":false,"path_per_floor":["M","?","?","M","?","E","R","M","T","R","E","T","M","M","R","B",null,"M","?","M","M","$","R","E","M","T","?","R","$","M","M","R","B"],"character_chosen":"THE_SILENT","items_purchased":["Footwork","Blind","Letter Opener","Potion Belt","Footwork","Escape Plan"],"campfire_rested":4,"item_purchase_floors":[22,22,22,22,29,29],"current_hp_per_floor":[63,52,39,39,39,39,39,39,39,57,28,28,28,28,46,18,52,41,41,41,41,41,41,37,37,37,25,43,43,43,43,61,0],"gold":66,"neow_bonus":"ONE_RARE_RELIC","is_prod":false,"is_daily":false,"chose_seed":false,"campfire_upgraded":2,"win_rate":0,"timestamp":1548006637,"path_taken":["M","?","?","M","?","E","R","?","T","R","E","?","M","M","R","BOSS","M","?","M","M","$","R","E","M","T","?","R","$","?","M","R","BOSS"],"build_version":"2019-01-19","purchased_purges":0,"victory":false,"max_hp_per_floor":[63,63,63,63,63,63,63,63,63,63,63,63,63,63,63,63,63,63,63,63,63,63,63,63,63,63,63,63,63,63,63,63,63],"card_choices":[{"not_picked":["Poisoned Stab","Blur"],"picked":"Dagger Spray","floor":1},{"not_picked":["Flying Knee","Poisoned Stab"],"picked":"Unload","floor":4},{"not_picked":["Bane","Poisoned Stab"],"picked":"Dagger Spray","floor":6},{"not_picked":["Quick Slash","Deadly Poison"],"picked":"Heel Hook","floor":8},{"not_picked":["Deadly Poison","Quick Slash"],"picked":"Footwork","floor":11},{"not_picked":["Outmaneuver","Poisoned Stab"],"picked":"Deflect","floor":13},{"not_picked":["Slice","Setup"],"picked":"PiercingWail","floor":14},{"not_picked":["Storm of Steel","Grand Finale"],"picked":"Adrenaline","floor":16},{"not_picked":["PiercingWail","Accuracy"],"picked":"Crippling Poison","floor":18},{"not_picked":["Accuracy","Slice"],"picked":"Cloak And Dagger","floor":20},{"not_picked":["Endless Agony","Bane"],"picked":"Backflip","floor":21},{"not_picked":["Finisher","Blade Dance"],"picked":"Masterful Stab","floor":24},{"not_picked":["Bane","Outmaneuver"],"picked":"Acrobatics","floor":25},{"not_picked":["Dagger Throw","Blade Dance"],"picked":"Backflip","floor":30},{"not_picked":["Choke","Dodge and Roll"],"picked":"Leg Sweep","floor":31},{"not_picked":["Deadly Poison","Poisoned Stab"],"picked":"Dodge and Roll","floor":32}],"player_experience":1285125,"relics_obtained":[{"floor":6,"key":"Paper Crane"},{"floor":9,"key":"Bottled Flame"},{"floor":11,"key":"Matryoshka"},{"floor":12,"key":"Vajra"},{"floor":12,"key":"Art of War"},{"floor":24,"key":"Orichalcum"},{"floor":26,"key":"Dream Catcher"},{"floor":26,"key":"The Courier"}],"event_choices":[{"damage_healed":0,"gold_gain":75,"player_choice":"Gather Gold","damage_taken":11,"max_hp_gain":0,"max_hp_loss":0,"event_name":"World of Goop","floor":2,"gold_loss":0},{"damage_healed":0,"gold_gain":0,"player_choice":"Entered Light","damage_taken":13,"max_hp_gain":0,"max_hp_loss":0,"event_name":"Shining Light","floor":3,"gold_loss":0,"cards_upgraded":["Defend_G","Defend_G"]},{"damage_healed":0,"gold_gain":57,"player_choice":"Gained Gold","damage_taken":0,"max_hp_gain":0,"max_hp_loss":0,"event_name":"Golden Wing","floor":5,"gold_loss":0},{"damage_healed":0,"gold_gain":0,"player_choice":"Inject Mutagens","damage_taken":0,"relics_obtained":["MutagenicStrength"],"max_hp_gain":0,"max_hp_loss":0,"event_name":"Drug Dealer","floor":19,"gold_loss":0},{"damage_healed":0,"gold_gain":90,"player_choice":"GOLD ","damage_taken":12,"max_hp_gain":0,"max_hp_loss":0,"event_name":"Knowing Skull","floor":27,"potions_obtained":[],"gold_loss":0,"cards_obtained":[]}],"is_beta":true,"boss_relics":[{"not_picked":["WristBlade","Pandora\u0027s Box"],"picked":"Astrolabe"}],"items_purged_floors":[],"is_endless":false,"potions_floor_spawned":[1,13,14,16,21],"killed_by":"Champ","ascension_level":7}