{"path_per_floor":["M","M","?","M","?","M","$","R","T","E","?","M","E","$","R","B",null,"M","?","?","M","M","E","R","$","T","E","?","M","R","M","R","B",null,"M","$","M","$","?","E","M","E","T","R","M","R","M","?","R","B"],"character_chosen":"IRONCLAD","items_purchased":["Shrug It Off","Apotheosis","Bloodletting","Trip"],"gold_per_floor":[114,125,125,135,135,155,34,34,86,113,113,131,158,108,108,204,204,224,224,224,243,254,287,287,52,100,128,128,145,145,162,162,257,257,275,155,175,31,31,56,67,94,119,119,134,134,149,0,0,0],"floor_reached":51,"campfire_rested":3,"playtime":1543,"current_hp_per_floor":[76,80,80,80,80,70,70,70,70,76,81,85,64,64,64,46,85,77,77,61,67,63,65,65,65,65,41,41,43,43,45,70,48,85,85,85,83,83,83,41,20,19,19,44,43,43,18,18,43,11],"items_purged":["Defend_R","Strike_R","Strike_R","Defend_R","Strike_R"],"gold":0,"score":805,"play_id":"9eb69320-89be-4afd-99fe-8f23592b3599","local_time":"20180316223211","is_prod":false,"is_daily":false,"is_ascension_mode":false,"campfire_upgraded":5,"timestamp":1521253931,"path_taken":["M","M","?","?","?","M","?","R","T","E","?","M","E","$","R","BOSS","M","?","?","M","M","E","R","$","T","E","?","M","R","M","R","BOSS","M","$","M","$","?","E","M","E","T","R","M","R","M","?","R","BOSS"],"build_version":"2018-03-15v2","purchased_purges":5,"victory":true,"master_deck":["Strike_R+1","Defend_R","Defend_R","Bash+1","Armaments+1","Whirlwind+1","Inflame+1","Shrug It Off","Offering+1","Shrug It Off+1","Apotheosis+1","Seeing Red","Flex+1","Seeing Red+1","Bloodletting","Trip","Whirlwind","True Grit+1","Ghostly Armor+1","Whirlwind+1"],"max_hp_per_floor":[80,80,80,80,80,80,80,80,80,80,85,85,85,85,85,85,85,85,85,85,85,85,85,85,85,85,85,85,85,85,85,85,85,85,85,85,85,85,85,85,85,85,85,85,85,85,85,85,85,85],"relics":["Burning Blood","Vajra","Lantern","Smiling Mask","Runic Dome","Nilry\u0027s Codex","Anchor","Art of War","Ancient Tea Set","Sozu","Whetstone","Bottled Tornado","Bronze Scales","Red Mask"],"card_choices":[{"not_picked":["Iron Wave","Warcry"],"picked":"Armaments"},{"not_picked":["Feel No Pain","Evolve"],"picked":"Headbutt"},{"not_picked":["Anger","Burning Pact"],"picked":"Whirlwind"},{"not_picked":["Rupture","Corruption"],"picked":"Inflame"},{"not_picked":["Dark Embrace","Juggernaut"],"picked":"Offering"},{"not_picked":["Warcry","Headbutt"],"picked":"Shrug It Off"},{"not_picked":["Sword Boomerang","Cleave"],"picked":"Seeing Red"},{"not_picked":["Headbutt","Clothesline"],"picked":"Flex"},{"not_picked":["Infernal Blade","Wild Strike"],"picked":"Seeing Red"},{"not_picked":["Heavy Blade","Headbutt"],"picked":"Whirlwind"},{"not_picked":["Headbutt","Rupture"],"picked":"True Grit"},{"not_picked":["Brutality","Wild Strike"],"picked":"Ghostly Armor"},{"not_picked":["Pommel Strike","Carnage"],"picked":"Whirlwind"}],"player_experience":587351,"potions_floor_usage":[6,10,23,23,35,42,42],"damage_taken":[{"damage":10,"enemies":"Jaw Worm","floor":1,"turns":6},{"damage":0,"enemies":"2 Louse","floor":2,"turns":3},{"damage":5,"enemies":"Cultist","floor":4,"turns":4},{"damage":16,"enemies":"Exordium Thugs","floor":6,"turns":5},{"damage":0,"enemies":"3 Sentries","floor":10,"turns":4},{"damage":1,"enemies":"Large Slime","floor":12,"turns":3},{"damage":27,"enemies":"Gremlin Nob","floor":13,"turns":4},{"damage":24,"enemies":"Slime Boss","floor":16,"turns":8},{"damage":14,"enemies":"Shell Parasite","floor":18,"turns":3},{"damage":0,"enemies":"3 Byrds","floor":21,"turns":2},{"damage":10,"enemies":"Snecko","floor":22,"turns":4},{"damage":7,"enemies":"Slavers","floor":23,"turns":2},{"damage":30,"enemies":"Gremlin Leader","floor":27,"turns":5},{"damage":4,"enemies":"Snake Plant","floor":29,"turns":2},{"damage":4,"enemies":"Centurion and Healer","floor":31,"turns":1},{"damage":28,"enemies":"Collector","floor":33,"turns":5},{"damage":4,"enemies":"3 Darklings","floor":35,"turns":2},{"damage":8,"enemies":"Orb Walker","floor":37,"turns":3},{"damage":48,"enemies":"Nemesis","floor":40,"turns":5},{"damage":27,"enemies":"Sphere and 2 Shapes","floor":41,"turns":4},{"damage":7,"enemies":"2 Orb Walkers","floor":42,"turns":2},{"damage":7,"enemies":"3 Darklings","floor":45,"turns":3},{"damage":31,"enemies":"Maw","floor":47,"turns":6},{"damage":38,"enemies":"Donu and Deca","floor":50,"turns":3}],"event_choices":[{"event_name":"Living Wall","player_choice":"Grow","floor":3,"damage_taken":0},{"event_name":"Liars Game","player_choice":"disagreed","floor":5,"damage_taken":0},{"event_name":"Big Fish","player_choice":"Donut","floor":11,"damage_taken":0},{"event_name":"Vampires","player_choice":"Ignored","floor":19,"damage_taken":0},{"event_name":"Cursed Tome","player_choice":"Obtained Book","floor":20,"damage_taken":0},{"event_name":"Back to Basics","player_choice":"Elegance","floor":28,"damage_taken":0},{"event_name":"Tomb of Lord Red Mask","player_choice":"Paid","floor":48,"damage_taken":0}],"boss_relics":[{"not_picked":["Astrolabe","Calling Bell"],"picked":"Runic Dome"},{"not_picked":["Cursed Key","Velvet Choker"],"picked":"Sozu"}],"potions_floor_spawned":[2,4,6,16,18,21,22,29,33,37,42,45,47],"seed_played":"7474379369234938805","ascension_level":0,"is_trial":false}