{"gold_per_floor":[12,25,36,36,36,52,81,95,95,95,20,48,48,73,73,147,147,158,178,178,33,48,48,48],"floor_reached":24,"playtime":1846,"items_purged":["Pain","Strike_G"],"score":487,"play_id":"4823d568-1987-40a5-a350-67f48e208825","local_time":"20190102212949","is_ascension_mode":true,"campfire_choices":[{"floor":10.0,"key":"REST"},{"data":"Neutralize","floor":13.0,"key":"SMITH"},{"data":"Dagger Spray","floor":15.0,"key":"SMITH"},{"floor":23,"key":"REST"}],"neow_cost":"NO_GOLD","seed_source_timestamp":0,"circlet_count":0,"master_deck":["AscendersBane","Defend_G","Defend_G","Defend_G","Defend_G","Defend_G","Strike_G","Strike_G","Strike_G","Strike_G","Survivor","Neutralize+1","Slice","Dagger Spray+1","Cloak And Dagger","Die Die Die","Blade Dance","Blur","Leg Sweep","Corpse Explosion","PiercingWail","PiercingWail","Dodge and Roll+1"],"special_seed":0,"relics":["Ring of the Snake","WarpedTongs","Odd Mushroom","Question Card","The Courier","Mango","Philosopher\u0027s Stone"],"potions_floor_usage":[22,24],"damage_taken":[{"damage":1.0,"enemies":"Cultist","floor":1.0,"turns":5.0},{"damage":0.0,"enemies":"2 Louse","floor":2.0,"turns":4.0},{"damage":1.0,"enemies":"Small Slimes","floor":3.0,"turns":5.0},{"damage":27.0,"enemies":"Exordium Thugs","floor":6.0,"turns":4.0},{"damage":12.0,"enemies":"The Mushroom Lair","floor":7.0,"turns":2.0},{"damage":25.0,"enemies":"Exordium Wildlife","floor":8.0,"turns":7.0},{"damage":0.0,"enemies":"3 Sentries","floor":12.0,"turns":6.0},{"damage":17.0,"enemies":"Gremlin Nob","floor":14.0,"turns":4.0},{"damage":23.0,"enemies":"The Guardian","floor":16.0,"turns":21.0},{"damage":3,"enemies":"Chosen","floor":18,"turns":5},{"damage":14,"enemies":"Shell Parasite","floor":19,"turns":8},{"damage":11,"enemies":"Shelled Parasite and Fungi","floor":22,"turns":11},{"damage":63,"enemies":"Book of Stabbing","floor":24,"turns":6}],"seed_played":"3221555094430503965","potions_obtained":[{"floor":3.0,"key":"EssenceOfSteel"},{"floor":12.0,"key":"AttackPotion"},{"floor":18,"key":"Block Potion"},{"floor":22,"key":"SpeedPotion"}],"is_trial":false,"path_per_floor":["M","M","M","?","$","M","?","M","T","R","$","R","E","R","B",null,"M","M","?","$","M","R","E"],"character_chosen":"THE_SILENT","items_purchased":["LiquidBronze"],"campfire_rested":2,"item_purchase_floors":[21],"current_hp_per_floor":[70,70,69,69,69,42,30,5,5,28,28,28,28,25,25,2,70,67,53,44,44,33,60,0],"gold":48,"neow_bonus":"TWENTY_PERCENT_HP_BONUS","is_prod":false,"is_daily":false,"chose_seed":false,"campfire_upgraded":2,"win_rate":0,"timestamp":1546493389,"path_taken":["M","M","?","?","$","?","?","M","T","R","?","E","R","E","R","BOSS","M","M","?","$","M","R","E"],"build_version":"2019-01-01v2","purchased_purges":2,"victory":false,"max_hp_per_floor":[78,78,78,78,78,78,78,78,78,78,78,78,78,92,92,92,92,92,92,92,92,92,92,92],"card_choices":[{"not_picked":["Deflect","Heel Hook"],"picked":"Slice","floor":1.0},{"not_picked":["Sucker Punch","Dodge and Roll"],"picked":"Dagger Spray","floor":2.0},{"not_picked":["Dagger Throw","Calculated Gamble"],"picked":"Cloak And Dagger","floor":3.0},{"not_picked":["Riddle With Holes","Terror"],"picked":"Die Die Die","floor":6.0},{"not_picked":["Acrobatics","Deadly Poison"],"picked":"Blade Dance","floor":8.0},{"not_picked":["Endless Agony","Deadly Poison","Dagger Spray"],"picked":"Blur","floor":12.0},{"not_picked":["Reflex","Setup","Bane"],"picked":"Leg Sweep","floor":14.0},{"not_picked":["Grand Finale","Adrenaline","Tools of the Trade"],"picked":"Corpse Explosion","floor":16.0},{"not_picked":["Tactician","Prepared","Dodge and Roll"],"picked":"PiercingWail","floor":18},{"not_picked":["Poisoned Stab","Acrobatics","Concentrate+1"],"picked":"PiercingWail","floor":19},{"not_picked":["Acrobatics","Caltrops","Leg Sweep+1"],"picked":"Dodge and Roll+1","floor":22}],"player_experience":1179405,"relics_obtained":[{"floor":7.0,"key":"Odd Mushroom"},{"floor":9.0,"key":"Question Card"},{"floor":12.0,"key":"The Courier"},{"floor":14.0,"key":"Mango"}],"event_choices":[{"damage_healed":0.0,"max_hp_gain":0.0,"max_hp_loss":0.0,"gold_gain":0.0,"event_name":"Accursed Blacksmith","player_choice":"Rummage","floor":4.0,"gold_loss":0.0,"damage_taken":0.0,"relics_obtained":["WarpedTongs"],"cards_obtained":["Pain"]},{"damage_healed":0.0,"max_hp_gain":0.0,"max_hp_loss":0.0,"gold_gain":0.0,"event_name":"Mushrooms","player_choice":"Fought Mushrooms","floor":7.0,"gold_loss":0.0,"damage_taken":0.0},{"damage_healed":0,"gold_gain":0,"player_choice":"","damage_taken":9,"max_hp_gain":0,"max_hp_loss":0,"event_name":"Knowing Skull","floor":20,"potions_obtained":[],"gold_loss":0,"cards_obtained":[]}],"is_beta":true,"boss_relics":[{"not_picked":["Pandora\u0027s Box","Black Star"],"picked":"Philosopher\u0027s Stone"}],"items_purged_floors":[11,21],"is_endless":false,"potions_floor_spawned":[3,12,18,22],"killed_by":"Book of Stabbing","ascension_level":20}