{"gold_per_floor":[117,135,150,169,244,244,261,261,284,284,317,335,8,8,8,113,113,129,184,195,195],"floor_reached":21,"playtime":801,"items_purged":[],"score":208,"play_id":"9a938b2e-cdcd-42a0-92e3-bf24860568f2","local_time":"20180729013002","is_ascension_mode":true,"campfire_choices":[{"data":"Zap","floor":6,"key":"SMITH"},{"floor":10,"key":"REST"},{"floor":15,"key":"REST"}],"neow_cost":"NONE","seed_source_timestamp":654851297843065,"circlet_count":0,"master_deck":["Strike_B","Strike_B","Strike_B","Defend_B","Defend_B","Defend_B","Defend_B","Zap+1","Dualcast","Stack","Capacitor","Leap","BootSequence","Darkness","FTL","Echo Form","Loop","Gash","Darkness","Recycle","Creative AI","Ball Lightning","Ball Lightning+1"],"relics":["Cracked Core","Happy Flower","Gambling Chip","Oddly Smooth Stone","Pantograph","Pen Nib","Velvet Choker","Blood Vial"],"potions_floor_usage":[16,18,18,21],"damage_taken":[{"damage":0,"enemies":"Cultist","floor":1,"turns":4},{"damage":16,"enemies":"2 Louse","floor":2,"turns":3},{"damage":5,"enemies":"Jaw Worm","floor":3,"turns":3},{"damage":1,"enemies":"2 Fungi Beasts","floor":4,"turns":3},{"damage":19,"enemies":"Exordium Wildlife","floor":7,"turns":4},{"damage":2,"enemies":"3 Sentries","floor":11,"turns":7},{"damage":0,"enemies":"Red Slaver","floor":12,"turns":3},{"damage":6,"enemies":"The Guardian","floor":16,"turns":9},{"damage":14,"enemies":"Chosen","floor":18,"turns":6},{"damage":56,"enemies":"3 Byrds","floor":20,"turns":5},{"damage":11,"enemies":"Centurion and Healer","floor":21,"turns":3}],"seed_played":"-1121653378483397071","potions_obtained":[{"floor":2,"key":"Weak Potion"},{"floor":7,"key":"Weak Potion"},{"floor":16,"key":"Fire Potion"},{"floor":20,"key":"Dexterity Potion"}],"is_trial":false,"path_per_floor":["M","M","M","M","?","R","M","T","T","R","E","M","$","?","R","B",null,"M","T","M"],"character_chosen":"DEFECT","items_purchased":["Loop","Pen Nib","Gash","Darkness"],"campfire_rested":2,"item_purchase_floors":[13,13,13,13],"current_hp_per_floor":[75,59,54,53,42,42,23,23,23,45,43,43,43,43,65,69,75,61,61,7,0],"gold":195,"neow_bonus":"RANDOM_COMMON_RELIC","is_prod":false,"is_daily":false,"chose_seed":false,"campfire_upgraded":1,"win_rate":0,"timestamp":1532842202,"path_taken":["M","M","M","?","?","R","M","?","T","R","E","?","$","?","R","BOSS","M","?","M","M"],"build_version":"2018-07-26","purchased_purges":0,"victory":false,"max_hp_per_floor":[75,75,75,75,75,75,75,75,75,75,75,75,75,75,75,75,75,75,75,75,75],"card_choices":[{"not_picked":["Hologram","Redo"],"picked":"Stack","floor":1},{"not_picked":["Gash","Lockon"],"picked":"Capacitor","floor":2},{"not_picked":["Streamline","Capacitor"],"picked":"Leap","floor":3},{"not_picked":["Gash","Turbo"],"picked":"BootSequence","floor":4},{"not_picked":["Steam Power","Coolheaded"],"picked":"Darkness","floor":7},{"not_picked":["Storm","Steam Power"],"picked":"FTL","floor":11},{"not_picked":["Compile Driver","Scrape"],"picked":"Echo Form","floor":12},{"not_picked":["Seek","All For One"],"picked":"Creative AI","floor":16},{"not_picked":["Gash","Reinforced Body+1"],"picked":"Ball Lightning","floor":18},{"not_picked":["Streamline+1","FTL"],"picked":"Ball Lightning+1","floor":20}],"player_experience":670427,"relics_obtained":[{"floor":8,"key":"Gambling Chip"},{"floor":9,"key":"Oddly Smooth Stone"},{"floor":11,"key":"Pantograph"},{"floor":19,"key":"Blood Vial"}],"event_choices":[{"event_name":"World of Goop","player_choice":"Gather Gold","floor":5,"damage_taken":0},{"event_name":"Transmorgrifier","player_choice":"Transform","floor":14,"damage_taken":0}],"is_beta":true,"boss_relics":[{"not_picked":["Black Star","Tiny House"],"picked":"Velvet Choker"}],"items_purged_floors":[],"is_endless":false,"potions_floor_spawned":[2,7,16,20],"killed_by":"Centurion and Healer","ascension_level":3}