{"gold_per_floor":[116,116,116,127,127,127,153,163,163,194,194,194,213,230,230,308,308,323,335,335],"floor_reached":20,"playtime":623,"items_purged":[],"score":366,"play_id":"85041fea-a56d-4d36-a18a-c184cd264699","local_time":"20190207132840","is_ascension_mode":true,"campfire_choices":[{"floor":6,"key":"REST"},{"floor":12,"key":"REST"},{"data":"Whirlwind","floor":15,"key":"SMITH"}],"neow_cost":"NONE","seed_source_timestamp":432376268225137,"circlet_count":0,"master_deck":["AscendersBane","Strike_R+1","Strike_R","Strike_R","Strike_R","Defend_R","Defend_R","Defend_R","Defend_R","Bash+1","Armaments","Whirlwind+1","Decay","Spot Weakness","Spot Weakness","Body Slam","Shrug It Off","Limit Break","Heavy Blade","Ghostly Armor"],"relics":["Burning Blood","NeowsBlessing","Pantograph","Meat on the Bone","Sundial","Kunai","Orrery"],"potions_floor_usage":[10,13,19,20],"damage_taken":[{"damage":0,"enemies":"Jaw Worm","floor":1,"turns":1},{"damage":0,"enemies":"Cultist","floor":4,"turns":1},{"damage":0,"enemies":"Gremlin Nob","floor":7,"turns":1},{"damage":2,"enemies":"2 Louse","floor":8,"turns":3},{"damage":59,"enemies":"Lagavulin","floor":10,"turns":9},{"damage":23,"enemies":"Lots of Slimes","floor":13,"turns":4},{"damage":26,"enemies":"Exordium Thugs","floor":14,"turns":4},{"damage":66,"enemies":"The Guardian","floor":16,"turns":13},{"damage":10,"enemies":"3 Byrds","floor":18,"turns":5},{"damage":20,"enemies":"Chosen","floor":19,"turns":5},{"damage":52,"enemies":"Sentry and Sphere","floor":20,"turns":7}],"seed_played":"-397651458656430103","potions_obtained":[{"floor":7,"key":"Poison Potion"},{"floor":10,"key":"Energy Potion"},{"floor":16,"key":"Poison Potion"},{"floor":18,"key":"BloodPotion"},{"floor":19,"key":"SkillPotion"}],"is_trial":false,"path_per_floor":["M","?","?","M","?","R","E","M","T","E","?","R","M","M","R","B",null,"M","M","M"],"character_chosen":"IRONCLAD","items_purchased":[],"campfire_rested":2,"item_purchase_floors":[],"current_hp_per_floor":[74,63,40,46,46,68,74,75,75,34,34,56,51,43,43,20,61,57,50,0],"gold":335,"neow_bonus":"THREE_ENEMY_KILL","is_prod":false,"is_daily":false,"chose_seed":false,"campfire_upgraded":1,"win_rate":0,"timestamp":1549564120,"path_taken":["M","?","?","?","?","R","E","?","T","E","?","R","M","M","R","BOSS","M","M","?"],"build_version":"2019-01-23","purchased_purges":0,"victory":false,"max_hp_per_floor":[75,75,75,75,75,75,75,75,75,75,75,75,75,75,75,75,75,75,75,75],"card_choices":[{"not_picked":["Perfected Strike","Entrench"],"picked":"Armaments","floor":1},{"not_picked":["Twin Strike","Wild Strike"],"picked":"Whirlwind","floor":4},{"not_picked":["Body Slam","Sword Boomerang"],"picked":"Spot Weakness","floor":7},{"not_picked":["Warcry","True Grit"],"picked":"Spot Weakness","floor":8},{"not_picked":["Carnage","Headbutt","Warcry"],"picked":"SKIP","floor":10},{"not_picked":["Perfected Strike","Spot Weakness","Body Slam"],"picked":"SKIP","floor":13},{"not_picked":["Body Slam","Searing Blow"],"picked":"Shrug It Off","floor":14},{"not_picked":["Impervious","Feed"],"picked":"Limit Break","floor":16},{"not_picked":["Body Slam","Carnage"],"picked":"Heavy Blade","floor":17},{"not_picked":["Wild Strike","Rage"],"picked":"Ghostly Armor","floor":17},{"not_picked":["Twin Strike","Cleave","Flex"],"picked":"SKIP","floor":18},{"not_picked":["Body Slam","Sword Boomerang","Headbutt"],"picked":"SKIP","floor":19}],"player_experience":248913,"relics_obtained":[{"floor":7,"key":"Meat on the Bone"},{"floor":9,"key":"Sundial"},{"floor":10,"key":"Kunai"}],"event_choices":[{"damage_healed":0,"gold_gain":0,"player_choice":"Success","damage_taken":11,"relics_obtained":["Pantograph"],"max_hp_gain":0,"max_hp_loss":0,"event_name":"Scrap Ooze","floor":2,"gold_loss":0},{"damage_healed":0,"gold_gain":0,"player_choice":"Entered Light","damage_taken":23,"max_hp_gain":0,"max_hp_loss":0,"event_name":"Shining Light","floor":3,"gold_loss":0,"cards_upgraded":["Strike_R","Bash"]},{"damage_healed":0,"gold_gain":0,"player_choice":"Cursed","damage_taken":0,"max_hp_gain":0,"max_hp_loss":0,"event_name":"Wheel of Change","floor":5,"gold_loss":0,"cards_obtained":["Decay"]},{"damage_healed":0,"gold_gain":0,"cards_transformed":["Strike_R"],"player_choice":"Transformed","damage_taken":0,"max_hp_gain":0,"max_hp_loss":0,"event_name":"Transmorgrifier","floor":11,"gold_loss":0,"cards_obtained":["Body Slam"]}],"is_beta":false,"boss_relics":[{"not_picked":["Runic Dome","Calling Bell"],"picked":"Orrery"}],"items_purged_floors":[],"is_endless":false,"potions_floor_spawned":[7,10,16,18,19],"killed_by":"Sentry and Sphere","ascension_level":15}