{"path_per_floor":["M","M","M","?","M","E","M","R","T","E","M","M","R","E","R","B",null,"M","?","M","M","?","R","M","R","T","R","M","R","$","M","R","B",null,"M","$","M","M","?","R","M"],"character_chosen":"THE_SILENT","items_purchased":["Bag of Preparation","Meat on the Bone","Backstab"],"gold_per_floor":[119,129,142,142,156,182,199,199,253,286,302,318,318,353,353,452,452,465,465,484,496,396,396,411,411,479,479,496,496,277,297,297,401,431,445,68,88,99,199,199,214],"floor_reached":42,"campfire_rested":4,"playtime":4221,"current_hp_per_floor":[70,70,70,75,65,57,53,53,53,34,34,34,58,52,52,10,82,71,71,54,26,26,50,42,42,42,66,63,82,82,79,79,30,87,67,67,67,48,48,48,17],"items_purged":["Decay","Clumsy"],"gold":214,"score":424,"play_id":"90720145-9ae2-43b9-9072-f7a698353959","is_prod":false,"is_daily":false,"is_ascension_mode":false,"campfire_upgraded":5,"path_taken":["M","M","?","?","M","E","M","R","T","E","M","?","R","E","R","BOSS","M","?","?","M","?","R","M","R","T","R","M","R","$","M","R","BOSS","M","$","M","M","?","R","M","M"],"build_version":"2018-02-15-PROD1","purchased_purges":2,"victory":false,"master_deck":["Defend_G+1","Defend_G+1","Defend_G+1","Defend_G+1","Defend_G+1","Strike_G+1","Strike_G+1","Strike_G+1","Strike_G+1","Strike_G+1","Survivor","Neutralize+1","Flying Knee","Blade Dance","Predator","Flechettes","Slice","Flying Knee+1","Quick Slash","Flying Knee","Quick Slash+1","Sucker Punch+1","After Image+1","Injury","Backflip+1","Adrenaline+1","Dodge and Roll","J.A.X.","Sucker Punch+1","Quick Slash","Phantasmal Killer","Flechettes","Flechettes+1","Backstab","Outmaneuver","Slice+1","Blur+1"],"max_hp_per_floor":[70,70,70,75,75,75,75,75,75,82,82,82,82,82,82,82,82,82,82,82,82,82,82,82,82,82,82,82,82,82,82,82,82,87,87,87,87,87,87,87,87],"relics":["Ring of the Snake","Oddly Smooth Stone","Bottled Lightning","Lantern","Strawberry","Peace Pipe","Calling Bell","Calipers","Happy Flower","Tingsha","Dodecahedron","Bag of Preparation","Tiny House","Meat on the Bone"],"card_choices":[{"not_picked":["Deflect","Dagger Spray"],"picked":"Flying Knee"},{"not_picked":["Burst","Slice"],"picked":"Blade Dance"},{"not_picked":["Poisoned Stab","Dagger Spray"],"picked":"Predator"},{"not_picked":["Crippling Poison","Prepared"],"picked":"Flechettes"},{"not_picked":["Deflect","Distraction"],"picked":"Slice"},{"not_picked":["Acrobatics","Prepared"],"picked":"Flying Knee"},{"not_picked":["Deadly Poison","Dash"],"picked":"Quick Slash"},{"not_picked":["Crippling Poison","Poisoned Stab"],"picked":"Flying Knee"},{"not_picked":["Well Laid Plans","After Image"],"picked":"Quick Slash"},{"not_picked":["Heel Hook","Deflect"],"picked":"Sucker Punch"},{"not_picked":["Die Die Die","Tools of the Trade"],"picked":"After Image"},{"not_picked":["Prepared","Endless Agony"],"picked":"Backflip"},{"not_picked":["Acrobatics","Dagger Spray"],"picked":"Adrenaline"},{"not_picked":["Terror","Deflect"],"picked":"Dodge and Roll"},{"not_picked":["Escape Plan","Dagger Throw"],"picked":"Sucker Punch"},{"not_picked":["Noxious Fumes","Predator"],"picked":"Quick Slash"},{"not_picked":["Die Die Die","Bullet Time"],"picked":"Phantasmal Killer"},{"not_picked":["Dagger Spray","Deadly Poison"],"picked":"Flechettes"},{"not_picked":["Distraction","Infinite Blades"],"picked":"Flechettes"},{"not_picked":["Dagger Spray","Bane"],"picked":"Outmaneuver"},{"not_picked":["Well Laid Plans","Backflip"],"picked":"Slice"},{"not_picked":["Dagger Throw","PiercingWail"],"picked":"Blur"}],"player_experience":20985,"potions_floor_usage":[6,11,12,14,16,24,31,33,33,35,41],"damage_taken":[{"damage":0,"enemies":"Cultist","floor":1,"turns":5},{"damage":0,"enemies":"Jaw Worm","floor":2,"turns":4},{"damage":0,"enemies":"2 Louse","floor":3,"turns":3},{"damage":10,"enemies":"Looter","floor":5,"turns":3},{"damage":8,"enemies":"3 Sentries","floor":6,"turns":9},{"damage":4,"enemies":"Exordium Thugs","floor":7,"turns":4},{"damage":26,"enemies":"Lagavulin","floor":10,"turns":6},{"damage":0,"enemies":"Blue Slaver","floor":11,"turns":4},{"damage":0,"enemies":"Looter","floor":12,"turns":2},{"damage":6,"enemies":"Gremlin Nob","floor":14,"turns":3},{"damage":42,"enemies":"Hexaghost","floor":16,"turns":12},{"damage":11,"enemies":"Chosen","floor":18,"turns":6},{"damage":17,"enemies":"Spheric Guardian","floor":20,"turns":4},{"damage":28,"enemies":"Snake Plant","floor":21,"turns":6},{"damage":8,"enemies":"Snecko","floor":24,"turns":4},{"damage":3,"enemies":"Slaver and Parasite","floor":28,"turns":8},{"damage":3,"enemies":"3 Cultists","floor":31,"turns":4},{"damage":49,"enemies":"Collector","floor":33,"turns":15},{"damage":20,"enemies":"3 Darklings","floor":35,"turns":3},{"damage":0,"enemies":"Orb Walker","floor":37,"turns":2},{"damage":19,"enemies":"3 Darklings","floor":38,"turns":5},{"damage":43,"enemies":"4 Shapes","floor":41,"turns":9},{"damage":21,"enemies":"Sphere and 2 Shapes","floor":42,"turns":7}],"event_choices":[{"event_name":"Big Fish","player_choice":"Donut","floor":4,"damage_taken":0},{"event_name":"Back to Basics","player_choice":"Simplicity","floor":19,"damage_taken":0},{"event_name":"Drug Dealer","player_choice":"Got JAXXED","floor":22,"damage_taken":0},{"event_name":"Golden Shrine","player_choice":"Pray","floor":39,"damage_taken":0}],"boss_relics":[{"not_picked":["Black Star","Question Card"],"picked":"Calling Bell"},{"not_picked":["Orrery","Lizard Tail"],"picked":"Tiny House"}],"potions_floor_spawned":[2,3,6,10,11,16,20,21,31,38],"seed_played":"-265493610159089413","killed_by":"Sphere and 2 Shapes","ascension_level":0,"is_trial":false}