{"gold_per_floor":[115,129,145,155,167,167,193,193,219,219,219,259,259,33,33,158,158,173,173,196,196,219,219,233,233,257,282,307,307,307,323,323,449,449,463,463,463,120,245,279,279,315,393,434,434,767,787,806,806,806,806,806,9,40,40],"floor_reached":55,"playtime":3077,"items_purged":["Strike_B"],"score":1052,"play_id":"52948a38-5e58-4900-a509-d8f44eddf7c4","local_time":"20190129212501","is_ascension_mode":true,"campfire_choices":[{"data":"Zap","floor":6.0,"key":"SMITH"},{"floor":8.0,"key":"REST"},{"data":"Buffer","floor":13.0,"key":"SMITH"},{"data":"Glacier","floor":15.0,"key":"SMITH"},{"floor":23.0,"key":"REST"},{"data":"Static Discharge","floor":25.0,"key":"SMITH"},{"floor":30.0,"key":"REST"},{"floor":32.0,"key":"REST"},{"data":"Double Energy","floor":41.0,"key":"SMITH"},{"floor":49.0,"key":"RECALL"},{"data":"Echo Form","floor":52.0,"key":"SMITH"}],"neow_cost":"NONE","seed_source_timestamp":173225186997508,"circlet_count":0,"master_deck":["Zap+1","Dualcast","Cold Snap","Glacier+1","Double Energy+1","Doom and Gloom","Redo","Reboot","Buffer+1","Electrodynamics","Rip and Tear","Beam Cell","Sweeping Beam","Rainbow","Scrape","Static Discharge+1","Cold Snap","Hologram","Static Discharge","Conserve Battery","Leap","Defragment","Turbo+1","Echo Form+1","Blind","Madness","Madness+1","Buffer","Leap+1","Turbo+1","Self Repair","Tempest+1","Zap","Fusion","Capacitor","Chaos+1","Multi-Cast","Loop","Mayhem","Leap"],"special_seed":0,"relics":["Runic Pyramid","Pear","Bag of Marbles","Pen Nib","Oddly Smooth Stone","Pandora\u0027s Box","Enchiridion","Juzu Bracelet","Bronze Scales","Philosopher\u0027s Stone","Anchor","FossilizedHelix","PreservedInsect","War Paint","Dream Catcher","Lee\u0027s Waffle","Gremlin Horn","Strawberry"],"potions_floor_usage":[55,55,55],"damage_taken":[{"damage":0.0,"enemies":"Cultist","floor":1.0,"turns":4.0},{"damage":4.0,"enemies":"Jaw Worm","floor":2.0,"turns":4.0},{"damage":7.0,"enemies":"2 Louse","floor":3.0,"turns":4.0},{"damage":2.0,"enemies":"Large Slime","floor":4.0,"turns":8.0},{"damage":3.0,"enemies":"Blue Slaver","floor":5.0,"turns":4.0},{"damage":43.0,"enemies":"Gremlin Nob","floor":7.0,"turns":6.0},{"damage":4.0,"enemies":"3 Sentries","floor":12.0,"turns":6.0},{"damage":0.0,"enemies":"Slime Boss","floor":16.0,"turns":7.0},{"damage":0.0,"enemies":"Chosen","floor":18.0,"turns":4.0},{"damage":20.0,"enemies":"2 Thieves","floor":20.0,"turns":3.0},{"damage":16.0,"enemies":"Shelled Parasite and Fungi","floor":22.0,"turns":4.0},{"damage":0.0,"enemies":"Snecko","floor":24.0,"turns":3.0},{"damage":14.0,"enemies":"Centurion and Healer","floor":28.0,"turns":4.0},{"damage":28.0,"enemies":"Colosseum Slavers","floor":29.0,"turns":5.0},{"damage":0.0,"enemies":"Cultist and Chosen","floor":31.0,"turns":6.0},{"damage":0.0,"enemies":"Collector","floor":33.0,"turns":10.0},{"damage":1.0,"enemies":"Orb Walker","floor":35.0,"turns":4.0},{"damage":13.0,"enemies":"Mind Bloom Boss Battle","floor":39.0,"turns":6.0},{"damage":0.0,"enemies":"Nemesis","floor":40.0,"turns":7.0},{"damage":0.0,"enemies":"Reptomancer","floor":42.0,"turns":7.0},{"damage":0.0,"enemies":"Nemesis","floor":44.0,"turns":3.0},{"damage":26.0,"enemies":"3 Darklings","floor":47.0,"turns":3.0},{"damage":0.0,"enemies":"Maw","floor":48.0,"turns":9.0},{"damage":29.0,"enemies":"Time Eater","floor":50.0,"turns":11.0},{"damage":68.0,"enemies":"Shield and Spear","floor":54.0,"turns":6.0},{"damage":71,"enemies":"The Heart","floor":55,"turns":3}],"seed_played":"-4577030825729573915","potions_obtained":[{"floor":1.0,"key":"Strength Potion"},{"floor":5.0,"key":"Weak Potion"},{"floor":7.0,"key":"Explosive Potion"},{"floor":12.0,"key":"LiquidBronze"},{"floor":20.0,"key":"SpeedPotion"},{"floor":22.0,"key":"SkillPotion"},{"floor":33.0,"key":"Dexterity Potion"},{"floor":48.0,"key":"FocusPotion"}],"is_trial":false,"path_per_floor":["M","M","M","M","M","R","E","R","T","?","?","E","R","$","R","B",null,"M","?","M","?","M","R","M","R","T","T","M","?","R","M","R","B",null,"M","?","?","$","?","E","R","E","T","E","?","?","M","M","R","B",null,"R","$","E","B"],"character_chosen":"DEFECT","items_purchased":["Oddly Smooth Stone","Buffer","LiquidBronze","Anchor","Leap","Multi-Cast","Loop","Lee\u0027s Waffle","Gremlin Horn","Mayhem"],"campfire_rested":4,"item_purchase_floors":[14,38,38,38,38,53,53,53,53,53],"current_hp_per_floor":[75,71,64,62,59,59,26,51,51,79,79,75,75,75,75,75,79,79,79,59,43,27,50,50,50,50,50,36,8,31,31,54,54,79,78,73,63,63,50,50,50,50,50,57,57,57,38,52,52,30,79,79,86,25,0],"gold":40,"neow_bonus":"BOSS_RELIC","is_prod":false,"is_daily":false,"chose_seed":false,"campfire_upgraded":6,"win_rate":0,"timestamp":1548815101,"path_taken":["M","M","M","?","M","R","E","R","T","?","?","E","R","$","R","BOSS","M","?","M","?","M","R","M","R","T","?","M","?","R","M","R","BOSS","M","?","?","$","?","E","R","E","T","E","?","?","M","M","R","BOSS","R","$","E","BOSS"],"build_version":"2019-01-23","purchased_purges":1,"victory":false,"max_hp_per_floor":[75,75,75,75,75,75,85,85,85,85,79,79,79,79,79,79,79,79,79,79,79,79,79,79,79,79,79,79,79,79,79,79,79,79,79,79,79,79,79,79,79,79,79,79,79,79,79,79,79,79,79,79,86,93,93],"card_choices":[{"not_picked":["Sweeping Beam","Hologram"],"picked":"Cold Snap","floor":1.0},{"not_picked":["Beam Cell","Hologram"],"picked":"Glacier","floor":2.0},{"not_picked":["Meteor Strike","Turbo"],"picked":"Double Energy","floor":3.0},{"not_picked":["Darkness","Compile Driver"],"picked":"Doom and Gloom","floor":4.0},{"not_picked":["BootSequence","Steam"],"picked":"Redo","floor":5.0},{"not_picked":["Cold Snap","Rebound"],"picked":"Reboot","floor":7.0},{"not_picked":["Aggregate","Ball Lightning"],"picked":"Buffer","floor":12.0},{"not_picked":["Core Surge","Biased Cognition"],"picked":"Electrodynamics","floor":16.0},{"not_picked":["Chaos","Compile Driver"],"picked":"Hologram","floor":18.0},{"not_picked":["Streamline","Ball Lightning"],"picked":"Static Discharge","floor":20.0},{"not_picked":["Chill+1","Darkness"],"picked":"Conserve Battery","floor":22.0},{"not_picked":["Rebound","FTL"],"picked":"Leap","floor":24.0},{"not_picked":["Cold Snap","Conserve Battery+1"],"picked":"Defragment","floor":28.0},{"not_picked":["Cold Snap","Redo+1"],"picked":"Turbo+1","floor":31.0},{"not_picked":["Rainbow","Multi-Cast"],"picked":"Echo Form","floor":33.0},{"not_picked":["Doom and Gloom","Consume","Coolheaded"],"picked":"SKIP","floor":35.0},{"not_picked":["Finesse","Impatience"],"picked":"Blind","floor":36.0},{"not_picked":["Stack","Glacier+1"],"picked":"Turbo+1","floor":40.0},{"not_picked":["Hello World","Ball Lightning"],"picked":"Self Repair","floor":42.0},{"not_picked":["Beam Cell","Reprogram"],"picked":"Tempest+1","floor":44.0},{"not_picked":["Genetic Algorithm","Hello World"],"picked":"Capacitor","floor":47.0},{"not_picked":["Leap","Rebound"],"picked":"Chaos+1","floor":48.0},{"not_picked":["Gash","Genetic Algorithm+1"],"picked":"Leap","floor":54.0}],"player_experience":1336970,"relics_obtained":[{"floor":7.0,"key":"Pear"},{"floor":9.0,"key":"Bag of Marbles"},{"floor":12.0,"key":"Pen Nib"},{"floor":21.0,"key":"Enchiridion"},{"floor":26.0,"key":"Juzu Bracelet"},{"floor":27.0,"key":"Bronze Scales"},{"floor":39.0,"key":"FossilizedHelix"},{"floor":40.0,"key":"PreservedInsect"},{"floor":42.0,"key":"War Paint"},{"floor":44.0,"key":"Dream Catcher"},{"floor":54.0,"key":"Strawberry"}],"event_choices":[{"damage_healed":28.0,"max_hp_gain":0.0,"max_hp_loss":0.0,"gold_gain":0.0,"event_name":"Big Fish","player_choice":"Banana","floor":10.0,"gold_loss":0.0,"damage_taken":0.0},{"damage_healed":0.0,"max_hp_gain":0.0,"max_hp_loss":6.0,"gold_gain":0.0,"event_name":"Golden Idol","player_choice":"Lose Max HP","floor":11.0,"gold_loss":0.0,"damage_taken":0.0,"relics_obtained":["Golden Idol"]},{"damage_healed":0.0,"max_hp_gain":0.0,"max_hp_loss":0.0,"gold_gain":0.0,"event_name":"Beggar","player_choice":"Ignored","floor":19.0,"gold_loss":0.0,"damage_taken":0.0},{"damage_healed":0.0,"max_hp_gain":0.0,"max_hp_loss":0.0,"gold_gain":0.0,"event_name":"Cursed Tome","player_choice":"Obtained Book","floor":21.0,"gold_loss":0.0,"damage_taken":16.0},{"damage_healed":0.0,"max_hp_gain":0.0,"max_hp_loss":0.0,"gold_gain":0.0,"event_name":"Colosseum","player_choice":"Fight","floor":29.0,"gold_loss":0.0,"damage_taken":0.0},{"damage_healed":0.0,"max_hp_gain":0.0,"max_hp_loss":0.0,"gold_gain":0.0,"event_name":"Colosseum","player_choice":"Fled From Nobs","floor":29.0,"gold_loss":0.0,"damage_taken":0.0},{"damage_healed":0.0,"max_hp_gain":0.0,"max_hp_loss":0.0,"gold_gain":0.0,"event_name":"SensoryStone","player_choice":"Memory 2","floor":36.0,"gold_loss":0.0,"damage_taken":5.0},{"damage_healed":0.0,"max_hp_gain":0.0,"max_hp_loss":0.0,"gold_gain":0.0,"event_name":"Winding Halls","player_choice":"Embrace Madness","floor":37.0,"gold_loss":0.0,"damage_taken":10.0,"cards_obtained":["Madness","Madness"]},{"damage_healed":0.0,"max_hp_gain":0.0,"max_hp_loss":0.0,"gold_gain":0.0,"event_name":"MindBloom","player_choice":"Fight","floor":39.0,"gold_loss":0.0,"damage_taken":0.0},{"damage_healed":0.0,"max_hp_gain":0.0,"max_hp_loss":0.0,"gold_gain":0.0,"event_name":"Match and Keep!","player_choice":"2 cards matched","floor":45.0,"gold_loss":0.0,"damage_taken":0.0,"cards_obtained":["Zap","Fusion"]},{"damage_healed":0.0,"max_hp_gain":0.0,"max_hp_loss":0.0,"gold_gain":333.0,"event_name":"The Moai Head","player_choice":"Gave Idol","floor":46.0,"relics_lost":["Golden Idol"],"gold_loss":0.0,"damage_taken":0.0}],"is_beta":true,"boss_relics":[{"not_picked":["Tiny House","Orrery"],"picked":"Pandora\u0027s Box"},{"not_picked":["Calling Bell","Nuclear Battery"],"picked":"Philosopher\u0027s Stone"}],"items_purged_floors":[14],"is_endless":false,"potions_floor_spawned":[1,5,7,12,20,22,33,40,48],"killed_by":"The Heart","ascension_level":2}