{"path_per_floor":["M","M","M","M","M","M","R","E","T","R","E","R","M","M","R","B",null,"M","$","M"],"character_chosen":"IRONCLAD","items_purchased":["Apotheosis"],"gold_per_floor":[109,120,138,153,171,186,186,215,241,241,276,276,290,309,309,404,404,421,137,152],"floor_reached":21,"campfire_rested":1,"playtime":1841,"current_hp_per_floor":[70,72,72,68,71,70,70,66,66,66,46,46,38,38,72,27,72,38,38,29],"items_purged":["Strike_R"],"gold":152,"score":195,"play_id":"b0bfc5cb-0962-403d-9fbf-d26a7706d52f","is_prod":false,"is_daily":false,"is_ascension_mode":false,"campfire_upgraded":3,"path_taken":["M","M","M","M","M","M","R","E","T","R","E","R","M","M","R","BOSS","M","$","M","M"],"build_version":"2018-02-15-PROD1","purchased_purges":1,"victory":false,"master_deck":["Strike_R","Strike_R","Strike_R","Strike_R","Defend_R","Defend_R","Defend_R","Defend_R","Bash","Flex+1","Heavy Blade+1","Cleave+1","Metallicize","Shrug It Off","Twin Strike","Cleave","Wild Strike","Spot Weakness","Armaments","Berserk","Wild Strike","Apotheosis"],"max_hp_per_floor":[72,72,72,72,72,72,72,72,72,72,72,72,72,72,72,72,72,72,72,72],"relics":["Burning Blood","Du-Vu Doll","Regal Pillow","Omamori","Oddly Smooth Stone","Black Star"],"card_choices":[{"not_picked":["Bloodletting","Blood for Blood"],"picked":"Flex"},{"not_picked":["Bloodletting","Battle Trance"],"picked":"Heavy Blade"},{"not_picked":["Battle Trance","Flame Barrier"],"picked":"Cleave"},{"not_picked":["Anger","Thunderclap"],"picked":"Metallicize"},{"not_picked":["Thunderclap","Metallicize"],"picked":"Shrug It Off"},{"not_picked":["Sever Soul","Anger"],"picked":"Twin Strike"},{"not_picked":["Uppercut","Bloodletting"],"picked":"Cleave"},{"not_picked":["Iron Wave","Battle Trance"],"picked":"Wild Strike"},{"not_picked":["Heavy Blade","Thunderclap"],"picked":"Spot Weakness"},{"not_picked":["Berserk","Sword Boomerang"],"picked":"Armaments"},{"not_picked":["Juggernaut","Bludgeon"],"picked":"Berserk"},{"not_picked":["Thunderclap","Feel No Pain"],"picked":"Wild Strike"}],"player_experience":72510,"potions_floor_usage":[6,8,11,21,21],"damage_taken":[{"damage":8,"enemies":"Cultist","floor":1,"turns":5},{"damage":0,"enemies":"2 Louse","floor":2,"turns":4},{"damage":0,"enemies":"Small Slimes","floor":3,"turns":2},{"damage":10,"enemies":"Looter","floor":4,"turns":3},{"damage":3,"enemies":"3 Louse","floor":5,"turns":2},{"damage":7,"enemies":"Gremlin Gang","floor":6,"turns":4},{"damage":10,"enemies":"3 Sentries","floor":8,"turns":6},{"damage":26,"enemies":"Lagavulin","floor":11,"turns":4},{"damage":14,"enemies":"Red Slaver","floor":13,"turns":5},{"damage":6,"enemies":"Large Slime","floor":14,"turns":6},{"damage":51,"enemies":"Slime Boss","floor":16,"turns":12},{"damage":40,"enemies":"3 Byrds","floor":18,"turns":7},{"damage":15,"enemies":"Shell Parasite","floor":20,"turns":5},{"damage":31,"enemies":"Snake Plant","floor":21,"turns":5}],"event_choices":[],"boss_relics":[{"not_picked":["Tiny House","Eternal Feather"],"picked":"Black Star"}],"potions_floor_spawned":[1,3,5,6,16,20],"seed_played":"-6882331938002511377","killed_by":"Snake Plant","ascension_level":0,"is_trial":false}