{"path_per_floor":["M","M","M","?","M","R","M","R","T","E","?","R","E","?","R","B",null,"M","?"],"character_chosen":"IRONCLAD","items_purchased":[],"gold_per_floor":[115,133,143,93,105,105,123,123,123,151,226,226,253,253,253,355,355,372,372,372],"floor_reached":20,"campfire_rested":2,"playtime":779,"current_hp_per_floor":[53,45,45,45,44,44,40,40,40,34,23,47,27,53,77,29,70,33,33,0],"items_purged":[],"gold":372,"score":228,"play_id":"5147e795-ba67-424f-866e-3eed809112e5","local_time":"20180325120831","is_prod":false,"is_daily":false,"is_ascension_mode":true,"campfire_upgraded":2,"timestamp":1521994111,"path_taken":["M","M","M","?","M","R","M","R","T","E","?","R","E","?","R","BOSS","M","?","M"],"build_version":"2018-03-22v2","purchased_purges":0,"victory":false,"master_deck":["Strike_R","Strike_R","Strike_R","Strike_R","Strike_R","Defend_R","Defend_R","Defend_R","Defend_R","Bash","Spot Weakness","Armaments+1","Spot Weakness","True Grit+1","Power Through","Heavy Blade","Feed","Reaper","Twin Strike+1"],"max_hp_per_floor":[80,80,80,80,80,80,80,80,80,80,80,80,80,80,80,83,83,83,83,86],"relics":["Burning Blood","Bird Faced Urn","Ancient Tea Set","Gambling Chip","Philosopher\u0027s Stone","Nloth\u0027s Gift"],"card_choices":[{"not_picked":["Perfected Strike","Second Wind"],"picked":"Spot Weakness","floor":1},{"not_picked":["Body Slam","Thunderclap"],"picked":"Armaments","floor":2},{"not_picked":["Searing Blow","Bludgeon"],"picked":"Spot Weakness","floor":3},{"not_picked":["Sever Soul","Disarm"],"picked":"True Grit","floor":5},{"not_picked":["Intimidate","Whirlwind"],"picked":"Power Through","floor":7},{"not_picked":["Carnage","Thunderclap"],"picked":"Heavy Blade","floor":10},{"not_picked":["Heavy Blade","Demon Form"],"picked":"Feed","floor":13},{"not_picked":["Fiend Fire","Impervious"],"picked":"Reaper","floor":16},{"not_picked":["Perfected Strike","Cleave"],"picked":"Twin Strike","floor":18}],"player_experience":681725,"potions_floor_usage":[5,5,13],"damage_taken":[{"damage":33,"enemies":"Jaw Worm","floor":1,"turns":4},{"damage":14,"enemies":"2 Louse","floor":2,"turns":2},{"damage":6,"enemies":"Small Slimes","floor":3,"turns":4},{"damage":7,"enemies":"2 Fungi Beasts","floor":5,"turns":5},{"damage":10,"enemies":"Looter","floor":7,"turns":3},{"damage":12,"enemies":"3 Sentries","floor":10,"turns":8},{"damage":41,"enemies":"Gremlin Nob","floor":13,"turns":6},{"damage":57,"enemies":"The Guardian","floor":16,"turns":12},{"damage":43,"enemies":"Chosen","floor":18,"turns":5},{"damage":44,"enemies":"3 Byrds","floor":20,"turns":3}],"event_choices":[{"event_name":"The Cleric","player_choice":"Card Removal","floor":4,"damage_taken":0},{"event_name":"World of Goop","player_choice":"Gather Gold","floor":11,"damage_taken":0},{"event_name":"Big Fish","player_choice":"Banana","floor":14,"damage_taken":0},{"event_name":"N\u0027loth","player_choice":"Traded a Omamori","floor":19,"damage_taken":0}],"boss_relics":[{"not_picked":["Eternal Feather","Lizard Tail"],"picked":"Philosopher\u0027s Stone"}],"potions_floor_spawned":[1,3,10],"seed_played":"-396226509367542558","killed_by":"3 Byrds","ascension_level":5,"is_trial":false}