{"path_per_floor":["M","M","M","?","?","R","E","R","T","R","M","M","T","M","R","B",null,"M","$","?"],"character_chosen":"THE_SILENT","items_purchased":["Unceasing Top","Ancient Tea Set","Footwork"],"gold_per_floor":[112,127,137,137,137,137,166,166,215,215,230,243,543,561,561,666,666,680,71,97,97],"floor_reached":21,"campfire_rested":3,"playtime":901,"current_hp_per_floor":[63,63,63,56,43,61,39,57,57,57,57,54,54,39,57,16,63,47,47,7,0],"items_purged":["Strike_G"],"gold":97,"score":188,"play_id":"3cb0f93c-4938-4058-b7a0-dc15fb3708e4","local_time":"20180401003201","is_prod":false,"is_daily":false,"is_ascension_mode":true,"campfire_upgraded":1,"timestamp":1522557121,"path_taken":["M","M","M","?","?","R","E","R","T","R","M","?","?","M","R","BOSS","M","$","?","M"],"build_version":"2018-03-29","purchased_purges":1,"victory":false,"master_deck":["Defend_G","Defend_G","Defend_G","Defend_G","Defend_G","Strike_G","Strike_G","Strike_G","Strike_G","Survivor","Neutralize","Tools of the Trade","Flying Knee","Bouncing Flask+1","Well Laid Plans+1","Glass Knife+1","Infinite Blades+1","Bouncing Flask","Caltrops+1","Storm of Steel","Acrobatics","Footwork+1","Dagger Spray"],"max_hp_per_floor":[63,63,63,63,63,63,63,63,63,63,63,63,63,63,63,63,63,63,63,63,63],"relics":["Ring of the Snake","Frozen Egg 2","Blue Candle","Vajra","Old Coin","Sozu","Unceasing Top","Ancient Tea Set","Red Mask"],"card_choices":[{"not_picked":["Night Terror","Grand Finale"],"picked":"Tools of the Trade","floor":0},{"not_picked":["Outmaneuver","Distraction"],"picked":"Flying Knee","floor":1},{"not_picked":["Prepared","Dodge and Roll"],"picked":"Bouncing Flask","floor":2},{"not_picked":["PiercingWail","Leg Sweep"],"picked":"Well Laid Plans","floor":3},{"not_picked":["Slice","Deflect"],"picked":"Glass Knife","floor":7},{"not_picked":["Backflip","Acrobatics"],"picked":"Infinite Blades","floor":11},{"not_picked":["Slice","Backflip"],"picked":"Bouncing Flask","floor":12},{"not_picked":["Choke","Calculated Gamble"],"picked":"Caltrops","floor":14},{"not_picked":["Tools of the Trade","Phantasmal Killer"],"picked":"Storm of Steel","floor":16},{"not_picked":["Deflect","Infinite Blades"],"picked":"Acrobatics","floor":18},{"not_picked":["Eviscerate","Endless Agony"],"picked":"Dagger Spray","floor":20}],"player_experience":57856,"potions_floor_usage":[11,16,18,20],"damage_taken":[{"damage":0,"enemies":"2 Louse","floor":1,"turns":4},{"damage":0,"enemies":"Jaw Worm","floor":2,"turns":3},{"damage":0,"enemies":"Small Slimes","floor":3,"turns":3},{"damage":22,"enemies":"3 Sentries","floor":7,"turns":9},{"damage":0,"enemies":"Red Slaver","floor":11,"turns":3},{"damage":3,"enemies":"Exordium Wildlife","floor":12,"turns":3},{"damage":15,"enemies":"Exordium Thugs","floor":14,"turns":4},{"damage":41,"enemies":"The Guardian","floor":16,"turns":7},{"damage":16,"enemies":"Chosen","floor":18,"turns":4},{"damage":40,"enemies":"Masked Bandits","floor":20,"turns":4},{"damage":9,"enemies":"Shell Parasite","floor":21,"turns":3}],"event_choices":[{"event_name":"Scrap Ooze","player_choice":"success","floor":4,"damage_taken":7},{"event_name":"Shining Light","player_choice":"Entered Light","floor":5,"damage_taken":0},{"event_name":"Masked Bandits","player_choice":"Fought over 71 gold","floor":20,"damage_taken":0}],"boss_relics":[{"not_picked":["Eternal Feather","Velvet Choker"],"picked":"Sozu"}],"potions_floor_spawned":[2,11,12,16],"seed_played":"2572807614431972784","killed_by":"Shell Parasite","ascension_level":1,"is_trial":false}