{"path_per_floor":["M","?","M","?","$","R","E","R","T","E","M","$","M","M","R","B",null,"M","?","?","?","M","E","R","E","T","?","?","?","$","M","R"],"character_chosen":"IRONCLAD","items_purchased":["Rampage","Havoc","Feel No Pain","Havoc"],"gold_per_floor":[12,12,25,81,44,44,75,75,75,102,114,69,82,94,94,191,191,201,201,201,116,133,160,160,189,189,189,189,189,82,94,94,94],"floor_reached":33,"campfire_rested":3,"playtime":1062,"current_hp_per_floor":[80,64,50,50,50,50,48,48,48,14,16,16,16,11,35,21,65,48,32,58,58,64,45,69,37,37,37,37,37,37,28,54,0],"items_purged":[],"gold":94,"score":364,"play_id":"a761c045-ac4c-4daa-86ef-a0d7742ee3c3","local_time":"20180415003706","is_prod":false,"is_daily":false,"chose_seed":false,"is_ascension_mode":true,"campfire_upgraded":2,"timestamp":1523767026,"path_taken":["M","?","M","?","$","R","E","R","T","E","M","$","?","M","R","BOSS","M","?","?","?","M","E","R","E","T","?","?","?","$","M","R","BOSS"],"build_version":"2018-04-13","seed_source_timestamp":229793520892405,"purchased_purges":0,"victory":false,"master_deck":["Strike_R","Strike_R+1","Strike_R","Strike_R","Strike_R","Defend_R","Defend_R+1","Defend_R+1","Defend_R+1","Bash","Thunderclap+1","Heavy Blade","Rampage+1","Inflame","Reckless Charge","Spot Weakness","Havoc","Dropkick","Demon Form","Warcry","Feel No Pain+1","Shrug It Off","Corruption","Feel No Pain","Havoc","Metallicize"],"max_hp_per_floor":[80,80,80,80,80,80,80,80,80,80,80,80,80,80,80,80,80,80,80,80,80,80,80,80,87,87,87,87,87,87,87,87,87],"relics":["Burning Blood","Ice Cream","War Paint","Bottled Flame","Pen Nib","Mark of Pain","Enchiridion","Darkstone Periapt","Lantern","Strawberry","Juzu Bracelet","Ginger"],"card_choices":[{"not_picked":["True Grit","Clothesline"],"picked":"Thunderclap","floor":1},{"not_picked":["Sever Soul","Twin Strike"],"picked":"Heavy Blade","floor":3},{"not_picked":["Clash","Warcry"],"picked":"Inflame","floor":7},{"not_picked":["Burning Pact","Warcry"],"picked":"Reckless Charge","floor":10},{"not_picked":["Sentinel","Warcry"],"picked":"Spot Weakness","floor":11},{"not_picked":["Body Slam","Heavy Blade"],"picked":"Dropkick","floor":13},{"not_picked":["Bludgeon","Double Tap"],"picked":"Demon Form","floor":16},{"not_picked":["True Grit","Pommel Strike"],"picked":"Warcry","floor":18},{"not_picked":["Seeing Red","Heavy Blade"],"picked":"Feel No Pain","floor":22},{"not_picked":["Sword Boomerang","Iron Wave"],"picked":"Shrug It Off","floor":23},{"not_picked":["Metallicize","Warcry"],"picked":"Corruption","floor":25},{"not_picked":["Twin Strike","Berserk"],"picked":"Metallicize","floor":31}],"player_experience":195661,"potions_floor_usage":[13,22,25,25,31,33,33],"damage_taken":[{"damage":6,"enemies":"2 Louse","floor":1,"turns":3},{"damage":20,"enemies":"Small Slimes","floor":3,"turns":4},{"damage":8,"enemies":"Gremlin Nob","floor":7,"turns":3},{"damage":40,"enemies":"Lagavulin","floor":10,"turns":4},{"damage":4,"enemies":"Jaw Worm","floor":11,"turns":2},{"damage":6,"enemies":"Red Slaver","floor":13,"turns":4},{"damage":11,"enemies":"Looter","floor":14,"turns":3},{"damage":20,"enemies":"Hexaghost","floor":16,"turns":7},{"damage":23,"enemies":"2 Thieves","floor":18,"turns":3},{"damage":0,"enemies":"3 Byrds","floor":22,"turns":4},{"damage":25,"enemies":"Book of Stabbing","floor":23,"turns":4},{"damage":45,"enemies":"Slavers","floor":25,"turns":5},{"damage":15,"enemies":"Centurion and Healer","floor":31,"turns":7},{"damage":58,"enemies":"Champ","floor":33,"turns":9}],"event_choices":[{"event_name":"Shining Light","player_choice":"Entered Light","floor":2,"damage_taken":0},{"event_name":"Golden Wing","player_choice":"Gained Gold","floor":4,"damage_taken":0},{"event_name":"Cursed Tome","player_choice":"Obtained Book","floor":19,"damage_taken":0},{"event_name":"The Library","player_choice":"Heal","floor":20,"damage_taken":0},{"event_name":"Addict","player_choice":"Obtained Relic","floor":21,"damage_taken":0},{"event_name":"The Mausoleum","player_choice":"Yes","floor":27,"damage_taken":0},{"event_name":"The Lab","player_choice":"Got Potions","floor":28,"damage_taken":0},{"event_name":"Ghosts","player_choice":"Ignored","floor":29,"damage_taken":0}],"boss_relics":[{"not_picked":["Eternal Feather","Orrery"],"picked":"Mark of Pain"}],"potions_floor_spawned":[7,11,14,18,23,31],"seed_played":"-8999923339011275968","killed_by":"Champ","ascension_level":5,"is_trial":false}