{"gold_per_floor":[114,88,102,102,115,115,180,197,223,237,183,183,183,199,199,294,294,313,35,50,50,50,50,60,60],"floor_reached":25,"playtime":1196,"items_purged":[],"score":315,"play_id":"527d7e2f-386d-4077-ae6e-89da2bc41768","local_time":"20180708164338","is_ascension_mode":true,"campfire_choices":[{"data":"Neutralize","floor":6,"key":"SMITH"},{"floor":12,"key":"REST"},{"floor":15,"key":"REST"},{"data":"Skewer","floor":23,"key":"SMITH"}],"neow_cost":"","seed_source_timestamp":2057910650163683,"circlet_count":0,"master_deck":["Defend_G","Defend_G","Defend_G+1","Defend_G","Defend_G","Strike_G","Strike_G","Strike_G","Strike_G","Strike_G","Survivor","Neutralize+1","AscendersBane","Dash","Dagger Throw","Poisoned Stab","Terror+1","Deadly Poison","Malaise+1","Skewer+1","Flying Knee","Dagger Spray","A Thousand Cuts","Escape Plan+1","Blur","Deadly Poison+1","Writhe","Backflip+1"],"relics":["Ring of the Snake","Tiny Chest","War Paint","Snecko Eye","Meat on the Bone","Oddly Smooth Stone"],"potions_floor_usage":[18,25],"damage_taken":[{"damage":0,"enemies":"2 Louse","floor":1,"turns":3},{"damage":0,"enemies":"Jaw Worm","floor":3,"turns":3},{"damage":2,"enemies":"Small Slimes","floor":5,"turns":3},{"damage":16,"enemies":"Lagavulin","floor":7,"turns":8},{"damage":19,"enemies":"Exordium Thugs","floor":8,"turns":6},{"damage":2,"enemies":"3 Louse","floor":10,"turns":5},{"damage":18,"enemies":"Large Slime","floor":14,"turns":6},{"damage":32,"enemies":"The Guardian","floor":16,"turns":11},{"damage":0,"enemies":"Chosen","floor":18,"turns":5},{"damage":2,"enemies":"3 Byrds","floor":20,"turns":4},{"damage":12,"enemies":"3 Cultists","floor":24,"turns":6},{"damage":43,"enemies":"Gremlin Leader","floor":25,"turns":6}],"seed_played":"-1407246572350805886","potions_obtained":[{"floor":8,"key":"SneckoOil"},{"floor":14,"key":"Energy Potion"},{"floor":16,"key":"AttackPotion"}],"is_trial":false,"path_per_floor":["M","$","M","?","M","R","E","M","T","M","$","R","?","M","R","B",null,"M","$","M","?","?","R","M"],"character_chosen":"THE_SILENT","items_purchased":["Dagger Throw","Flying Knee","Blur","Meat on the Bone"],"campfire_rested":2,"item_purchase_floors":[2,11,19,19],"current_hp_per_floor":[63,63,63,63,61,61,45,26,26,24,24,45,45,27,48,16,57,57,57,55,55,55,55,43,0],"gold":60,"neow_bonus":"","is_prod":false,"is_daily":false,"chose_seed":false,"campfire_upgraded":2,"win_rate":0,"timestamp":1531082618,"path_taken":["M","$","M","?","M","R","E","M","T","M","$","R","?","M","R","BOSS","M","$","M","?","?","R","?","E"],"build_version":"2018-07-05","purchased_purges":0,"victory":false,"max_hp_per_floor":[70,70,70,70,70,70,70,70,70,70,70,70,70,70,70,70,70,70,70,70,70,70,70,70,70],"card_choices":[{"not_picked":["Deadly Poison","Cloak And Dagger"],"picked":"Dash","floor":1},{"not_picked":["Dagger Throw","Quick Slash"],"picked":"Poisoned Stab","floor":3},{"not_picked":["Bane","Acrobatics"],"picked":"Terror","floor":5},{"not_picked":["Masterful Stab","Quick Slash"],"picked":"Deadly Poison","floor":7},{"not_picked":["Deadly Poison","Quick Slash"],"picked":"Malaise","floor":8},{"not_picked":["Underhanded Strike","Reflex"],"picked":"Skewer","floor":10},{"not_picked":["Setup","Endless Agony"],"picked":"Dagger Spray","floor":14},{"not_picked":["Die Die Die","Tools of the Trade"],"picked":"A Thousand Cuts","floor":16},{"not_picked":["Outmaneuver","Acrobatics+1"],"picked":"Escape Plan+1","floor":18},{"not_picked":["Bane","Expertise"],"picked":"Deadly Poison+1","floor":20},{"not_picked":["Slice","Quick Slash"],"picked":"Backflip+1","floor":24}],"player_experience":540591,"relics_obtained":[{"floor":7,"key":"Tiny Chest"},{"floor":9,"key":"War Paint"}],"event_choices":[{"event_name":"Liars Game","player_choice":"disagreed","floor":4,"damage_taken":0},{"event_name":"Living Wall","player_choice":"Grow","floor":13,"damage_taken":0},{"event_name":"The Mausoleum","player_choice":"Yes","floor":21,"damage_taken":0},{"event_name":"Addict","player_choice":"Ignored","floor":22,"damage_taken":0}],"boss_relics":[{"not_picked":["Philosopher\u0027s Stone","Calling Bell"],"picked":"Snecko Eye"}],"items_purged_floors":[],"is_endless":false,"potions_floor_spawned":[8,14,16],"killed_by":"Gremlin Leader","ascension_level":11}