{"gold_per_floor":[212,212,232,232,52,52,70,70,93,93,127,88,109,109,109,233,233,256,270,290,314,334,368,368,368,368,29,29,29,54,90,90,220,220,238,363,363,696,696,730,730,730,783,817,892,892,940,175,175,175,175,175,19,51,51],"floor_reached":56,"playtime":3385,"items_purged":["Strike_R"],"score":1539,"play_id":"757b481e-a965-4c5e-a3b7-949780f51465","local_time":"20190126134834","is_ascension_mode":true,"campfire_choices":[{"data":"Inflame","floor":6,"key":"SMITH"},{"data":"Bash","floor":8,"key":"SMITH"},{"data":"Feel No Pain","floor":10,"key":"SMITH"},{"data":"Evolve","floor":15,"key":"SMITH"},{"floor":24,"key":"REST"},{"floor":29,"key":"REST"},{"data":"Juggernaut","floor":32,"key":"SMITH"},{"data":"Feel No Pain","floor":42,"key":"SMITH"},{"data":"Offering","floor":46,"key":"SMITH"},{"floor":49,"key":"RECALL"},{"data":"Entrench","floor":52,"key":"SMITH"}],"neow_cost":"NONE","seed_source_timestamp":510781170313902,"circlet_count":0,"master_deck":["Bash+1","Evolve+1","Anger","Inflame+1","Twin Strike","Feel No Pain+1","True Grit","Inflame","Corruption","Juggernaut+1","Rage","Battle Trance","Rage","Entrench+1","Intimidate","Feel No Pain+1","Havoc","True Grit+1","Reckless Charge+1","Offering+1","Metallicize","Shrug It Off+1","Armaments+1","Feel No Pain","Feel No Pain","Flame Barrier","Impervious","Seeing Red+1","Body Slam+1","Transmutation","Dark Shackles","Sword Boomerang","Body Slam"],"relics":["Burning Blood","Anchor","Matryoshka","Pandora\u0027s Box","PreservedInsect","Juzu Bracelet","Pen Nib","Bird Faced Urn","Lantern","Busted Crown","FossilizedHelix","Blood Vial","Centennial Puzzle","Happy Flower","Prayer Wheel","Thread and Needle","Calipers","Bronze Scales","Dead Branch"],"potions_floor_usage":[16,19,22,22,22,23,50,55],"damage_taken":[{"damage":5,"enemies":"Small Slimes","floor":1,"turns":4},{"damage":6,"enemies":"Cultist","floor":3,"turns":4},{"damage":0,"enemies":"2 Louse","floor":7,"turns":3},{"damage":16,"enemies":"3 Sentries","floor":11,"turns":6},{"damage":14,"enemies":"Lots of Slimes","floor":13,"turns":4},{"damage":32,"enemies":"Hexaghost","floor":16,"turns":8},{"damage":0,"enemies":"Chosen","floor":18,"turns":5},{"damage":16,"enemies":"Shell Parasite","floor":19,"turns":4},{"damage":23,"enemies":"Centurion and Healer","floor":20,"turns":6},{"damage":16,"enemies":"Shelled Parasite and Fungi","floor":21,"turns":7},{"damage":39,"enemies":"Snake Plant","floor":22,"turns":5},{"damage":22,"enemies":"Slavers","floor":23,"turns":7},{"damage":6,"enemies":"Cultist and Chosen","floor":30,"turns":6},{"damage":25,"enemies":"Book of Stabbing","floor":31,"turns":5},{"damage":70,"enemies":"Collector","floor":33,"turns":12},{"damage":15,"enemies":"Orb Walker","floor":35,"turns":5},{"damage":6,"enemies":"Mind Bloom Boss Battle","floor":36,"turns":6},{"damage":18,"enemies":"Reptomancer","floor":40,"turns":6},{"damage":17,"enemies":"Nemesis","floor":44,"turns":7},{"damage":14,"enemies":"2 Orb Walkers","floor":47,"turns":4},{"damage":0,"enemies":"Donu and Deca","floor":50,"turns":5},{"damage":0,"enemies":"Shield and Spear","floor":54,"turns":6},{"damage":81,"enemies":"The Heart","floor":55,"turns":6}],"seed_played":"-3750393471710878845","potions_obtained":[{"floor":1,"key":"Weak Potion"},{"floor":7,"key":"Swift Potion"},{"floor":11,"key":"LiquidBronze"},{"floor":14,"key":"EntropicBrew"},{"floor":14,"key":"LiquidBronze"},{"floor":16,"key":"GamblersBrew"},{"floor":20,"key":"Weak Potion"},{"floor":30,"key":"Weak Potion"},{"floor":31,"key":"SteroidPotion"},{"floor":40,"key":"Strength Potion"},{"floor":54,"key":"FearPotion"}],"is_trial":false,"path_per_floor":["M","?","M","?","$","R","M","R","T","R","E","$","M","?","R","B",null,"M","M","M","M","M","E","R","?","T","$","?","R","M","E","R","B",null,"M","?","?","?","?","E","?","R","T","E","?","R","?","$","R","B",null,"R","$","E","B",null],"character_chosen":"IRONCLAD","items_purchased":["Inflame","Twin Strike","Inflame","Bird Faced Urn","Feel No Pain","Thread and Needle","Calipers","Dark Shackles","Sword Boomerang","Strength Potion","Bronze Scales"],"campfire_rested":2,"item_purchase_floors":[5,5,12,27,27,48,48,48,48,48,53],"current_hp_per_floor":[80,74,74,79,79,79,79,79,79,79,69,69,61,61,61,35,79,79,69,52,42,9,10,33,33,33,33,33,56,72,69,69,23,79,76,79,79,79,79,73,68,68,68,79,72,72,79,79,79,79,79,79,79,79,24],"gold":51,"neow_bonus":"HUNDRED_GOLD","is_prod":false,"is_daily":false,"chose_seed":false,"campfire_upgraded":8,"win_rate":0,"timestamp":1548528514,"path_taken":["M","?","M","?","$","R","M","R","T","R","E","$","M","?","R","BOSS","M","M","?","M","M","E","R","?","T","$","?","R","M","E","R","BOSS","M","?","?","?","?","E","?","R","T","E","?","R","?","$","R","BOSS","R","$","E","BOSS"],"build_version":"2019-01-23","purchased_purges":1,"victory":true,"max_hp_per_floor":[80,74,74,79,79,79,79,79,79,79,79,79,79,79,79,79,79,79,79,79,79,79,79,79,79,79,79,79,79,79,79,79,79,79,79,79,79,79,79,79,79,79,79,79,79,79,79,79,79,79,79,79,79,79,79],"card_choices":[{"not_picked":["Wild Strike","Burning Pact"],"picked":"Evolve","floor":1},{"not_picked":["Headbutt","Fire Breathing"],"picked":"Anger","floor":3},{"not_picked":["Havoc","Pummel"],"picked":"Feel No Pain","floor":7},{"not_picked":["Iron Wave","Heavy Blade"],"picked":"True Grit","floor":11},{"not_picked":["Clash","Perfected Strike"],"picked":"Corruption","floor":13},{"not_picked":["Fiend Fire","Double Tap"],"picked":"Juggernaut","floor":16},{"not_picked":["Anger","Rupture"],"picked":"True Grit+1","floor":18},{"not_picked":["Sword Boomerang","Headbutt"],"picked":"Reckless Charge+1","floor":19},{"not_picked":["Headbutt+1","Warcry"],"picked":"Offering","floor":20},{"not_picked":["Burning Pact+1","Searing Blow"],"picked":"Metallicize","floor":21},{"not_picked":["Cleave","Corruption"],"picked":"Shrug It Off+1","floor":22},{"not_picked":["Seeing Red+1","Immolate"],"picked":"Armaments+1","floor":23},{"not_picked":["Havoc","Wild Strike"],"picked":"True Grit","floor":30},{"not_picked":["Body Slam","Hemokinesis"],"picked":"Flame Barrier","floor":31},{"not_picked":["Bludgeon","Brutality"],"picked":"Impervious","floor":33},{"not_picked":[],"picked":"Seeing Red+1","floor":35},{"not_picked":[],"picked":"Body Slam+1","floor":36},{"not_picked":["Anger"],"picked":"SKIP","floor":40},{"not_picked":[],"picked":"Transmutation","floor":41},{"not_picked":["Wild Strike"],"picked":"SKIP","floor":44},{"not_picked":[],"picked":"Body Slam","floor":54}],"player_experience":1310860,"relics_obtained":[{"floor":9,"key":"Anchor"},{"floor":11,"key":"Matryoshka"},{"floor":23,"key":"PreservedInsect"},{"floor":26,"key":"Juzu Bracelet"},{"floor":26,"key":"Pen Nib"},{"floor":31,"key":"Lantern"},{"floor":36,"key":"FossilizedHelix"},{"floor":40,"key":"Blood Vial"},{"floor":43,"key":"Centennial Puzzle"},{"floor":44,"key":"Happy Flower"},{"floor":47,"key":"Prayer Wheel"},{"floor":54,"key":"Dead Branch"}],"event_choices":[{"damage_healed":0,"gold_gain":0,"player_choice":"Lose Max HP","damage_taken":0,"relics_obtained":["Golden Idol"],"max_hp_gain":0,"max_hp_loss":6,"event_name":"Golden Idol","floor":2,"gold_loss":0},{"damage_healed":0,"gold_gain":0,"player_choice":"Donut","damage_taken":0,"max_hp_gain":5,"max_hp_loss":0,"event_name":"Big Fish","floor":4,"gold_loss":0},{"damage_healed":0,"gold_gain":0,"player_choice":"Got Potions","damage_taken":0,"max_hp_gain":0,"max_hp_loss":0,"event_name":"Lab","floor":14,"gold_loss":0},{"damage_healed":0,"gold_gain":0,"cards_transformed":["Bloodletting"],"player_choice":"Transformed","damage_taken":0,"max_hp_gain":0,"max_hp_loss":0,"event_name":"Transmorgrifier","floor":25,"gold_loss":0,"cards_obtained":["Feel No Pain"]},{"damage_healed":0,"gold_gain":0,"player_choice":"Fight","damage_taken":0,"max_hp_gain":0,"max_hp_loss":0,"event_name":"MindBloom","floor":36,"gold_loss":0},{"cards_removed":["True Grit"],"damage_healed":0,"gold_gain":0,"player_choice":"Removed Skill","damage_taken":0,"max_hp_gain":0,"max_hp_loss":0,"event_name":"Falling","floor":37,"gold_loss":0},{"damage_healed":0,"gold_gain":333,"player_choice":"Gave Idol","damage_taken":0,"max_hp_gain":0,"max_hp_loss":0,"event_name":"The Moai Head","floor":38,"relics_lost":["Golden Idol"],"gold_loss":0},{"damage_healed":0,"gold_gain":0,"player_choice":"Ignored","damage_taken":0,"max_hp_gain":0,"max_hp_loss":0,"event_name":"Tomb of Lord Red Mask","floor":39,"gold_loss":0},{"damage_healed":0,"gold_gain":0,"player_choice":"Memory 2","damage_taken":5,"max_hp_gain":0,"max_hp_loss":0,"event_name":"SensoryStone","floor":41,"gold_loss":0},{"damage_healed":0,"gold_gain":75,"player_choice":"Touch","damage_taken":7,"max_hp_gain":0,"max_hp_loss":0,"event_name":"FaceTrader","floor":45,"gold_loss":0},{"damage_healed":0,"gold_gain":0,"player_choice":"Fight","damage_taken":0,"max_hp_gain":0,"max_hp_loss":0,"event_name":"Mysterious Sphere","floor":47,"gold_loss":0}],"is_beta":true,"boss_relics":[{"not_picked":["Tiny House","Black Star"],"picked":"Pandora\u0027s Box"},{"not_picked":["Eternal Feather","White Beast Statue"],"picked":"Busted Crown"}],"items_purged_floors":[5],"is_endless":false,"potions_floor_spawned":[1,7,11,16,20,30,31,40,44,54],"ascension_level":4}