{"path_per_floor":["M","?","M","M","$","R","T","R","T","M","R","?","R","M","R","B",null,"M","$","?","M","?","R","M","M","T","?","$","M","R","M","R","B",null,"M","?","M","M","M","R","?","R","T","?","M","R","$","M","R"],"character_chosen":"IRONCLAD","items_purchased":["Flex","Flex","Ornamental Fan"],"gold_per_floor":[111,111,124,140,19,19,19,19,19,29,29,29,29,48,48,174,174,199,99,99,114,14,14,27,45,345,345,43,54,54,64,64,164,164,184,184,194,204,220,220,220,220,247,247,266,266,141,160,160],"floor_reached":50,"campfire_rested":2,"playtime":1497,"current_hp_per_floor":[80,68,73,78,78,78,78,78,78,80,80,80,80,80,80,17,80,63,63,63,64,64,64,35,41,41,41,41,31,31,42,42,27,80,80,80,80,50,58,58,58,58,63,53,17,41,41,37,61],"items_purged":["Defend_R","Bash","Injury"],"gold":160,"score":409,"play_id":"5a3b360d-7764-4f59-bbff-acd3271f592e","local_time":"20180305180537","is_prod":false,"is_daily":false,"is_ascension_mode":false,"campfire_upgraded":10,"timestamp":1520291137,"path_taken":["M","?","?","?","$","R","?","R","T","M","R","?","R","M","R","BOSS","M","$","?","M","?","R","M","?","T","?","?","M","R","M","R","BOSS","M","?","M","M","M","R","?","R","T","?","M","R","?","?","R","BOSS"],"build_version":"2018-03-01-PROD1","purchased_purges":3,"victory":false,"master_deck":["Strike_R","Strike_R","Strike_R","Strike_R","Strike_R","Defend_R","Defend_R","Defend_R","Perfected Strike","Whirlwind+1","Inflame+1","Perfected Strike+1","Flex+1","Cleave","Wild Strike+1","Limit Break+1","Whirlwind+1","Dropkick","J.A.X.+1","Shrug It Off+1","Intimidate+1","Flex+1","Seeing Red+1","Perfected Strike","Berserk","Cleave","Shrug It Off+1","Bloodletting+1","Injury","Madness","Madness","Wild Strike"],"max_hp_per_floor":[80,80,80,80,80,80,80,80,80,80,80,80,80,80,80,80,80,80,80,80,80,80,80,80,80,80,80,80,80,80,80,80,80,80,80,80,80,80,80,80,80,80,80,80,80,80,80,80,80],"relics":["Burning Blood","Ginger","Bag of Marbles","Red Skull","Bloody Idol","Lizard Tail","Old Coin","Ornamental Fan","Cursed Key","Omamori"],"card_choices":[{"not_picked":["Evolve","Clash"],"picked":"Perfected Strike"},{"not_picked":["True Grit","Heavy Blade"],"picked":"Whirlwind"},{"not_picked":["Combust","Immolate"],"picked":"Inflame"},{"not_picked":["Heavy Blade","Armaments"],"picked":"Perfected Strike"},{"not_picked":["Flame Barrier","Heavy Blade"],"picked":"Cleave"},{"not_picked":["Twin Strike","Heavy Blade"],"picked":"Wild Strike"},{"not_picked":["Dark Embrace","Impervious"],"picked":"Limit Break"},{"not_picked":["Infernal Blade","Warcry"],"picked":"Whirlwind"},{"not_picked":["Pummel","Havoc"],"picked":"Dropkick"},{"not_picked":["Heavy Blade","Metallicize"],"picked":"Shrug It Off"},{"not_picked":["Clothesline","Clash"],"picked":"Intimidate"},{"not_picked":["Evolve","Intimidate"],"picked":"Seeing Red"},{"not_picked":["Combust","Evolve"],"picked":"Perfected Strike"},{"not_picked":["Feed","Immolate"],"picked":"Berserk"},{"not_picked":["Clothesline","Ghostly Armor"],"picked":"Cleave"},{"not_picked":["Infernal Blade","Hemokinesis"],"picked":"Shrug It Off"},{"not_picked":["Blood for Blood","Body Slam"],"picked":"Bloodletting"},{"not_picked":["Uppercut","Twin Strike"],"picked":"Wild Strike"}],"player_experience":413117,"potions_floor_usage":[16,18,24,31,33,38,45,50,50],"damage_taken":[{"damage":5,"enemies":"Small Slimes","floor":1,"turns":3},{"damage":1,"enemies":"Cultist","floor":3,"turns":3},{"damage":1,"enemies":"Jaw Worm","floor":4,"turns":3},{"damage":0,"enemies":"2 Fungi Beasts","floor":10,"turns":2},{"damage":0,"enemies":"Exordium Wildlife","floor":14,"turns":2},{"damage":69,"enemies":"The Guardian","floor":16,"turns":8},{"damage":23,"enemies":"2 Thieves","floor":18,"turns":3},{"damage":5,"enemies":"Spheric Guardian","floor":21,"turns":3},{"damage":35,"enemies":"Slaver and Parasite","floor":24,"turns":4},{"damage":0,"enemies":"3 Cultists","floor":25,"turns":2},{"damage":21,"enemies":"Snake Plant","floor":29,"turns":2},{"damage":0,"enemies":"Centurion and Healer","floor":31,"turns":2},{"damage":92,"enemies":"Collector","floor":33,"turns":9},{"damage":11,"enemies":"3 Darklings","floor":35,"turns":3},{"damage":7,"enemies":"Orb Walker","floor":37,"turns":2},{"damage":41,"enemies":"Sphere and 2 Shapes","floor":38,"turns":4},{"damage":3,"enemies":"4 Shapes","floor":39,"turns":2},{"damage":47,"enemies":"Maw","floor":45,"turns":7},{"damage":15,"enemies":"3 Darklings","floor":48,"turns":5},{"damage":81,"enemies":"Awakened One","floor":50,"turns":5}],"event_choices":[{"event_name":"Scrap Ooze","player_choice":"success","floor":2,"damage_taken":12},{"event_name":"Golden Idol","player_choice":"Take Wound","floor":12,"damage_taken":0},{"event_name":"Accursed Blacksmith","player_choice":"Forge","floor":20,"damage_taken":0},{"event_name":"Drug Dealer","player_choice":"Got JAXXED","floor":22,"damage_taken":0},{"event_name":"Forgotten Altar","player_choice":"Gave Idol","floor":27,"damage_taken":0},{"event_name":"The Lab","player_choice":"Got Potions","floor":36,"damage_taken":0},{"event_name":"Tomb of Lord Red Mask","player_choice":"Ignored","floor":41,"damage_taken":0},{"event_name":"Winding Halls","player_choice":"Embrace Madness","floor":44,"damage_taken":0}],"boss_relics":[{"not_picked":["Pandora\u0027s Box","Runic Dome"],"picked":"Lizard Tail"},{"not_picked":["Tiny House","Snecko Eye"],"picked":"Cursed Key"}],"potions_floor_spawned":[1,10,16,18,25,29,33,35,39],"seed_played":"-1215186086083403374","killed_by":"Awakened One","ascension_level":0,"is_trial":false}