{"path_per_floor":["M","M","M","M","M","E","R","E","T","E","R","E","M","E","R","B",null,"M","M","$","M","M","R","?","M","T","$","M","M","T","M","R"],"character_chosen":"IRONCLAD","items_purchased":["Thread and Needle","Armaments","Power Through","Inflame"],"gold_per_floor":[111,125,139,156,167,198,198,229,229,263,263,290,305,333,333,428,428,440,457,115,126,146,146,146,158,158,8,23,42,42,55,55,55],"floor_reached":33,"campfire_rested":4,"playtime":1470,"current_hp_per_floor":[78,80,80,70,66,58,58,29,29,20,44,35,36,26,65,28,69,75,65,65,56,57,87,87,87,87,87,83,80,80,58,90,0],"items_purged":[],"gold":55,"score":381,"play_id":"4dd1b8a0-399b-48e2-909f-d45faaf15bb4","local_time":"20180415133250","is_prod":false,"is_daily":false,"chose_seed":true,"is_ascension_mode":true,"campfire_upgraded":1,"timestamp":1523813570,"path_taken":["M","M","M","M","M","E","R","E","T","E","R","E","M","E","R","BOSS","M","M","$","M","M","R","?","?","T","?","M","?","?","M","R","BOSS"],"build_version":"2018-04-13","seed_source_timestamp":275933159810347,"purchased_purges":0,"victory":false,"master_deck":["Strike_R","Strike_R","Strike_R","Strike_R","Defend_R","Bash","Sword Boomerang","Headbutt","Twin Strike","Shrug It Off+1","Ghostly Armor","Clothesline","Feed","Clash","Cleave","Spot Weakness","Rampage","Immolate","Combust+1","Exhume+1","Searing Blow+1","Shrug It Off","Rage","Armaments","Rage+1","Shrug It Off+1","Disarm","Power Through","Inflame","Battle Trance","Feed","Flame Barrier"],"max_hp_per_floor":[80,80,80,80,80,80,80,80,80,80,80,80,83,83,83,83,83,83,83,83,83,87,87,87,87,87,87,87,90,90,90,90,90],"relics":["Burning Blood","NeowsBlessing","Question Card","Bag of Preparation","Self Forming Clay","Bird Faced Urn","Sundial","Regal Pillow","Astrolabe","Thread and Needle","Smiling Mask","Bottled Flame"],"card_choices":[{"not_picked":["Burning Pact","Anger"],"picked":"Sword Boomerang","floor":1},{"not_picked":["Dropkick","Burning Pact"],"picked":"Headbutt","floor":2},{"not_picked":["Dropkick","Heavy Blade"],"picked":"Twin Strike","floor":3},{"not_picked":["Evolve","Pummel"],"picked":"Shrug It Off","floor":4},{"not_picked":["Rupture","Reckless Charge"],"picked":"Ghostly Armor","floor":5},{"not_picked":["Fiend Fire","Shrug It Off"],"picked":"Clothesline","floor":6},{"not_picked":["Wild Strike","Sentinel","True Grit"],"picked":"Feed","floor":8},{"not_picked":["Burning Pact","Wild Strike","Perfected Strike"],"picked":"Clash","floor":10},{"not_picked":["Perfected Strike","Sever Soul","Heavy Blade"],"picked":"Cleave","floor":12},{"not_picked":["Havoc","Uppercut","Heavy Blade"],"picked":"Spot Weakness","floor":13},{"not_picked":["Fiend Fire","Body Slam","Dropkick"],"picked":"Rampage","floor":14},{"not_picked":["Bludgeon","Double Tap","Berserk"],"picked":"Immolate","floor":16},{"not_picked":["Whirlwind","Flex","Cleave"],"picked":"Shrug It Off","floor":18},{"not_picked":["Twin Strike","Headbutt","Carnage"],"picked":"Rage","floor":19},{"not_picked":["Perfected Strike","Heavy Blade","Wild Strike"],"picked":"Rage","floor":21},{"not_picked":["Perfected Strike","Havoc","Rupture"],"picked":"Shrug It Off","floor":22},{"not_picked":["Evolve","Exhume","Havoc"],"picked":"Disarm","floor":25},{"not_picked":["Headbutt","Iron Wave","Heavy Blade"],"picked":"Battle Trance","floor":28},{"not_picked":["Sword Boomerang","Clothesline","Armaments"],"picked":"Feed","floor":29},{"not_picked":["Clothesline","Flex","Combust"],"picked":"Flame Barrier","floor":31}],"player_experience":209650,"potions_floor_usage":[6,8,8,10,16,18,21,22,25,28,33],"damage_taken":[{"damage":0,"enemies":"Cultist","floor":1,"turns":1},{"damage":0,"enemies":"Jaw Worm","floor":2,"turns":1},{"damage":0,"enemies":"2 Louse","floor":3,"turns":1},{"damage":16,"enemies":"Blue Slaver","floor":4,"turns":4},{"damage":10,"enemies":"2 Fungi Beasts","floor":5,"turns":3},{"damage":26,"enemies":"Gremlin Nob","floor":6,"turns":5},{"damage":35,"enemies":"Lagavulin","floor":8,"turns":7},{"damage":15,"enemies":"Gremlin Nob","floor":10,"turns":4},{"damage":15,"enemies":"Lagavulin","floor":12,"turns":7},{"damage":8,"enemies":"Large Slime","floor":13,"turns":6},{"damage":16,"enemies":"Gremlin Nob","floor":14,"turns":4},{"damage":43,"enemies":"Slime Boss","floor":16,"turns":8},{"damage":0,"enemies":"Spheric Guardian","floor":18,"turns":3},{"damage":16,"enemies":"Shell Parasite","floor":19,"turns":5},{"damage":30,"enemies":"Sentry and Sphere","floor":21,"turns":6},{"damage":9,"enemies":"3 Cultists","floor":22,"turns":5},{"damage":5,"enemies":"Cultist and Chosen","floor":25,"turns":7},{"damage":12,"enemies":"Snake Plant","floor":28,"turns":5},{"damage":14,"enemies":"Centurion and Healer","floor":29,"turns":6},{"damage":30,"enemies":"Cultist and Chosen","floor":31,"turns":7},{"damage":153,"enemies":"Automaton","floor":33,"turns":12}],"event_choices":[{"event_name":"Purifier","player_choice":"One Purge","floor":24,"damage_taken":0}],"boss_relics":[{"not_picked":["Black Star","Lizard Tail"],"picked":"Astrolabe"}],"potions_floor_spawned":[1,4,5,8,10,14,16,18,19,21,22,29],"seed_played":"-9153787769671394198","killed_by":"Automaton","ascension_level":6,"is_trial":false}