{"gold_per_floor":[118,132,152,14,14,43,67,67,92,104,104,104,116,146,158,170],"floor_reached":16,"playtime":690,"items_purged":[],"score":200,"play_id":"210ea5cc-2292-433b-b738-adf21a27552c","local_time":"20190128210850","is_ascension_mode":true,"campfire_choices":[{"floor":8,"key":"REST"},{"floor":11,"key":"REST"},{"data":"Neutralize","floor":15,"key":"SMITH"}],"neow_cost":"PERCENT_DAMAGE","seed_source_timestamp":12367375340536,"circlet_count":0,"master_deck":["AscendersBane","Defend_G","Defend_G","Defend_G","Defend_G","Defend_G","Strike_G","Strike_G","Strike_G","Strike_G","Survivor","Neutralize+1","Poisoned Stab","Dagger Spray","Dash","Dodge and Roll"],"special_seed":0,"relics":["Ring of the Snake","Calipers","Omamori","Blood Vial","Potion Belt","MawBank"],"potions_floor_usage":[6,16],"damage_taken":[{"damage":10.0,"enemies":"Jaw Worm","floor":1.0,"turns":7.0},{"damage":0.0,"enemies":"2 Louse","floor":2.0,"turns":3.0},{"damage":4.0,"enemies":"Small Slimes","floor":3.0,"turns":3.0},{"damage":12,"enemies":"3 Sentries","floor":6,"turns":11},{"damage":26,"enemies":"Exordium Thugs","floor":10,"turns":8},{"damage":4,"enemies":"Gremlin Gang","floor":14,"turns":6},{"damage":15,"enemies":"Hexaghost","floor":16,"turns":9}],"seed_played":"5521378886220812129","potions_obtained":[{"floor":10,"key":"Block Potion"},{"floor":14,"key":"PowerPotion"}],"is_trial":false,"path_per_floor":["M","M","M","$","?","E","T","R","T","M","R","?","?","M","R","B"],"character_chosen":"THE_SILENT","items_purchased":["Dash","Energy Potion"],"campfire_rested":2,"item_purchase_floors":[4,4],"current_hp_per_floor":[34,34,30,30,30,18,18,37,37,13,32,14,14,12,12,0],"gold":170,"neow_bonus":"ONE_RARE_RELIC","is_prod":false,"is_daily":false,"chose_seed":false,"campfire_upgraded":1,"win_rate":0,"timestamp":1548738530,"path_taken":["M","M","M","$","?","E","?","R","T","M","R","?","?","M","R","BOSS"],"build_version":"2019-01-23","purchased_purges":0,"victory":false,"max_hp_per_floor":[66,66,66,66,66,66,66,66,66,66,66,66,66,66,66,66],"card_choices":[{"not_picked":["Underhanded Strike","Leg Sweep"],"picked":"Poisoned Stab","floor":1.0},{"not_picked":["Dodge and Roll","Underhanded Strike"],"picked":"Dagger Spray","floor":2.0},{"not_picked":["Prepared","Choke","Concentrate"],"picked":"SKIP","floor":3.0},{"not_picked":["Calculated Gamble","Setup"],"picked":"Dodge and Roll","floor":6},{"not_picked":["Riddle With Holes","Quick Slash","Dagger Throw"],"picked":"SKIP","floor":10},{"not_picked":["Underhanded Strike","Masterful Stab","Tactician"],"picked":"SKIP","floor":14}],"player_experience":1313436,"relics_obtained":[{"floor":6,"key":"Omamori"},{"floor":7,"key":"Blood Vial"},{"floor":9,"key":"Potion Belt"}],"event_choices":[{"damage_healed":0,"gold_gain":0,"player_choice":"Ignored","damage_taken":0,"max_hp_gain":0,"max_hp_loss":0,"event_name":"Liars Game","floor":5,"gold_loss":0},{"damage_healed":0,"gold_gain":0,"player_choice":"Success","damage_taken":18,"relics_obtained":["MawBank"],"max_hp_gain":0,"max_hp_loss":0,"event_name":"Scrap Ooze","floor":12,"gold_loss":0},{"cards_removed":["Strike_G"],"damage_healed":0,"gold_gain":0,"player_choice":"Offered Basic","damage_taken":0,"max_hp_gain":0,"max_hp_loss":0,"event_name":"Bonfire Elementals","floor":13,"gold_loss":0}],"is_beta":true,"boss_relics":[],"items_purged_floors":[],"is_endless":false,"potions_floor_spawned":[10,14],"killed_by":"Hexaghost","ascension_level":20}