{"path_per_floor":["M","T","M","M","$","R","$","R","T","E","M","M","?","?","R","B",null,"M","?","?","T","?","E","$","M","T","M","R","?","M","M","R","B",null,"M","?","M","$","M","R","M","E","T","R","$","M","$","M","R","B"],"character_chosen":"THE_SILENT","items_purchased":["Dagger Spray","Paper Crane","Cloak And Dagger","Blind","Backflip","Noxious Fumes","Choke","Backstab"],"gold_per_floor":[116,116,130,150,75,75,22,22,46,80,95,113,113,188,188,283,283,273,273,273,273,273,305,14,32,113,131,131,131,143,161,161,256,256,266,266,279,137,151,151,171,198,198,198,85,95,21,40,40,40],"floor_reached":51,"campfire_rested":2,"playtime":2333,"current_hp_per_floor":[56,56,54,52,52,52,52,52,52,25,10,8,70,59,59,42,63,54,54,54,54,49,31,31,43,43,42,42,35,53,47,54,54,54,54,44,54,54,46,46,54,54,54,54,54,54,54,22,53,26],"items_purged":["Injury"],"gold":40,"score":1041,"play_id":"1d592cab-c177-4f23-b83f-deb2b4a229bd","local_time":"20180415225144","is_prod":false,"is_daily":false,"chose_seed":true,"is_ascension_mode":true,"campfire_upgraded":6,"timestamp":1523847104,"path_taken":["M","?","M","M","$","R","$","R","T","E","M","M","?","?","R","BOSS","M","?","?","?","?","E","$","M","T","M","R","?","M","M","R","BOSS","M","?","M","$","M","R","M","E","T","R","$","M","$","M","R","BOSS"],"build_version":"2018-04-13","seed_source_timestamp":308591786922439,"purchased_purges":1,"victory":true,"master_deck":["Defend_G+1","Defend_G+1","Defend_G+1","Defend_G+1","Defend_G+1","Survivor","Neutralize+1","Caltrops+1","PiercingWail","Skewer","Dagger Spray","Backstab","Concentrate","Blade Dance+1","Burst+1","Cloak And Dagger","Bite+1","Bite+1","Bite+1","Bite+1","Bite+1","Cloak And Dagger+1","Footwork+1","Prepared+1","Cloak And Dagger+1","Masterful Stab+1","Doppelganger","Infinite Blades+1","Panache+1","Trip","Flash of Steel+1","Blind","Backflip","Terror+1","Dodge and Roll","Dagger Throw+1","Noxious Fumes","Choke+1","Malaise+1","Backstab+1","Slice+1"],"max_hp_per_floor":[70,70,70,70,70,70,70,70,70,70,70,70,70,70,70,70,70,70,70,70,70,49,49,49,49,49,49,49,54,54,54,54,54,54,54,54,54,54,54,54,54,54,54,54,54,54,54,54,54,54],"relics":["Ring of the Snake","Unceasing Top","Vajra","Regal Pillow","Ornamental Fan","Sozu","Molten Egg 2","The Specimen","Paper Crane","Matryoshka","Runic Pyramid","Omamori","Orichalcum","Dodecahedron"],"card_choices":[{"not_picked":["Quick Slash","Deflect"],"picked":"Caltrops","floor":1},{"not_picked":["Sucker Punch","Deflect"],"picked":"PiercingWail","floor":3},{"not_picked":["Predator","Acrobatics"],"picked":"Skewer","floor":4},{"not_picked":["Dagger Throw","Backflip"],"picked":"Backstab","floor":10},{"not_picked":["Terror","Footwork"],"picked":"Concentrate","floor":11},{"not_picked":["Poisoned Stab","Crippling Poison"],"picked":"Blade Dance","floor":12},{"not_picked":["Night Terror","Envenom"],"picked":"Burst","floor":16},{"not_picked":["Bouncing Flask","Flying Knee"],"picked":"Cloak And Dagger","floor":18},{"not_picked":["Deadly Poison","Heel Hook"],"picked":"Footwork","floor":25},{"not_picked":["Acrobatics","Flying Knee"],"picked":"Prepared","floor":27},{"not_picked":["Flying Knee","Deadly Poison"],"picked":"Cloak And Dagger","floor":30},{"not_picked":["Poisoned Stab","Burst"],"picked":"Masterful Stab","floor":31},{"not_picked":["Die Die Die","Venomology"],"picked":"Doppelganger","floor":33},{"not_picked":["Cloak And Dagger","Quick Slash"],"picked":"Infinite Blades","floor":35},{"not_picked":["Trip","Jack Of All Trades"],"picked":"Panache","floor":36},{"not_picked":["Madness","Deep Breath"],"picked":"Trip","floor":36},{"not_picked":["Sadistic Nature","Enlightenment"],"picked":"Flash of Steel","floor":36},{"not_picked":["Deflect","Reflex"],"picked":"Terror","floor":39},{"not_picked":["Phantasmal Killer","Riddle With Holes"],"picked":"Dodge and Roll","floor":41},{"not_picked":["Predator","Backflip"],"picked":"Dagger Throw","floor":42},{"not_picked":["Catalyst","Slice"],"picked":"Malaise","floor":46},{"not_picked":["Quick Slash","PiercingWail"],"picked":"Slice","floor":48}],"player_experience":227910,"potions_floor_usage":[10,16],"damage_taken":[{"damage":7,"enemies":"Cultist","floor":1,"turns":5},{"damage":2,"enemies":"Small Slimes","floor":3,"turns":4},{"damage":2,"enemies":"2 Louse","floor":4,"turns":2},{"damage":27,"enemies":"Gremlin Nob","floor":10,"turns":4},{"damage":15,"enemies":"Large Slime","floor":11,"turns":6},{"damage":2,"enemies":"Gremlin Gang","floor":12,"turns":2},{"damage":17,"enemies":"Slime Boss","floor":16,"turns":9},{"damage":9,"enemies":"2 Thieves","floor":18,"turns":4},{"damage":27,"enemies":"Slavers","floor":23,"turns":6},{"damage":0,"enemies":"Chosen","floor":25,"turns":5},{"damage":11,"enemies":"Snecko","floor":27,"turns":4},{"damage":0,"enemies":"Snake Plant","floor":30,"turns":4},{"damage":18,"enemies":"Chosen and Byrds","floor":31,"turns":7},{"damage":2,"enemies":"Champ","floor":33,"turns":17},{"damage":0,"enemies":"Flame Bruiser 1 Orb","floor":35,"turns":6},{"damage":0,"enemies":"3 Darklings","floor":37,"turns":3},{"damage":20,"enemies":"Sphere and 2 Shapes","floor":39,"turns":4},{"damage":3,"enemies":"Maw","floor":41,"turns":7},{"damage":0,"enemies":"Nemesis","floor":42,"turns":7},{"damage":1,"enemies":"Flame Bruiser 2 Orb","floor":46,"turns":3},{"damage":44,"enemies":"4 Shapes","floor":48,"turns":8},{"damage":54,"enemies":"Time Eater","floor":50,"turns":14}],"event_choices":[{"event_name":"Wheel of Change","player_choice":"Full Heal","floor":13,"damage_taken":0},{"event_name":"World of Goop","player_choice":"Gather Gold","floor":14,"damage_taken":0},{"event_name":"Accursed Blacksmith","player_choice":"Ignore","floor":19,"damage_taken":0},{"event_name":"Back to Basics","player_choice":"Simplicity","floor":20,"damage_taken":0},{"event_name":"Vampires","player_choice":"Became a vampire","floor":22,"damage_taken":0},{"event_name":"Forgotten Altar","player_choice":"Shed Blood","floor":29,"damage_taken":0},{"event_name":"SensoryStone","player_choice":"Memory 3","floor":36,"damage_taken":0}],"boss_relics":[{"not_picked":["Velvet Choker","Eternal Feather"],"picked":"Sozu"},{"not_picked":["Snecko Eye","Calling Bell"],"picked":"Runic Pyramid"}],"potions_floor_spawned":[4,11,18,23,30,31,33,39,41,42],"seed_played":"-3086242267414742388","ascension_level":8,"is_trial":false}