{"path_per_floor":["M","M","M","?","M","R","E","R","T","E","R","M","R","M","R","B",null,"M","?","M","?","M","E","R"],"character_chosen":"THE_SILENT","items_purchased":[],"gold_per_floor":[114,127,140,140,155,155,185,185,185,213,213,226,226,237,237,335,335,353,353,365,290,304,334,334,334],"floor_reached":25,"campfire_rested":2,"playtime":1289,"item_purchase_floors":[],"current_hp_per_floor":[62,61,54,54,52,52,24,45,45,37,37,43,43,39,39,34,61,47,61,46,46,46,32,57,0],"items_purged":[],"gold":334,"score":338,"play_id":"ec0261f4-33f0-4eb8-9691-ffc687f0e339","local_time":"20180605201813","is_prod":false,"is_daily":false,"chose_seed":true,"is_ascension_mode":true,"campfire_upgraded":2,"win_rate":0,"timestamp":1528244293,"campfire_choices":[{"data":"Deadly Poison","floor":6,"key":"SMITH"},{"floor":8,"key":"REST"},{"data":"Noxious Fumes","floor":11,"key":"SMITH"},{"floor":13,"key":"DIG"},{"floor":15,"key":"DIG"},{"floor":24,"key":"REST"}],"path_taken":["M","M","M","?","M","R","E","R","T","E","R","?","R","?","R","BOSS","M","?","M","?","?","E","R","E"],"build_version":"2018-06-04v2","seed_source_timestamp":205404720808122,"purchased_purges":0,"victory":false,"master_deck":["Defend_G+1","Defend_G","Defend_G","Defend_G","Defend_G","Strike_G","Strike_G","Strike_G","Strike_G","Survivor","Neutralize+1","Backflip","Wraith Form v2","Quick Slash","Deadly Poison+1","Skewer","Noxious Fumes+1","Night Terror","Dash","Night Terror+1","Setup+1","Writhe","Prepared+1","Night Terror","Backflip"],"max_hp_per_floor":[70,70,70,70,70,70,70,70,70,70,70,70,70,70,70,70,70,70,84,84,84,84,84,84,84],"relics":["Ring of the Snake","Boot","Ninja Scroll","Meat on the Bone","Shovel","Bottled Flame","Orichalcum","Sozu","Mango","War Paint"],"card_choices":[{"not_picked":["Deflect","Accuracy"],"picked":"Backflip","floor":1},{"not_picked":["Dodge and Roll","Prepared"],"picked":"Wraith Form v2","floor":2},{"not_picked":["Acrobatics","Deflect"],"picked":"Quick Slash","floor":3},{"not_picked":["Accuracy","Dodge and Roll"],"picked":"Deadly Poison","floor":5},{"not_picked":["Dagger Throw","Prepared"],"picked":"Skewer","floor":7},{"not_picked":["Underhanded Strike","Cloak And Dagger"],"picked":"Noxious Fumes","floor":10},{"not_picked":["Prepared","Backflip"],"picked":"Night Terror","floor":12},{"not_picked":["Prepared","Crippling Poison"],"picked":"Dash","floor":14},{"not_picked":["Envenom","Phantasmal Killer"],"picked":"Night Terror","floor":16},{"not_picked":["Deadly Poison","Distraction+1"],"picked":"Setup+1","floor":18},{"not_picked":["Eviscerate","PiercingWail"],"picked":"Prepared+1","floor":20},{"not_picked":["Backflip","Flying Knee"],"picked":"Night Terror","floor":22},{"not_picked":["Corpse Explosion","Reflex"],"picked":"Backflip","floor":23}],"player_experience":401178,"potions_floor_usage":[7,16,25],"damage_taken":[{"damage":1,"enemies":"2 Louse","floor":1,"turns":3},{"damage":1,"enemies":"Cultist","floor":2,"turns":5},{"damage":7,"enemies":"Jaw Worm","floor":3,"turns":5},{"damage":2,"enemies":"Red Slaver","floor":5,"turns":6},{"damage":28,"enemies":"Lagavulin","floor":7,"turns":7},{"damage":8,"enemies":"Gremlin Nob","floor":10,"turns":5},{"damage":6,"enemies":"Gremlin Gang","floor":12,"turns":4},{"damage":16,"enemies":"Exordium Thugs","floor":14,"turns":4},{"damage":17,"enemies":"Hexaghost","floor":16,"turns":11},{"damage":14,"enemies":"Spheric Guardian","floor":18,"turns":6},{"damage":15,"enemies":"Shell Parasite","floor":20,"turns":5},{"damage":0,"enemies":"Snecko","floor":22,"turns":7},{"damage":26,"enemies":"Slavers","floor":23,"turns":7},{"damage":61,"enemies":"Gremlin Leader","floor":25,"turns":7}],"relics_obtained":[{"floor":7,"key":"Ninja Scroll"},{"floor":9,"key":"Meat on the Bone"},{"floor":10,"key":"Shovel"},{"floor":13,"key":"Bottled Flame"},{"floor":15,"key":"Orichalcum"},{"floor":23,"key":"War Paint"}],"event_choices":[{"event_name":"Upgrade Shrine","player_choice":"Upgraded","floor":4,"damage_taken":0},{"event_name":"The Mausoleum","player_choice":"Yes","floor":19,"damage_taken":0},{"event_name":"Beggar","player_choice":"Gave Gold","floor":21,"damage_taken":0}],"boss_relics":[{"not_picked":["Astrolabe","White Beast Statue"],"picked":"Sozu"}],"items_purged_floors":[],"potions_floor_spawned":[2,12,14,18,22,23],"seed_played":"-8623042705149605899","killed_by":"Gremlin Leader","ascension_level":9,"potions_obtained":[{"floor":2,"key":"PowerPotion"},{"floor":12,"key":"LiquidBronze"},{"floor":14,"key":"GhostInAJar"}],"is_trial":false}