{"gold_per_floor":[115,115,68,88,103,131,131,131,131,158,158,173,21,46,46,145,195,208,208,221,12,31,60,60,60],"floor_reached":25,"playtime":1356,"items_purged":[],"score":312,"play_id":"5f1fe865-ab6c-447b-988b-2295f982d28b","local_time":"20190127124604","is_ascension_mode":true,"campfire_choices":[{"data":"Envenom","floor":7,"key":"SMITH"},{"data":"Crippling Poison","floor":11,"key":"SMITH"},{"data":"A Thousand Cuts","floor":15,"key":"SMITH"}],"neow_cost":"NONE","seed_source_timestamp":595499011697923,"circlet_count":0,"master_deck":["Defend_G","Defend_G","Defend_G","Defend_G","Defend_G","Strike_G","Strike_G","Strike_G","Strike_G","Strike_G","Survivor","Neutralize","Envenom+1","Riddle With Holes","Dagger Spray","Adrenaline","Crippling Poison+1","PiercingWail","Sucker Punch","Cloak And Dagger","Crippling Poison","A Thousand Cuts+1","Adrenaline+1","Corpse Explosion","Cloak And Dagger","Deflect"],"relics":["Ring of the Snake","Mummified Hand","Pantograph","Smiling Mask","Lantern","Centennial Puzzle","Tiny House","Medical Kit","Snake Skull"],"potions_floor_usage":[14,20,22,23,24,25,25],"damage_taken":[{"damage":0,"enemies":"2 Louse","floor":1,"turns":5},{"damage":0,"enemies":"Cultist","floor":4,"turns":4},{"damage":0,"enemies":"Jaw Worm","floor":5,"turns":3},{"damage":16,"enemies":"3 Sentries","floor":6,"turns":6},{"damage":8,"enemies":"Large Slime","floor":12,"turns":5},{"damage":17,"enemies":"Lagavulin","floor":14,"turns":4},{"damage":17,"enemies":"Hexaghost","floor":16,"turns":7},{"damage":1,"enemies":"Shell Parasite","floor":18,"turns":6},{"damage":6,"enemies":"2 Thieves","floor":20,"turns":2},{"damage":8,"enemies":"Centurion and Healer","floor":22,"turns":4},{"damage":36,"enemies":"Book of Stabbing","floor":23,"turns":7},{"damage":0,"enemies":"Snake Plant","floor":24,"turns":1},{"damage":16,"enemies":"Sentry and Sphere","floor":25,"turns":3}],"seed_played":"-9192977726681733411","potions_obtained":[{"floor":1,"key":"SmokeBomb"},{"floor":5,"key":"EssenceOfSteel"},{"floor":12,"key":"Swift Potion"},{"floor":17,"key":"Explosive Potion"},{"floor":20,"key":"AttackPotion"},{"floor":22,"key":"Energy Potion"},{"floor":23,"key":"Swift Potion"}],"is_trial":false,"path_per_floor":["M","?","$","M","M","E","R","?","T","T","R","M","$","E","R","B",null,"M","?","M","$","M","E","M","M"],"character_chosen":"THE_SILENT","items_purchased":["PiercingWail","Lantern","Medical Kit"],"campfire_rested":0,"item_purchase_floors":[3,13,21],"current_hp_per_floor":[63,63,63,63,63,47,47,47,47,47,47,39,39,22,22,30,65,64,64,58,58,50,14,14,0],"gold":60,"neow_bonus":"ONE_RANDOM_RARE_CARD","is_prod":false,"is_daily":false,"chose_seed":false,"campfire_upgraded":3,"win_rate":0,"timestamp":1548611164,"path_taken":["M","?","?","?","M","E","R","?","T","?","R","M","$","E","R","BOSS","M","?","?","?","M","E","M","M"],"build_version":"2019-01-23","purchased_purges":0,"victory":false,"max_hp_per_floor":[70,70,70,70,70,70,70,70,70,70,70,70,70,70,70,70,75,75,75,75,75,75,75,75,75],"card_choices":[{"not_picked":["Concentrate","Backflip"],"picked":"Riddle With Holes","floor":1},{"not_picked":["Outmaneuver","Prepared"],"picked":"Sucker Punch","floor":4},{"not_picked":["Dodge and Roll","Blade Dance"],"picked":"Cloak And Dagger","floor":5},{"not_picked":["Prepared","Sucker Punch"],"picked":"Crippling Poison","floor":6},{"not_picked":["Dodge and Roll","Flying Knee"],"picked":"A Thousand Cuts","floor":12},{"not_picked":["Quick Slash","A Thousand Cuts"],"picked":"Adrenaline","floor":14},{"not_picked":["Die Die Die","Doppelganger"],"picked":"Corpse Explosion","floor":16},{"not_picked":["Flechettes","Infinite Blades"],"picked":"Cloak And Dagger","floor":17},{"not_picked":["Dagger Throw","Dodge and Roll","Slice"],"picked":"SKIP","floor":18},{"not_picked":["Underhanded Strike+1","Reflex","Predator"],"picked":"SKIP","floor":20},{"not_picked":["Sucker Punch","Skewer"],"picked":"Deflect","floor":22},{"not_picked":["All Out Attack","Sucker Punch","Reflex"],"picked":"SKIP","floor":23}],"player_experience":1321692,"relics_obtained":[{"floor":6,"key":"Mummified Hand"},{"floor":9,"key":"Pantograph"},{"floor":10,"key":"Smiling Mask"},{"floor":14,"key":"Centennial Puzzle"},{"floor":23,"key":"Snake Skull"}],"event_choices":[{"damage_healed":0,"gold_gain":0,"player_choice":"3 cards matched","damage_taken":0,"max_hp_gain":0,"max_hp_loss":0,"event_name":"Match and Keep!","floor":2,"gold_loss":0,"cards_obtained":["Dagger Spray","Adrenaline","Crippling Poison"]},{"damage_healed":0,"gold_gain":0,"player_choice":"Ignored","damage_taken":0,"max_hp_gain":0,"max_hp_loss":0,"event_name":"Liars Game","floor":8,"gold_loss":0},{"damage_healed":0,"gold_gain":0,"player_choice":"Bought 0 Potions","damage_taken":0,"max_hp_gain":0,"max_hp_loss":0,"event_name":"The Woman in Blue","floor":19,"gold_loss":0}],"is_beta":true,"boss_relics":[{"not_picked":["Orrery","WristBlade"],"picked":"Tiny House"}],"items_purged_floors":[],"is_endless":false,"potions_floor_spawned":[1,5,12,20,22,23],"killed_by":"Sentry and Sphere","ascension_level":7}