{"path_per_floor":["M","M","?","?","$","R","E","R","T","M","$","E","M","M","R","B",null,"M","M"],"character_chosen":"THE_SILENT","items_purchased":["Footwork"],"gold_per_floor":[114,124,124,74,1,1,33,33,82,97,22,47,66,78,78,181,181,200,214],"floor_reached":20,"campfire_rested":1,"playtime":1041,"current_hp_per_floor":[70,70,65,65,65,65,65,65,65,65,65,48,48,46,77,24,77,33,9],"items_purged":["Strike_G"],"gold":214,"score":240,"play_id":"7169b575-cb1a-45a4-b5b9-683464191f41","local_time":"20180306190804","is_prod":false,"is_daily":false,"is_ascension_mode":true,"campfire_upgraded":2,"timestamp":1520381284,"path_taken":["M","?","?","?","?","R","E","R","T","M","$","E","M","M","R","BOSS","M","M","?"],"build_version":"2018-03-01-PROD1","purchased_purges":1,"victory":false,"master_deck":["Defend_G","Defend_G","Defend_G","Defend_G","Defend_G","Strike_G","Strike_G","Strike_G","Survivor","Neutralize","Flying Knee","Skewer+1","Footwork+1","Flying Knee","Burst","Calculated Gamble","PiercingWail","Burst","Deadly Poison","Deadly Poison+1"],"max_hp_per_floor":[70,70,77,77,77,77,77,77,77,77,77,77,77,77,77,77,77,77,77],"relics":["Ring of the Snake","NeowsBlessing","Strawberry","Regal Pillow","Anchor","Bag of Preparation","The Specimen"],"card_choices":[{"not_picked":["Concentrate","Prepared"],"picked":"Flying Knee"},{"not_picked":["Dagger Throw","Cloak And Dagger"],"picked":"Skewer"},{"not_picked":["Prepared","Outmaneuver"],"picked":"Flying Knee"},{"not_picked":["Acrobatics","Riddle With Holes"],"picked":"Burst"},{"not_picked":["Underhanded Strike","Backstab"],"picked":"Calculated Gamble"},{"not_picked":["Deadly Poison","Accuracy"],"picked":"PiercingWail"},{"not_picked":["Glass Knife","Corpse Explosion"],"picked":"Burst"},{"not_picked":["Caltrops","Bane"],"picked":"Deadly Poison"},{"not_picked":["Deflect","Masterful Stab"],"picked":"Deadly Poison"}],"player_experience":424121,"potions_floor_usage":[12,18,19],"damage_taken":[{"damage":0,"enemies":"Cultist","floor":1,"turns":1},{"damage":0,"enemies":"Jaw Worm","floor":2,"turns":1},{"damage":0,"enemies":"Gremlin Nob","floor":7,"turns":1},{"damage":0,"enemies":"Small Slimes","floor":10,"turns":3},{"damage":17,"enemies":"Lagavulin","floor":12,"turns":6},{"damage":0,"enemies":"Exordium Wildlife","floor":13,"turns":2},{"damage":2,"enemies":"3 Louse","floor":14,"turns":5},{"damage":53,"enemies":"Slime Boss","floor":16,"turns":12},{"damage":44,"enemies":"3 Byrds","floor":18,"turns":10},{"damage":24,"enemies":"Spheric Guardian","floor":19,"turns":6}],"event_choices":[{"event_name":"Scrap Ooze","player_choice":"success","floor":3,"damage_taken":12},{"event_name":"The Cleric","player_choice":"Card Removal","floor":4,"damage_taken":0}],"boss_relics":[{"not_picked":["Runic Dome","Philosopher\u0027s Stone"],"picked":"The Specimen"}],"potions_floor_spawned":[2,10,14,16,18,19],"seed_played":"7569032537324617366","ascension_level":3,"is_trial":false}