{"gold_per_floor":[109,184,194,72,92,92,119,119,142,142,156,156,167,183,183,183],"floor_reached":16,"playtime":517,"items_purged":[],"score":122,"play_id":"bab4d8da-9105-4953-a6af-5a590c0d6b83","local_time":"20190124180934","is_ascension_mode":true,"campfire_choices":[{"floor":6,"key":"REST"},{"floor":8,"key":"REST"},{"floor":12,"key":"REST"},{"floor":15,"key":"REST"}],"neow_cost":"NONE","seed_source_timestamp":19734234785915,"circlet_count":0,"master_deck":["Strike_R","Strike_R","Strike_R","Defend_R","Defend_R","Defend_R","Defend_R","Bash","Clothesline","Armaments","Corruption","Flex","Dual Wield","True Grit","Anger","Immolate"],"relics":["Empty Cage","Smiling Mask","Strawberry","NlothsMask"],"potions_floor_usage":[16],"damage_taken":[{"damage":10,"enemies":"2 Louse","floor":1,"turns":4},{"damage":11,"enemies":"Small Slimes","floor":3,"turns":4},{"damage":2,"enemies":"Cultist","floor":5,"turns":4},{"damage":69,"enemies":"3 Sentries","floor":7,"turns":13},{"damage":19,"enemies":"Exordium Wildlife","floor":11,"turns":6},{"damage":36,"enemies":"Large Slime","floor":13,"turns":8},{"damage":1,"enemies":"Looter","floor":14,"turns":4},{"damage":29,"enemies":"Hexaghost","floor":16,"turns":7}],"seed_played":"-2536714725852024086","potions_obtained":[{"floor":7,"key":"Ancient Potion"},{"floor":13,"key":"SkillPotion"}],"is_trial":false,"path_per_floor":["M","?","M","$","M","R","E","R","T","?","M","R","M","M","R","B"],"character_chosen":"IRONCLAD","items_purchased":["Corruption","Flex"],"campfire_rested":4,"item_purchase_floors":[4,4],"current_hp_per_floor":[70,59,48,48,46,70,1,25,32,32,13,39,3,2,28,0],"gold":183,"neow_bonus":"BOSS_RELIC","is_prod":false,"is_daily":false,"chose_seed":false,"campfire_upgraded":0,"win_rate":0,"timestamp":1548371374,"path_taken":["M","?","M","$","M","R","E","R","T","?","M","R","M","M","R","BOSS"],"build_version":"2019-01-23","purchased_purges":0,"victory":false,"max_hp_per_floor":[80,80,80,80,80,80,80,80,87,87,87,87,87,87,87,87],"card_choices":[{"not_picked":["Fire Breathing","Rampage"],"picked":"Clothesline","floor":1},{"not_picked":["Wild Strike","Twin Strike"],"picked":"Armaments","floor":3},{"not_picked":["Pommel Strike","True Grit","Rampage"],"picked":"SKIP","floor":5},{"not_picked":["Second Wind","Rupture"],"picked":"Dual Wield","floor":7},{"not_picked":["Iron Wave","Body Slam"],"picked":"True Grit","floor":11},{"not_picked":["Pommel Strike","True Grit","Anger"],"picked":"SKIP","floor":13},{"not_picked":["Pommel Strike","True Grit"],"picked":"Anger","floor":13},{"not_picked":["Pommel Strike","Cleave"],"picked":"Immolate","floor":14}],"player_experience":126829,"relics_obtained":[{"floor":7,"key":"Smiling Mask"},{"floor":9,"key":"Strawberry"}],"event_choices":[{"damage_healed":0,"gold_gain":75,"player_choice":"Gather Gold","damage_taken":11,"max_hp_gain":0,"max_hp_loss":0,"event_name":"World of Goop","floor":2,"gold_loss":0},{"damage_healed":0,"gold_gain":0,"player_choice":"Trade","damage_taken":0,"relics_obtained":["NlothsMask"],"max_hp_gain":0,"max_hp_loss":0,"event_name":"FaceTrader","floor":10,"gold_loss":0}],"is_beta":false,"boss_relics":[],"items_purged_floors":[],"is_endless":false,"potions_floor_spawned":[7,13],"killed_by":"Hexaghost","ascension_level":4}