{"gold_per_floor":[109,109,127,147,147,147,179,179,204,204,279,311,288,16,16,94,94,112,112,72,122,140,140,140],"floor_reached":24,"playtime":1061,"items_purged":[],"score":438,"play_id":"ae153e59-3ff7-463f-9c45-7c1b30590d88","local_time":"20181231202219","is_ascension_mode":true,"campfire_choices":[{"data":"Dagger Spray","floor":6,"key":"SMITH"},{"floor":8,"key":"REST"},{"floor":10,"key":"REST"},{"floor":15,"key":"REST"},{"floor":23,"key":"REST"}],"neow_cost":"NONE","seed_source_timestamp":552362536271,"circlet_count":0,"master_deck":["AscendersBane","Defend_G","Defend_G","Defend_G","Defend_G","Defend_G","Strike_G","Strike_G","Strike_G","Strike_G","Strike_G","Survivor","Neutralize+1","Backflip","Dagger Spray+1","Footwork","Venomology","Flying Knee","PiercingWail","Infinite Blades","Footwork","Deadly Poison","Distraction","Night Terror","Sucker Punch","Ghostly","Ghostly","Ghostly","Crippling Poison","Predator","Caltrops"],"relics":["Ring of the Snake","Dream Catcher","FossilizedHelix","Blood Vial","MawBank","Ancient Tea Set","Snecko Eye"],"potions_floor_usage":[7,16,16,18,22,24,24,24],"damage_taken":[{"damage":0,"enemies":"Cultist","floor":1,"turns":4},{"damage":2,"enemies":"Jaw Worm","floor":3,"turns":5},{"damage":8,"enemies":"Small Slimes","floor":4,"turns":3},{"damage":28,"enemies":"Gremlin Nob","floor":7,"turns":5},{"damage":28,"enemies":"Lagavulin","floor":12,"turns":9},{"damage":0,"enemies":"Slime Boss","floor":16,"turns":8},{"damage":55,"enemies":"Chosen","floor":18,"turns":10},{"damage":0,"enemies":"Shell Parasite","floor":22,"turns":6},{"damage":32,"enemies":"Gremlin Leader","floor":24,"turns":6}],"seed_played":"-2571684439906918018","potions_obtained":[{"floor":1,"key":"PowerPotion"},{"floor":12,"key":"Strength Potion"},{"floor":16,"key":"LiquidBronze"}],"is_trial":false,"path_per_floor":["M","?","M","M","T","R","E","R","T","R","?","E","?","$","R","B",null,"M","?","$","?","M","R","E"],"character_chosen":"THE_SILENT","items_purchased":["Footwork","Ancient Tea Set","Deadly Poison","Crippling Poison"],"campfire_rested":4,"item_purchase_floors":[14,14,14,20],"current_hp_per_floor":[59,59,57,49,49,49,21,40,40,59,48,22,38,38,57,59,64,11,11,11,11,13,22,0],"gold":140,"neow_bonus":"RANDOM_COMMON_RELIC","is_prod":false,"is_daily":false,"chose_seed":false,"campfire_upgraded":1,"win_rate":0,"timestamp":1546305739,"path_taken":["M","?","M","M","?","R","E","R","T","R","?","E","?","$","R","BOSS","M","?","$","?","M","R","E"],"build_version":"2018-12-25","purchased_purges":0,"victory":false,"max_hp_per_floor":[66,66,66,66,66,66,66,66,66,66,66,66,66,66,66,66,66,66,33,33,33,33,33,33],"card_choices":[{"not_picked":["Distraction","Deflect"],"picked":"Backflip","floor":1},{"not_picked":["Flying Knee","Bane"],"picked":"Dagger Spray","floor":3},{"not_picked":["Underhanded Strike","Poisoned Stab"],"picked":"Footwork","floor":4},{"not_picked":["Deadly Poison","Deflect"],"picked":"Venomology","floor":7},{"not_picked":["Quick Slash","Deflect"],"picked":"Flying Knee","floor":8},{"not_picked":["Finisher","Flechettes"],"picked":"PiercingWail","floor":10},{"not_picked":["Backflip","PiercingWail"],"picked":"Infinite Blades","floor":12},{"not_picked":["Outmaneuver","Bane"],"picked":"Distraction","floor":15},{"not_picked":["Glass Knife","A Thousand Cuts"],"picked":"Night Terror","floor":16},{"not_picked":["Calculated Gamble","Dagger Throw"],"picked":"Sucker Punch","floor":18},{"not_picked":["Flechettes","Setup"],"picked":"Predator","floor":22},{"not_picked":["Blade Dance","Bane"],"picked":"Caltrops","floor":23}],"player_experience":1120681,"relics_obtained":[{"floor":7,"key":"FossilizedHelix"},{"floor":9,"key":"Blood Vial"},{"floor":12,"key":"MawBank"}],"event_choices":[{"damage_healed":0,"gold_gain":0,"player_choice":"Grow","damage_taken":0,"max_hp_gain":0,"max_hp_loss":0,"event_name":"Living Wall","floor":2,"gold_loss":0,"cards_upgraded":["Neutralize"]},{"damage_healed":0,"gold_gain":75,"player_choice":"Gather Gold","damage_taken":11,"max_hp_gain":0,"max_hp_loss":0,"event_name":"World of Goop","floor":11,"gold_loss":0},{"damage_healed":16,"gold_gain":0,"player_choice":"Healed","damage_taken":0,"max_hp_gain":0,"max_hp_loss":0,"event_name":"The Cleric","floor":13,"gold_loss":35},{"damage_healed":0,"gold_gain":0,"player_choice":"Became a Ghost","damage_taken":0,"max_hp_gain":0,"max_hp_loss":33,"event_name":"Ghosts","floor":19,"gold_loss":0,"cards_obtained":["Ghostly","Ghostly","Ghostly"]},{"damage_healed":0,"gold_gain":50,"player_choice":"Pray","damage_taken":0,"max_hp_gain":0,"max_hp_loss":0,"event_name":"Golden Shrine","floor":21,"gold_loss":0}],"is_beta":true,"boss_relics":[{"not_picked":["HoveringKite","Pandora\u0027s Box"],"picked":"Snecko Eye"}],"items_purged_floors":[],"is_endless":false,"potions_floor_spawned":[1,12,16,22],"killed_by":"Gremlin Leader","ascension_level":15}