{"path_per_floor":["M","$","M","T","M","R","E","?","T","R","E","R","E","M","R","B",null,"M","T","?","M","?","R","E","R","T","E","M","?","R","E","R","B",null,"M","?","T","?","M","R","M","M","T","E","M","R","?","E","R"],"character_chosen":"THE_SILENT","items_purchased":[],"gold_per_floor":[16,16,35,35,45,45,77,77,102,102,130,130,192,207,207,309,309,327,406,406,418,418,418,453,453,453,483,497,497,497,526,526,631,631,645,694,694,694,704,704,719,734,734,759,779,779,779,808,808,808],"floor_reached":50,"campfire_rested":4,"playtime":2504,"item_purchase_floors":[],"current_hp_per_floor":[62,62,59,59,57,57,44,44,44,65,57,57,45,39,60,12,56,58,58,58,60,60,60,67,67,67,54,37,37,58,65,65,52,66,66,69,69,59,62,70,70,70,84,4,14,55,55,55,71,0],"items_purged":[],"gold":808,"score":907,"play_id":"d0334329-630f-47e2-b1dd-392f80cf9dd1","local_time":"20180520125459","is_prod":false,"is_daily":false,"chose_seed":false,"is_ascension_mode":true,"campfire_upgraded":5,"timestamp":1526835299,"campfire_choices":[{"data":"Neutralize","floor":6,"key":"SMITH"},{"floor":10,"key":"REST"},{"data":"Leg Sweep","floor":12,"key":"SMITH"},{"floor":15,"key":"REST"},{"data":"Glass Knife","floor":23,"key":"SMITH"},{"data":"Blur","floor":25,"key":"SMITH"},{"floor":30,"key":"REST"},{"data":"Blur","floor":32,"key":"SMITH"},{"floor":40,"key":"DIG"},{"floor":46,"key":"REST"},{"floor":49,"key":"DIG"}],"path_taken":["M","?","M","?","?","R","E","?","T","R","E","R","E","M","R","BOSS","M","?","?","M","?","R","E","R","T","E","?","?","R","E","R","BOSS","M","?","?","?","?","R","?","M","T","E","M","R","?","E","R","BOSS"],"build_version":"2018-05-18","seed_source_timestamp":262224063731124,"purchased_purges":0,"victory":false,"master_deck":["Defend_G","Defend_G","Defend_G","Defend_G","Survivor","Neutralize+1","Quick Slash","PiercingWail","Dagger Spray+1","Backstab","Leg Sweep+1","Dagger Throw","Blur+1","Glass Knife+1","Deflect","Doubt","Dagger Spray+1","Bite+1","Bite+1","Bite+1","Bite+1","Bite+1","Dagger Spray+1","Parasite","Backstab+1","Blur+1","Flying Knee+1","Glass Knife+1","Slice+1","Backflip","Clumsy","Secret Technique","Panache","Sadistic Nature","Acrobatics","Noxious Fumes+1","Bouncing Flask+1","Blur+1","Sucker Punch+1","Backflip+1"],"max_hp_per_floor":[70,70,70,70,70,70,70,70,70,70,70,70,70,70,70,70,70,70,70,70,70,70,70,70,70,70,70,70,70,70,70,70,70,70,70,70,70,70,70,70,70,70,84,84,84,84,84,84,84,84],"relics":["Ring of the Snake","Shuriken","Anchor","Bag of Marbles","Tiny Chest","Cursed Key","Molten Egg 2","Potion Belt","Turnip","Ancient Tea Set","Lantern","The Specimen","Eternal Feather","Shovel","Bottled Lightning","Toxic Egg 2","Mango","Calipers","Boot","Pen Nib"],"card_choices":[{"not_picked":["Endless Agony","Deflect"],"picked":"Quick Slash","floor":1},{"not_picked":["Caltrops","Poisoned Stab"],"picked":"PiercingWail","floor":3},{"not_picked":["Dagger Throw","Escape Plan"],"picked":"Dagger Spray","floor":5},{"not_picked":["Heel Hook","Concentrate"],"picked":"Backstab","floor":7},{"not_picked":["Heel Hook","Calculated Gamble"],"picked":"Leg Sweep","floor":11},{"not_picked":["Bane","Riddle With Holes"],"picked":"Dagger Throw","floor":13},{"not_picked":["Sucker Punch","Burst"],"picked":"Blur","floor":14},{"not_picked":["Die Die Die","Corpse Explosion"],"picked":"Glass Knife","floor":16},{"not_picked":["Acrobatics","Quick Slash"],"picked":"Deflect","floor":18},{"not_picked":["Concentrate","Reflex"],"picked":"Dagger Spray+1","floor":21},{"not_picked":["Underhanded Strike+1","Outmaneuver"],"picked":"Dagger Spray+1","floor":24},{"not_picked":["Deadly Poison+1","Corpse Explosion+1"],"picked":"Backstab+1","floor":27},{"not_picked":["Riddle With Holes+1","Acrobatics"],"picked":"Blur","floor":28},{"not_picked":["Distraction","Bane+1"],"picked":"Flying Knee+1","floor":31},{"not_picked":["Venomology","Tools of the Trade"],"picked":"Glass Knife+1","floor":33},{"not_picked":["Dodge and Roll","Outmaneuver+1"],"picked":"Slice+1","floor":35},{"not_picked":["Catalyst+1","Malaise"],"picked":"Backflip","floor":36},{"not_picked":["Magnetism","Dramatic Entrance"],"picked":"Secret Technique","floor":38},{"not_picked":["Sadistic Nature","Trip"],"picked":"Panache","floor":38},{"not_picked":["Mind Blast","Bandage Up"],"picked":"Sadistic Nature","floor":38},{"not_picked":["Dagger Throw+1","Bane+1"],"picked":"Acrobatics","floor":39},{"not_picked":["Slice+1","Flying Knee+1"],"picked":"Noxious Fumes+1","floor":41},{"not_picked":["Unload+1","Accuracy"],"picked":"Bouncing Flask+1","floor":42},{"not_picked":["Deflect+1","Flying Knee+1"],"picked":"Blur+1","floor":44},{"not_picked":["Dagger Throw+1","Underhanded Strike+1"],"picked":"Sucker Punch+1","floor":45},{"not_picked":["Dagger Spray+1","Setup+1"],"picked":"Backflip+1","floor":48}],"player_experience":365735,"potions_floor_usage":[7,24,27,33,44,44,50,50,50],"damage_taken":[{"damage":1,"enemies":"Cultist","floor":1,"turns":5},{"damage":3,"enemies":"Jaw Worm","floor":3,"turns":5},{"damage":2,"enemies":"Small Slimes","floor":5,"turns":4},{"damage":13,"enemies":"3 Sentries","floor":7,"turns":7},{"damage":10,"enemies":"Lagavulin","floor":11,"turns":5},{"damage":14,"enemies":"Gremlin Nob","floor":13,"turns":4},{"damage":8,"enemies":"Exordium Thugs","floor":14,"turns":4},{"damage":50,"enemies":"Hexaghost","floor":16,"turns":16},{"damage":0,"enemies":"3 Byrds","floor":18,"turns":4},{"damage":0,"enemies":"Shell Parasite","floor":21,"turns":4},{"damage":2,"enemies":"Slavers","floor":24,"turns":3},{"damage":19,"enemies":"Book of Stabbing","floor":27,"turns":5},{"damage":29,"enemies":"Sentry and Sphere","floor":28,"turns":4},{"damage":2,"enemies":"Slavers","floor":31,"turns":3},{"damage":45,"enemies":"Automaton","floor":33,"turns":10},{"damage":12,"enemies":"3 Darklings","floor":35,"turns":6},{"damage":0,"enemies":"Mysterious Sphere","floor":36,"turns":2},{"damage":0,"enemies":"3 Shapes","floor":39,"turns":3},{"damage":0,"enemies":"Spire Growth","floor":41,"turns":3},{"damage":0,"enemies":"Sphere and 2 Shapes","floor":42,"turns":3},{"damage":91,"enemies":"Giant Head","floor":44,"turns":8},{"damage":2,"enemies":"3 Darklings","floor":45,"turns":5},{"damage":9,"enemies":"Nemesis","floor":48,"turns":5},{"damage":86,"enemies":"Donu and Deca","floor":50,"turns":6}],"relics_obtained":[{"floor":4,"key":"Shuriken"},{"floor":7,"key":"Anchor"},{"floor":9,"key":"Blood Vial"},{"floor":11,"key":"Bag of Marbles"},{"floor":13,"key":"Tiny Chest"},{"floor":19,"key":"Molten Egg 2"},{"floor":24,"key":"Potion Belt"},{"floor":26,"key":"Turnip"},{"floor":27,"key":"Ancient Tea Set"},{"floor":31,"key":"The Specimen"},{"floor":36,"key":"Shovel"},{"floor":37,"key":"Bottled Lightning"},{"floor":40,"key":"Toxic Egg 2"},{"floor":43,"key":"Mango"},{"floor":44,"key":"Calipers"},{"floor":48,"key":"Boot"},{"floor":49,"key":"Pen Nib"}],"event_choices":[{"event_name":"Living Wall","player_choice":"Grow","floor":8,"damage_taken":0},{"event_name":"Drug Dealer","player_choice":"Ignored","floor":20,"damage_taken":0},{"event_name":"Vampires","player_choice":"Became a vampire (Vial)","floor":22,"damage_taken":0},{"event_name":"The Mausoleum","player_choice":"Yes","floor":29,"damage_taken":0},{"event_name":"Mysterious Sphere","player_choice":"Fight","floor":36,"damage_taken":0},{"event_name":"SensoryStone","player_choice":"Memory 3","floor":38,"damage_taken":0},{"event_name":"Purifier","player_choice":"One Purge","floor":47,"damage_taken":0}],"boss_relics":[{"not_picked":["Velvet Choker","Lizard Tail"],"picked":"Cursed Key"},{"not_picked":["Black Star","Calling Bell"],"picked":"Eternal Feather"}],"items_purged_floors":[],"potions_floor_spawned":[1,11,16,21,28,33,35,41,42,45],"seed_played":"-895887516998297630","killed_by":"Donu and Deca","ascension_level":9,"potions_obtained":[{"floor":1,"key":"AttackPotion"},{"floor":11,"key":"FearPotion"},{"floor":16,"key":"EssenceOfSteel"},{"floor":21,"key":"Explosive Potion"},{"floor":28,"key":"Poison Potion"},{"floor":33,"key":"PowerPotion"},{"floor":35,"key":"SteroidPotion"},{"floor":41,"key":"FearPotion"},{"floor":42,"key":"Poison Potion"},{"floor":45,"key":"EssenceOfSteel"}],"is_trial":false}