{"path_per_floor":["M","M","?","?","?","?","M","R","T","R","M","?","E","M","R","B",null,"M","?","?","M","M","R","M","?","T","M","R","$","R","E","R"],"character_chosen":"IRONCLAD","items_purchased":["Offering","Hemokinesis"],"gold_per_floor":[110,123,123,123,73,73,87,87,114,114,124,124,150,164,164,259,259,271,271,171,187,197,197,216,216,216,235,235,39,39,64,64],"floor_reached":33,"campfire_rested":2,"playtime":2008,"current_hp_per_floor":[80,80,80,80,80,80,79,79,79,79,80,80,80,80,80,26,80,73,73,73,74,42,66,45,71,71,58,58,58,58,30,54],"items_purged":[],"gold":64,"score":265,"play_id":"4ac61ba5-7704-4c7e-babd-ea875fb969ef","local_time":"20180302122035","is_prod":false,"is_daily":false,"is_ascension_mode":false,"campfire_upgraded":5,"timestamp":1520011235,"path_taken":["M","M","?","?","?","?","M","R","T","R","?","?","E","M","R","BOSS","M","?","?","M","?","R","M","?","T","M","R","$","R","E","R","BOSS"],"build_version":"2018-03-01-PROD1","purchased_purges":0,"victory":false,"master_deck":["Strike_R","Strike_R","Strike_R","Defend_R","Defend_R","Bash+1","Second Wind","Power Through+1","Impervious","Hemokinesis+1","Armaments+1","Wild Strike+1","True Grit","Fiend Fire","Wild Strike+1","J.A.X.","True Grit","Sever Soul","Seeing Red","Offering+1","Hemokinesis","Evolve"],"max_hp_per_floor":[80,80,80,80,80,80,80,80,80,80,80,80,80,80,80,80,80,80,80,80,80,80,80,80,80,80,80,80,80,80,80,80],"relics":["Burning Blood","Anchor","Ginger","Runic Cube","Champion Belt","Charon\u0027s Ashes"],"card_choices":[{"not_picked":["Havoc","True Grit"],"picked":"Second Wind"},{"not_picked":["Entrench","Iron Wave"],"picked":"Power Through"},{"not_picked":["Shrug It Off","Clash"],"picked":"Hemokinesis"},{"not_picked":["Anger","Burning Pact"],"picked":"Armaments"},{"not_picked":["Power Through","Clothesline"],"picked":"Wild Strike"},{"not_picked":["Anger","Dropkick"],"picked":"True Grit"},{"not_picked":["Dark Embrace","Barricade"],"picked":"Fiend Fire"},{"not_picked":["Headbutt","Clothesline"],"picked":"Wild Strike"},{"not_picked":["Spot Weakness","Thunderclap"],"picked":"True Grit"},{"not_picked":["True Grit","Thunderclap"],"picked":"Sever Soul"},{"not_picked":["Blood for Blood","Shrug It Off"],"picked":"Seeing Red"},{"not_picked":["Bludgeon","Carnage"],"picked":"Evolve"}],"player_experience":316203,"potions_floor_usage":[18,22,24,27,33,33],"damage_taken":[{"damage":3,"enemies":"Jaw Worm","floor":1,"turns":5},{"damage":1,"enemies":"Cultist","floor":2,"turns":3},{"damage":7,"enemies":"Small Slimes","floor":7,"turns":5},{"damage":2,"enemies":"2 Fungi Beasts","floor":11,"turns":3},{"damage":6,"enemies":"3 Sentries","floor":13,"turns":11},{"damage":4,"enemies":"Exordium Thugs","floor":14,"turns":3},{"damage":60,"enemies":"The Guardian","floor":16,"turns":14},{"damage":13,"enemies":"Chosen","floor":18,"turns":5},{"damage":5,"enemies":"Spheric Guardian","floor":21,"turns":2},{"damage":38,"enemies":"Slaver and Parasite","floor":22,"turns":8},{"damage":27,"enemies":"3 Cultists","floor":24,"turns":6},{"damage":19,"enemies":"Cultist and Chosen","floor":27,"turns":6},{"damage":34,"enemies":"Gremlin Leader","floor":31,"turns":5},{"damage":71,"enemies":"Champ","floor":33,"turns":8}],"event_choices":[{"event_name":"Transmorgrifier","player_choice":"Transform","floor":3,"damage_taken":0},{"event_name":"Accursed Blacksmith","player_choice":"Forge","floor":4,"damage_taken":0},{"event_name":"The Cleric","player_choice":"Card Removal","floor":5,"damage_taken":0},{"event_name":"Purifier","player_choice":"One Purge","floor":6,"damage_taken":0},{"event_name":"Liars Game","player_choice":"disagreed","floor":12,"damage_taken":0},{"event_name":"Back to Basics","player_choice":"Elegance","floor":19,"damage_taken":0},{"event_name":"Drug Dealer","player_choice":"Got JAXXED","floor":20,"damage_taken":0},{"event_name":"The Library","player_choice":"Heal","floor":25,"damage_taken":0}],"boss_relics":[{"not_picked":["Snecko Eye","Eternal Feather"],"picked":"Runic Cube"}],"potions_floor_spawned":[2,16,18,21,24,31],"seed_played":"-4760059867470379918","killed_by":"Champ","ascension_level":0,"is_trial":false}