{"path_per_floor":["M","M","?","M","M","R","E","M","T","M","M","E","M","$","R","B",null,"M","M","?","M","$","E","R","M","T","R","?","E","M","M","R","B",null,"M","M","$","M","M","M","?"],"character_chosen":"THE_SILENT","items_purchased":["Accuracy","Panache","Sadistic Nature","Backflip"],"gold_per_floor":[115,131,131,150,163,163,193,207,207,221,238,265,278,124,124,226,226,237,252,177,195,8,39,39,49,79,79,79,111,128,141,141,241,241,255,268,27,41,58,78,78],"floor_reached":42,"campfire_rested":2,"playtime":2880,"current_hp_per_floor":[70,67,67,67,55,55,49,49,49,43,43,44,44,44,65,38,70,55,49,49,34,34,31,41,38,38,48,48,48,27,36,67,39,70,70,70,70,58,39,9,9],"items_purged":["Strike_G"],"gold":78,"score":508,"play_id":"83f674b3-ea47-4b25-9934-7e215d27f2b0","local_time":"20180316215428","is_prod":false,"is_daily":false,"is_ascension_mode":false,"campfire_upgraded":3,"timestamp":1521251668,"path_taken":["M","M","?","M","M","R","E","M","T","M","M","E","?","$","R","BOSS","M","M","?","?","?","E","R","?","T","R","?","E","M","M","R","BOSS","M","M","?","M","M","M","?","M"],"build_version":"2018-03-15v2","purchased_purges":3,"victory":false,"master_deck":["Defend_G+1","Defend_G+1","Defend_G+1","Defend_G+1","Defend_G+1","Strike_G+1","Survivor","Neutralize","Backstab","Noxious Fumes+1","Prepared","Dagger Spray+1","Well Laid Plans","Bane","Infinite Blades","PiercingWail","Night Terror+1","Finisher","Accuracy","Adrenaline+1","PiercingWail","Dodge and Roll","Escape Plan","Panache","Blade Dance+1","Dagger Spray+1","Backstab","Backflip+1","Bullet Time+1","Deflect+1","Deflect+1","Sadistic Nature","Backflip+1","Blur+1","Concentrate+1"],"max_hp_per_floor":[70,70,70,70,70,70,70,70,70,70,70,70,70,70,70,70,70,70,70,70,70,70,70,70,70,70,70,70,70,70,70,70,70,70,70,70,70,70,70,70,70],"relics":["Ring of the Snake","Anchor","Whetstone","Shuriken","Eternal Feather","Toxic Egg 2","Tiny Chest","Vajra","White Beast Statue"],"card_choices":[{"not_picked":["Setup","Envenom"],"picked":"Backstab"},{"not_picked":["Underhanded Strike","Dodge and Roll"],"picked":"Noxious Fumes"},{"not_picked":["Choke","Deflect"],"picked":"Dagger Spray"},{"not_picked":["Quick Slash","Finisher"],"picked":"Well Laid Plans"},{"not_picked":["Calculated Gamble","Deflect"],"picked":"Bane"},{"not_picked":["Storm of Steel","Acrobatics"],"picked":"Infinite Blades"},{"not_picked":["Flying Knee","Slice"],"picked":"PiercingWail"},{"not_picked":["Prepared","Backflip"],"picked":"Night Terror"},{"not_picked":["Terror","Reflex"],"picked":"Finisher"},{"not_picked":["Envenom","Unload"],"picked":"Adrenaline"},{"not_picked":["All Out Attack","Masterful Stab"],"picked":"PiercingWail"},{"not_picked":["Dagger Throw","Quick Slash"],"picked":"Dodge and Roll"},{"not_picked":["Dagger Spray","Acrobatics"],"picked":"Escape Plan"},{"not_picked":["Bane","Escape Plan"],"picked":"Blade Dance"},{"not_picked":["Dagger Throw","Crippling Poison"],"picked":"Dagger Spray"},{"not_picked":["Quick Slash","Prepared"],"picked":"Backstab"},{"not_picked":["Reflex","Deflect"],"picked":"Backflip"},{"not_picked":["Die Die Die","Wraith Form"],"picked":"Bullet Time"},{"not_picked":["Poisoned Stab","Reflex"],"picked":"Deflect"},{"not_picked":["Sucker Punch","Slice"],"picked":"Deflect"},{"not_picked":["Tactician","Terror"],"picked":"Blur"},{"not_picked":["Sucker Punch","Prepared"],"picked":"Concentrate"}],"player_experience":583802,"potions_floor_usage":[12,12,13,23,23,29,29,31,38,40,42,42,42],"damage_taken":[{"damage":0,"enemies":"Small Slimes","floor":1,"turns":5},{"damage":3,"enemies":"Cultist","floor":2,"turns":5},{"damage":0,"enemies":"2 Louse","floor":4,"turns":1},{"damage":12,"enemies":"Red Slaver","floor":5,"turns":5},{"damage":6,"enemies":"Lagavulin","floor":7,"turns":9},{"damage":0,"enemies":"3 Louse","floor":8,"turns":3},{"damage":6,"enemies":"Gremlin Gang","floor":10,"turns":4},{"damage":0,"enemies":"Red Slaver","floor":11,"turns":2},{"damage":11,"enemies":"3 Sentries","floor":12,"turns":6},{"damage":0,"enemies":"Exordium Thugs","floor":13,"turns":2},{"damage":27,"enemies":"The Guardian","floor":16,"turns":10},{"damage":15,"enemies":"2 Thieves","floor":18,"turns":4},{"damage":6,"enemies":"3 Byrds","floor":19,"turns":4},{"damage":15,"enemies":"Slaver and Parasite","floor":21,"turns":7},{"damage":3,"enemies":"Gremlin Leader","floor":23,"turns":7},{"damage":3,"enemies":"Centurion and Healer","floor":25,"turns":5},{"damage":0,"enemies":"Slavers","floor":29,"turns":5},{"damage":21,"enemies":"Snake Plant","floor":30,"turns":3},{"damage":3,"enemies":"Chosen and Byrds","floor":31,"turns":5},{"damage":28,"enemies":"Champ","floor":33,"turns":8},{"damage":0,"enemies":"3 Shapes","floor":35,"turns":5},{"damage":0,"enemies":"Orb Walker","floor":36,"turns":2},{"damage":12,"enemies":"Maw","floor":38,"turns":7},{"damage":19,"enemies":"Sphere and 2 Shapes","floor":39,"turns":6},{"damage":30,"enemies":"4 Shapes","floor":40,"turns":8},{"damage":17,"enemies":"Maw","floor":42,"turns":7}],"event_choices":[{"event_name":"Transmorgrifier","player_choice":"Transform","floor":3,"damage_taken":0},{"event_name":"Beggar","player_choice":"Gave Gold","floor":20,"damage_taken":0},{"event_name":"Back to Basics","player_choice":"Simplicity","floor":28,"damage_taken":0}],"boss_relics":[{"not_picked":["Pandora\u0027s Box","Sozu"],"picked":"Eternal Feather"},{"not_picked":["Philosopher\u0027s Stone","Velvet Choker"],"picked":"White Beast Statue"}],"potions_floor_spawned":[4,5,10,11,16,21,23,25,29,35,36,38,39,40],"seed_played":"2067854407561775549","killed_by":"Maw","ascension_level":0,"is_trial":false}