{"gold_per_floor":[113,113,131,3,13,45,57,57,132,152,178,189,189,221,221,296,296,311,322,333,207,227,227,257,257,257,257,271,288,314,342,342,418,418,430,485,496,73,85,85,110,110,110,110,145,155,0,14,14,14,14,14,14,14,46,46],"floor_reached":56,"playtime":4140,"items_purged":["Regret","Strike_R","Strike_R"],"score":2088,"play_id":"c8df53ce-2cb6-43ae-85bd-bcbd1cdc5069","local_time":"20190115223559","is_ascension_mode":true,"campfire_choices":[{"data":"Bash","floor":8.0,"key":"SMITH"},{"data":"Whirlwind","floor":13.0,"key":"SMITH"},{"data":"Bludgeon","floor":15.0,"key":"SMITH"},{"data":"True Grit","floor":23.0,"key":"SMITH"},{"data":"True Grit","floor":25.0,"key":"SMITH"},{"data":"Disarm","floor":27.0,"key":"SMITH"},{"data":"Body Slam","floor":32.0,"key":"SMITH"},{"floor":40.0,"key":"REST"},{"floor":42.0,"key":"RECALL"},{"floor":49.0,"key":"REST"},{"floor":53.0,"key":"REST"}],"neow_cost":"CURSE","seed_source_timestamp":15819404611931,"circlet_count":0,"master_deck":["AscendersBane","Strike_R","Strike_R","Strike_R","Defend_R","Defend_R","Defend_R","Defend_R","Bash+1","Anger","Bludgeon+1","Flame Barrier","Whirlwind+1","Disarm","Offering","Exhume","Disarm+1","True Grit+1","Exhume","Shrug It Off","True Grit+1","Shrug It Off","Spot Weakness","Impervious","Shrug It Off","Body Slam+1","Spot Weakness","Battle Trance","Fiend Fire","Entrench","Shrug It Off+1","Shockwave","Feel No Pain","Exhume","Feel No Pain","Dark Embrace","True Grit+1"],"special_seed":0,"relics":["Burning Blood","Charon\u0027s Ashes","Pocketwatch","Lantern","Kunai","Bag of Preparation","Prayer Wheel","Velvet Choker","Bottled Flame","Bag of Marbles","Du-Vu Doll","Fusion Hammer","Ginger","Chemical X","Regal Pillow","Boot","Gremlin Horn","Red Mask","Mummified Hand"],"potions_floor_usage":[56,56],"damage_taken":[{"damage":10.0,"enemies":"Jaw Worm","floor":1.0,"turns":6.0},{"damage":10.0,"enemies":"Cultist","floor":3.0,"turns":4.0},{"damage":0.0,"enemies":"2 Louse","floor":5.0,"turns":4.0},{"damage":25.0,"enemies":"Lagavulin","floor":6.0,"turns":5.0},{"damage":0.0,"enemies":"Red Slaver","floor":7.0,"turns":3.0},{"damage":0.0,"enemies":"Looter","floor":10.0,"turns":2.0},{"damage":20.0,"enemies":"3 Sentries","floor":11.0,"turns":6.0},{"damage":7.0,"enemies":"Blue Slaver","floor":12.0,"turns":3.0},{"damage":8.0,"enemies":"Gremlin Nob","floor":14.0,"turns":3.0},{"damage":14.0,"enemies":"The Guardian","floor":16.0,"turns":11.0},{"damage":6.0,"enemies":"3 Byrds","floor":18.0,"turns":2.0},{"damage":1.0,"enemies":"Chosen","floor":19.0,"turns":5.0},{"damage":19.0,"enemies":"Centurion and Healer","floor":20.0,"turns":6.0},{"damage":4.0,"enemies":"Snecko","floor":22.0,"turns":3.0},{"damage":6.0,"enemies":"Slavers","floor":24.0,"turns":2.0},{"damage":6.0,"enemies":"Snake Plant","floor":28.0,"turns":5.0},{"damage":5.0,"enemies":"Sentry and Sphere","floor":29.0,"turns":4.0},{"damage":10.0,"enemies":"Book of Stabbing","floor":31.0,"turns":5.0},{"damage":20.0,"enemies":"Champ","floor":33.0,"turns":12.0},{"damage":0.0,"enemies":"3 Shapes","floor":35.0,"turns":1.0},{"damage":2.0,"enemies":"2 Orb Walkers","floor":36.0,"turns":3.0},{"damage":0.0,"enemies":"3 Darklings","floor":37.0,"turns":1.0},{"damage":42.0,"enemies":"Transient","floor":39.0,"turns":6.0},{"damage":5.0,"enemies":"Reptomancer","floor":41.0,"turns":3.0},{"damage":6.0,"enemies":"Nemesis","floor":45.0,"turns":10.0},{"damage":0.0,"enemies":"Jaw Worm Horde","floor":46.0,"turns":1.0},{"damage":6.0,"enemies":"Spire Growth","floor":48.0,"turns":8.0},{"damage":14.0,"enemies":"Awakened One","floor":50.0,"turns":19.0},{"damage":26.0,"enemies":"Donu and Deca","floor":51.0,"turns":11.0},{"damage":49.0,"enemies":"Shield and Spear","floor":55.0,"turns":6.0},{"damage":45,"enemies":"The Heart","floor":56,"turns":3}],"seed_played":"-8545188716405993292","potions_obtained":[{"floor":3.0,"key":"Poison Potion"},{"floor":16.0,"key":"Strength Potion"},{"floor":18.0,"key":"SpeedPotion"},{"floor":19.0,"key":"Block Potion"},{"floor":22.0,"key":"Swift Potion"},{"floor":29.0,"key":"Dexterity Potion"},{"floor":33.0,"key":"Explosive Potion"},{"floor":36.0,"key":"Poison Potion"},{"floor":39.0,"key":"LiquidBronze"}],"is_trial":false,"path_per_floor":["M","?","M","$","M","E","M","R","T","M","E","M","R","E","R","B",null,"M","M","M","$","M","R","E","R","T","R","M","M","T","E","R","B",null,"M","?","M","$","M","R","E","R","T","?","E","M","?","M","R","B","B",null,"R","$","E","B"],"character_chosen":"IRONCLAD","items_purchased":["Poison Potion","Shrug It Off","Feel No Pain","Chemical X"],"campfire_rested":3,"item_purchase_floors":[4,21,38,38],"current_hp_per_floor":[64,64,60,60,66,47,53,53,53,59,45,44,44,42,42,34,65,65,70,57,57,59,59,59,59,59,59,59,60,60,56,56,42,67,73,75,75,75,39,61,62,62,62,62,62,68,68,68,75,67,47,68,75,75,32,0],"gold":46,"neow_bonus":"ONE_RARE_RELIC","is_prod":false,"is_daily":false,"chose_seed":false,"campfire_upgraded":7,"win_rate":0,"timestamp":1547620559,"path_taken":["M","?","?","$","M","E","M","R","T","M","E","M","R","E","R","BOSS","M","M","M","$","M","R","E","R","T","R","M","M","?","E","R","BOSS","M","?","M","$","M","R","E","R","T","?","E","?","?","M","R","BOSS","BOSS","R","$","E","BOSS"],"build_version":"2019-01-14v2","purchased_purges":3,"victory":false,"max_hp_per_floor":[75,75,75,75,75,75,75,75,75,75,75,75,75,75,75,75,75,75,75,75,75,75,75,75,75,75,75,75,75,75,75,75,75,75,75,75,75,75,75,75,75,75,75,75,75,75,75,75,75,75,75,75,75,75,75,75],"card_choices":[{"not_picked":["Havoc","Iron Wave"],"picked":"Shrug It Off","floor":1.0},{"not_picked":["Cleave","Heavy Blade"],"picked":"Anger","floor":3.0},{"not_picked":["Body Slam","Disarm"],"picked":"Bludgeon","floor":5.0},{"not_picked":["Rage","Warcry"],"picked":"Flame Barrier","floor":6.0},{"not_picked":["Heavy Blade","Seeing Red"],"picked":"Whirlwind","floor":7.0},{"not_picked":["Uppercut","Thunderclap","Power Through"],"picked":"SKIP","floor":10.0},{"not_picked":["Flame Barrier","Headbutt"],"picked":"Disarm","floor":11.0},{"not_picked":["Pommel Strike","Cleave","Metallicize"],"picked":"SKIP","floor":12.0},{"not_picked":["Anger","Sword Boomerang"],"picked":"Offering","floor":14.0},{"not_picked":["Bludgeon","Barricade"],"picked":"Exhume","floor":16.0},{"not_picked":["True Grit","Infernal Blade"],"picked":"Disarm","floor":18.0},{"not_picked":["Shrug It Off","Searing Blow"],"picked":"True Grit","floor":18.0},{"not_picked":["Armaments","Clothesline"],"picked":"Exhume","floor":19.0},{"not_picked":["Armaments","Warcry"],"picked":"Shrug It Off","floor":19.0},{"not_picked":["Heavy Blade","Thunderclap+1"],"picked":"True Grit","floor":20.0},{"not_picked":["Bloodletting","Rage","Anger"],"picked":"SKIP","floor":20.0},{"not_picked":["Whirlwind","Entrench"],"picked":"Spot Weakness","floor":22.0},{"not_picked":["Sword Boomerang","Armaments","Sever Soul"],"picked":"SKIP","floor":22.0},{"not_picked":["Headbutt","Perfected Strike"],"picked":"Impervious","floor":24.0},{"not_picked":["Metallicize","Iron Wave"],"picked":"Shrug It Off","floor":28.0},{"not_picked":["Clothesline","True Grit"],"picked":"Body Slam","floor":28.0},{"not_picked":["Anger","Sentinel"],"picked":"Spot Weakness","floor":29.0},{"not_picked":["Perfected Strike","Evolve","Clash"],"picked":"SKIP","floor":29.0},{"not_picked":["True Grit","Clash"],"picked":"Battle Trance","floor":31.0},{"not_picked":["Double Tap","Feed"],"picked":"Fiend Fire","floor":33.0},{"not_picked":["Clash+1","Twin Strike"],"picked":"Entrench","floor":35.0},{"not_picked":["Perfected Strike+1","Evolve"],"picked":"Shrug It Off+1","floor":35.0},{"not_picked":["Anger","Perfected Strike+1"],"picked":"Shockwave","floor":37.0},{"not_picked":["Body Slam","Flex","Shrug It Off"],"picked":"SKIP","floor":37.0},{"not_picked":["Headbutt+1","Ghostly Armor"],"picked":"Exhume","floor":39.0},{"not_picked":["Perfected Strike+1","Reckless Charge","Power Through"],"picked":"SKIP","floor":39.0},{"not_picked":["Flex","Hemokinesis"],"picked":"Feel No Pain","floor":41.0},{"not_picked":["Armaments","Body Slam"],"picked":"Dark Embrace","floor":45.0},{"not_picked":["Wild Strike","Havoc"],"picked":"True Grit+1","floor":46.0},{"not_picked":["Flex","Dual Wield","Cleave+1"],"picked":"SKIP","floor":46.0},{"not_picked":["Sword Boomerang","Thunderclap","Pommel Strike+1"],"picked":"SKIP","floor":48.0},{"not_picked":["True Grit","Flex","Uppercut+1"],"picked":"SKIP","floor":48.0},{"not_picked":["Sword Boomerang","Carnage","Blood for Blood"],"picked":"SKIP","floor":55.0}],"player_experience":1216612,"relics_obtained":[{"floor":6.0,"key":"Lantern"},{"floor":9.0,"key":"Kunai"},{"floor":11.0,"key":"Bag of Preparation"},{"floor":14.0,"key":"Prayer Wheel"},{"floor":24.0,"key":"Bottled Flame"},{"floor":30.0,"key":"Bag of Marbles"},{"floor":31.0,"key":"Du-Vu Doll"},{"floor":36.0,"key":"Ginger"},{"floor":41.0,"key":"Regal Pillow"},{"floor":43.0,"key":"Boot"},{"floor":45.0,"key":"Gremlin Horn"},{"floor":55.0,"key":"Mummified Hand"}],"event_choices":[{"cards_removed":["Shrug It Off"],"damage_healed":0.0,"max_hp_gain":0.0,"max_hp_loss":0.0,"gold_gain":0.0,"event_name":"WeMeetAgain","player_choice":"Gave Card","floor":2.0,"gold_loss":0.0,"damage_taken":0.0,"relics_obtained":["Pocketwatch"]},{"damage_healed":0.0,"max_hp_gain":0.0,"max_hp_loss":0.0,"gold_gain":0.0,"event_name":"Mysterious Sphere","player_choice":"Fight","floor":36.0,"gold_loss":0.0,"damage_taken":0.0},{"damage_healed":0.0,"max_hp_gain":0.0,"max_hp_loss":0.0,"gold_gain":0.0,"event_name":"SecretPortal","player_choice":"Ignored","floor":44.0,"gold_loss":0.0,"damage_taken":0.0},{"damage_healed":0.0,"max_hp_gain":0.0,"max_hp_loss":0.0,"gold_gain":0.0,"event_name":"Tomb of Lord Red Mask","player_choice":"Paid","floor":47.0,"gold_loss":155.0,"damage_taken":0.0,"relics_obtained":["Red Mask"]}],"is_beta":true,"boss_relics":[{"not_picked":["Astrolabe","Runic Dome"],"picked":"Velvet Choker"},{"not_picked":["Cursed Key","Black Blood"],"picked":"Fusion Hammer"}],"items_purged_floors":[4,21,38],"is_endless":false,"potions_floor_spawned":[3,11,12,16,18,19,22,29,33,36,39,46,48],"killed_by":"The Heart","ascension_level":20}