{"path_per_floor":["M","M","M","?","M","R","E","M","T","M","T","?","E","M","R","B",null,"M","$","M","?","?","?","M","R","T","T"],"character_chosen":"IRONCLAD","items_purchased":["Apotheosis","Meat on the Bone"],"gold_per_floor":[118,138,152,152,166,166,197,211,283,308,334,334,367,381,381,512,512,537,28,47,47,47,47,58,58,81,81],"floor_reached":28,"campfire_rested":1,"playtime":1138,"current_hp_per_floor":[80,80,79,79,73,73,57,50,50,50,50,50,45,45,69,44,71,44,44,46,46,46,46,62,62,67,67],"items_purged":["Injury"],"gold":81,"score":288,"play_id":"51817769-9d63-46af-ab91-d0adf3efaeb8","local_time":"20180321153914","is_prod":false,"is_daily":false,"is_ascension_mode":true,"campfire_upgraded":2,"timestamp":1521661154,"path_taken":["M","M","M","?","M","R","E","M","T","M","?","?","E","M","R","BOSS","M","$","M","?","?","?","?","R","T","?","M"],"build_version":"2018-03-15v3","purchased_purges":1,"victory":false,"master_deck":["Strike_R","Strike_R","Strike_R","Strike_R+1","Defend_R","Defend_R","Defend_R","Defend_R","Bash","Rampage+1","Headbutt+1","Warcry+1","Double Tap","Shockwave","Dropkick","Pommel Strike","Thunderclap","Feed","Armaments","Apotheosis+1","Battle Trance","Limit Break","Pain","Rage","Twin Strike","Doubt","Havoc","Pain","Thunderclap+1"],"max_hp_per_floor":[80,80,80,80,80,80,80,80,80,80,80,80,80,80,80,80,80,80,80,83,83,83,83,86,86,86,86],"relics":["Burning Blood","Bronze Scales","Bloody Idol","Prayer Wheel","Paper Frog","Lantern","Dream Catcher","Cursed Key","Meat on the Bone","Whetstone","Frozen Eye"],"card_choices":[{"not_picked":["True Grit","Intimidate"],"picked":"Rampage"},{"not_picked":["Disarm","Iron Wave"],"picked":"Headbutt"},{"not_picked":["Bloodletting","Heavy Blade"],"picked":"Warcry"},{"not_picked":["Havoc","Hemokinesis"],"picked":"Double Tap"},{"not_picked":["Second Wind","Thunderclap"],"picked":"Shockwave"},{"not_picked":["Twin Strike","Searing Blow"],"picked":"Dropkick"},{"not_picked":["Heavy Blade","Flex"],"picked":"Pommel Strike"},{"not_picked":["Warcry","Twin Strike"],"picked":"Thunderclap"},{"not_picked":["Demon Form","Juggernaut"],"picked":"Feed"},{"not_picked":["Body Slam","Sword Boomerang"],"picked":"Armaments"},{"not_picked":["Burning Pact","Twin Strike"],"picked":"Battle Trance"},{"not_picked":["Sword Boomerang","Twin Strike"],"picked":"Havoc"},{"not_picked":["Body Slam","Reckless Charge"],"picked":"Thunderclap"}],"player_experience":641821,"potions_floor_usage":[7,10,13,18],"damage_taken":[{"damage":1,"enemies":"2 Louse","floor":1,"turns":3},{"damage":1,"enemies":"Cultist","floor":2,"turns":4},{"damage":7,"enemies":"Jaw Worm","floor":3,"turns":3},{"damage":12,"enemies":"Looter","floor":5,"turns":3},{"damage":22,"enemies":"3 Sentries","floor":7,"turns":6},{"damage":13,"enemies":"Exordium Thugs","floor":8,"turns":4},{"damage":6,"enemies":"Lots of Slimes","floor":10,"turns":4},{"damage":20,"enemies":"Lagavulin","floor":13,"turns":5},{"damage":6,"enemies":"2 Fungi Beasts","floor":14,"turns":2},{"damage":31,"enemies":"The Guardian","floor":16,"turns":5},{"damage":33,"enemies":"Spheric Guardian","floor":18,"turns":4},{"damage":19,"enemies":"3 Byrds","floor":20,"turns":3},{"damage":10,"enemies":"Centurion and Healer","floor":24,"turns":4},{"damage":85,"enemies":"Chosen and Byrds","floor":28,"turns":6}],"event_choices":[{"event_name":"Golden Idol","player_choice":"Take Wound","floor":4,"damage_taken":0},{"event_name":"Accursed Blacksmith","player_choice":"Forge","floor":12,"damage_taken":0},{"event_name":"Purifier","player_choice":"One Purge","floor":21,"damage_taken":0},{"event_name":"Match and Keep!","player_choice":"4 cards matched","floor":22,"damage_taken":0},{"event_name":"Forgotten Altar","player_choice":"Gave Idol","floor":23,"damage_taken":0}],"boss_relics":[{"not_picked":["Black Star","Astrolabe"],"picked":"Cursed Key"}],"potions_floor_spawned":[2,3,5,13],"seed_played":"7076087007472028021","killed_by":"Chosen and Byrds","ascension_level":5,"is_trial":false}