{"path_per_floor":["M","M","?","M","M","M","?","$","T","M","M","$","R","E","R","B",null,"M","?","$","M","M","E","R","E","T","$","R","M","M","M","R","B",null,"M","?","$","M","M","R","?","R","T","R","M","E","$","?","R","B"],"character_chosen":"THE_SILENT","items_purchased":["Accuracy","Bronze Scales","Footwork","Blade Dance","Escape Plan","Energy Potion","Lantern"],"gold_per_floor":[113,123,73,85,100,110,110,74,125,145,161,18,18,50,50,147,147,131,131,13,29,46,71,71,98,125,50,50,68,79,97,97,195,195,215,215,96,107,127,127,127,127,127,127,137,193,40,40,40,40],"floor_reached":51,"campfire_rested":4,"playtime":3476,"current_hp_per_floor":[77,77,77,77,46,44,32,32,32,32,32,32,55,50,50,45,77,75,75,75,67,54,49,72,66,73,73,73,73,58,49,74,34,84,84,84,84,82,81,81,81,81,81,81,66,78,78,67,84,64],"items_purged":["Doubt"],"gold":40,"score":883,"play_id":"08597f5d-a5de-435d-9f1d-9daaa0111fb0","local_time":"20180321144130","is_prod":false,"is_daily":false,"is_ascension_mode":true,"campfire_upgraded":5,"timestamp":1521657690,"path_taken":["M","M","?","M","M","M","?","?","T","M","M","$","R","E","R","BOSS","M","?","$","M","M","E","R","E","T","$","R","M","M","?","R","BOSS","M","?","$","M","M","R","?","R","T","R","M","E","?","?","R","BOSS"],"build_version":"2018-03-15v3","purchased_purges":1,"victory":true,"master_deck":["Defend_G","Defend_G","Defend_G","Defend_G","Defend_G","Strike_G","Survivor","Neutralize","Footwork+1","Infinite Blades+1","PiercingWail","Cloak And Dagger","Slice","Accuracy+1","Dagger Spray","Outmaneuver","Leg Sweep","Venomology","Backstab","Expertise","Footwork+1","Blade Dance","Flechettes+1","Slice+1","Cloak And Dagger","Malaise+1","Masterful Stab+1","Endless Agony+1","Terror+1","Storm of Steel","Finisher+1","Adrenaline+1","Escape Plan","Malaise+1","Skewer+1","Parasite","Slice+1","Madness","Madness"],"max_hp_per_floor":[77,77,77,77,77,77,77,77,77,77,77,77,77,77,77,77,77,77,77,77,77,77,77,77,77,84,84,84,84,84,84,84,84,84,84,84,84,84,84,84,84,84,84,84,84,84,84,84,84,84],"relics":["Ring of the Snake","Unceasing Top","Bag of Preparation","Bronze Scales","Bag of Marbles","Cursed Key","Happy Flower","Molten Egg 2","Strawberry","Philosopher\u0027s Stone","Tingsha","Tiny Chest","Lantern"],"card_choices":[{"not_picked":["Dagger Throw","Well Laid Plans"],"picked":"Footwork"},{"not_picked":["Expertise","Outmaneuver"],"picked":"Infinite Blades"},{"not_picked":["Deflect","Quick Slash"],"picked":"PiercingWail"},{"not_picked":["Dash","Expertise"],"picked":"Cloak And Dagger"},{"not_picked":["Prepared","Infinite Blades"],"picked":"Slice"},{"not_picked":["Bane","Venomology"],"picked":"Dagger Spray"},{"not_picked":["Flechettes","Slice"],"picked":"Outmaneuver"},{"not_picked":["Eviscerate","Accuracy"],"picked":"Leg Sweep"},{"not_picked":["Tactician","Grand Finale"],"picked":"Venomology"},{"not_picked":["Dagger Spray","Slice"],"picked":"Backstab"},{"not_picked":["Prepared","Calculated Gamble"],"picked":"Flechettes"},{"not_picked":["Dagger Spray","Poisoned Stab"],"picked":"Slice"},{"not_picked":["Dash","PiercingWail"],"picked":"Cloak And Dagger"},{"not_picked":["Leg Sweep","Flying Knee"],"picked":"Malaise"},{"not_picked":["Noxious Fumes","Acrobatics"],"picked":"Masterful Stab"},{"not_picked":["Prepared","Dagger Throw"],"picked":"Endless Agony"},{"not_picked":["Flying Knee","Bullet Time"],"picked":"Terror"},{"not_picked":["Tools of the Trade","Grand Finale"],"picked":"Storm of Steel"},{"not_picked":["Terror","Backstab"],"picked":"Finisher"},{"not_picked":["Dagger Spray","Catalyst"],"picked":"Malaise"},{"not_picked":["Deadly Poison","Reflex"],"picked":"Skewer"},{"not_picked":["Riddle With Holes","Flying Knee"],"picked":"Slice"}],"player_experience":636772,"potions_floor_usage":[14,14,18,23,23,25,30,30,33,33,38,38,45,46,46,50,50],"damage_taken":[{"damage":0,"enemies":"Small Slimes","floor":1,"turns":3},{"damage":0,"enemies":"2 Louse","floor":2,"turns":5},{"damage":0,"enemies":"Jaw Worm","floor":4,"turns":6},{"damage":31,"enemies":"Exordium Wildlife","floor":5,"turns":9},{"damage":2,"enemies":"Blue Slaver","floor":6,"turns":6},{"damage":0,"enemies":"2 Fungi Beasts","floor":10,"turns":4},{"damage":0,"enemies":"Lots of Slimes","floor":11,"turns":2},{"damage":5,"enemies":"3 Sentries","floor":14,"turns":5},{"damage":5,"enemies":"Hexaghost","floor":16,"turns":12},{"damage":2,"enemies":"2 Thieves","floor":18,"turns":4},{"damage":8,"enemies":"3 Byrds","floor":21,"turns":3},{"damage":13,"enemies":"Snecko","floor":22,"turns":6},{"damage":5,"enemies":"Slavers","floor":23,"turns":4},{"damage":6,"enemies":"Book of Stabbing","floor":25,"turns":5},{"damage":0,"enemies":"3 Cultists","floor":29,"turns":5},{"damage":15,"enemies":"Cultist and Chosen","floor":30,"turns":5},{"damage":9,"enemies":"Centurion and Healer","floor":31,"turns":5},{"damage":40,"enemies":"Champ","floor":33,"turns":11},{"damage":0,"enemies":"Orb Walker","floor":35,"turns":1},{"damage":2,"enemies":"3 Darklings","floor":38,"turns":7},{"damage":1,"enemies":"4 Shapes","floor":39,"turns":5},{"damage":15,"enemies":"Maw","floor":45,"turns":6},{"damage":0,"enemies":"Giant Head","floor":46,"turns":5},{"damage":20,"enemies":"Time Eater","floor":50,"turns":11}],"event_choices":[{"event_name":"The Cleric","player_choice":"Card Removal","floor":3,"damage_taken":0},{"event_name":"Scrap Ooze","player_choice":"success","floor":7,"damage_taken":12},{"event_name":"Transmorgrifier","player_choice":"Transform","floor":19,"damage_taken":0},{"event_name":"Transmorgrifier","player_choice":"Transform","floor":36,"damage_taken":0},{"event_name":"Winding Halls","player_choice":"Embrace Madness","floor":48,"damage_taken":0}],"boss_relics":[{"not_picked":["White Beast Statue","Black Star"],"picked":"Cursed Key"},{"not_picked":["Runic Pyramid","Runic Dome"],"picked":"Philosopher\u0027s Stone"}],"potions_floor_spawned":[2,4,6,11,21,22,31,45],"seed_played":"-5763974274407897220","ascension_level":4,"is_trial":false}