{"gold_per_floor":[117,117,117,132,193,193,51,51,78,78,128,128,157,168,168,266,266,276,20,90,14,64,64],"floor_reached":23,"playtime":809,"items_purged":["Regret"],"score":315,"play_id":"3f5b8cec-0c6f-4af1-8bd2-92ed8fc164ac","local_time":"20180708165722","is_ascension_mode":true,"campfire_choices":[{"floor":6,"key":"REST"},{"data":"Neutralize","floor":8,"key":"SMITH"},{"data":"Infinite Blades","floor":10,"key":"SMITH"},{"data":"Accuracy","floor":12,"key":"SMITH"},{"floor":15,"key":"REST"}],"neow_cost":"CURSE","seed_source_timestamp":2059138341678282,"circlet_count":0,"master_deck":["Defend_G+1","Defend_G","Defend_G","Defend_G","Strike_G+1","Strike_G","Strike_G","Strike_G+1","Survivor","Neutralize+1","AscendersBane","Phantasmal Killer","All Out Attack+1","Deflect","Infinite Blades+1","Cloak And Dagger","Accuracy+1","PiercingWail","Night Terror","Bullet Time","Cloak And Dagger","Deadly Poison+1","Dash","Ghostly","Ghostly","Ghostly","Ghostly","Ghostly"],"relics":["Ring of the Snake","SsserpentHead","Whetstone","Ancient Tea Set","Eternal Feather","Ninja Scroll"],"potions_floor_usage":[16,23],"damage_taken":[{"damage":9,"enemies":"Small Slimes","floor":1,"turns":4},{"damage":2,"enemies":"2 Louse","floor":4,"turns":3},{"damage":8,"enemies":"Cultist","floor":5,"turns":5},{"damage":6,"enemies":"3 Sentries","floor":13,"turns":7},{"damage":10,"enemies":"3 Louse","floor":14,"turns":4},{"damage":57,"enemies":"The Guardian","floor":16,"turns":13},{"damage":37,"enemies":"Shell Parasite","floor":18,"turns":7},{"damage":7,"enemies":"2 Thieves","floor":20,"turns":3},{"damage":20,"enemies":"Slavers","floor":23,"turns":1}],"seed_played":"-790780556571232282","potions_obtained":[{"floor":14,"key":"Regen Potion"},{"floor":20,"key":"Weak Potion"}],"is_trial":false,"path_per_floor":["M","?","?","M","M","R","$","R","T","R","?","R","E","M","R","B",null,"M","$","M","$","?"],"character_chosen":"THE_SILENT","items_purchased":["Accuracy","Ninja Scroll","Dash"],"campfire_rested":2,"item_purchase_floors":[7,19,21],"current_hp_per_floor":[54,54,54,52,44,65,65,65,65,65,51,51,45,35,56,14,56,19,19,12,12,12,0],"gold":64,"neow_bonus":"TRANSFORM_TWO_CARDS","is_prod":false,"is_daily":false,"chose_seed":false,"campfire_upgraded":3,"win_rate":0,"timestamp":1531083442,"path_taken":["M","?","?","M","?","R","$","R","T","R","?","R","E","M","R","BOSS","M","$","?","$","?","E"],"build_version":"2018-07-05","purchased_purges":1,"victory":false,"max_hp_per_floor":[70,70,70,70,70,70,70,70,70,70,70,70,70,70,70,70,70,70,70,70,70,35,35],"card_choices":[{"not_picked":["Accuracy","Catalyst"],"picked":"Deflect","floor":1},{"not_picked":["Prepared","Dagger Throw"],"picked":"Infinite Blades","floor":4},{"not_picked":["Dodge and Roll","Acrobatics"],"picked":"Cloak And Dagger","floor":5},{"not_picked":["Underhanded Strike","Quick Slash"],"picked":"PiercingWail","floor":13},{"not_picked":["Quick Slash","Poisoned Stab"],"picked":"Night Terror","floor":14},{"not_picked":["Tools of the Trade","A Thousand Cuts"],"picked":"Bullet Time","floor":16},{"not_picked":["Sucker Punch","Bane"],"picked":"Cloak And Dagger","floor":18},{"not_picked":["Sucker Punch","Quick Slash"],"picked":"Deadly Poison+1","floor":20}],"player_experience":541787,"relics_obtained":[{"floor":9,"key":"Whetstone"},{"floor":13,"key":"Ancient Tea Set"}],"event_choices":[{"event_name":"Liars Game","player_choice":"disagreed","floor":2,"damage_taken":0},{"event_name":"FaceTrader","player_choice":"Trade","floor":3,"damage_taken":0},{"event_name":"Shining Light","player_choice":"Entered Light","floor":11,"damage_taken":0},{"event_name":"Ghosts","player_choice":"Became a Ghost","floor":22,"damage_taken":0}],"boss_relics":[{"not_picked":["Orrery","Coffee Dripper"],"picked":"Eternal Feather"}],"items_purged_floors":[7],"is_endless":false,"potions_floor_spawned":[14,20],"killed_by":"Slavers","ascension_level":11}