{"gold_per_floor":[110,121,121,121,136,136,167,167,167,267,267,297,297,313,313,432,432,452,452,452,452,41,41,41,41,41,76,76,119,29,62,62,182,182,203,203,272,164,203,203,217,217,217,217,230,273,28,71,71,91,91,91,15,59,59],"floor_reached":55,"playtime":4160,"items_purged":["Strike_B"],"score":1109,"play_id":"615a2ef0-65cb-4711-954e-a783b3618dd5","local_time":"20190117211646","is_ascension_mode":true,"campfire_choices":[{"floor":8.0,"key":"REST"},{"data":"Conserve Battery","floor":11.0,"key":"SMITH"},{"floor":15.0,"key":"REST"},{"data":"Hyperbeam","floor":23.0,"key":"SMITH"},{"data":"Echo Form","floor":25.0,"key":"SMITH"},{"floor":32.0,"key":"REST"},{"floor":40.0,"key":"REST"},{"floor":42.0,"key":"REST"},{"floor":44,"key":"RECALL"},{"floor":49,"key":"REST"},{"floor":52,"key":"REST"}],"neow_cost":"NONE","seed_source_timestamp":696716232964156,"circlet_count":0,"master_deck":["Strike_B","Strike_B","Defend_B","Defend_B+1","Defend_B+1","Defend_B","Zap","Dualcast","Reboot","Ball Lightning","Gash","Conserve Battery+1","Gash","Sunder","Scrape","Hyperbeam+1","Echo Form+1","Buffer+1","Panacea","Streamline+1","Buffer+1","Streamline","HandOfGreed","Static Discharge+1","Self Repair+1","Chill+1","Conserve Battery+1","Parasite","Thunder Strike","Auto Shields","Rainbow","Stack+1"],"special_seed":0,"relics":["Cracked Core","Darkstone Periapt","Juzu Bracelet","Torii","Golden Idol","Snecko Eye","Nloth\u0027s Gift","Enchiridion","Gremlin Horn","Happy Flower","Frozen Egg 2","DataDisk","Bottled Lightning","Letter Opener","Fusion Hammer","StoneCalendar","Cables","OrangePellets","Blood Vial","Centennial Puzzle"],"potions_floor_usage":[55,55],"damage_taken":[{"damage":4.0,"enemies":"2 Louse","floor":1.0,"turns":3.0},{"damage":2.0,"enemies":"Jaw Worm","floor":2.0,"turns":3.0},{"damage":4.0,"enemies":"Small Slimes","floor":5.0,"turns":3.0},{"damage":15.0,"enemies":"Lagavulin","floor":7.0,"turns":6.0},{"damage":13.0,"enemies":"3 Sentries","floor":12.0,"turns":6.0},{"damage":1.0,"enemies":"Exordium Thugs","floor":14.0,"turns":5.0},{"damage":45.0,"enemies":"Slime Boss","floor":16.0,"turns":8.0},{"damage":1.0,"enemies":"Chosen","floor":18.0,"turns":4.0},{"damage":29.0,"enemies":"Slavers","floor":27.0,"turns":2.0},{"damage":8.0,"enemies":"Colosseum Slavers","floor":28.0,"turns":3.0},{"damage":0.0,"enemies":"Gremlin Leader","floor":29.0,"turns":4.0},{"damage":7.0,"enemies":"Book of Stabbing","floor":31.0,"turns":4.0},{"damage":16.0,"enemies":"Champ","floor":33.0,"turns":10.0},{"damage":0.0,"enemies":"3 Darklings","floor":35.0,"turns":2.0},{"damage":17.0,"enemies":"2 Orb Walkers","floor":37.0,"turns":4.0},{"damage":0.0,"enemies":"Orb Walker","floor":39.0,"turns":3.0},{"damage":27.0,"enemies":"Jaw Worm Horde","floor":41.0,"turns":4.0},{"damage":0,"enemies":"Writhing Mass","floor":45,"turns":7},{"damage":0,"enemies":"Reptomancer","floor":46,"turns":6},{"damage":0,"enemies":"Giant Head","floor":48,"turns":9},{"damage":20,"enemies":"Time Eater","floor":50,"turns":10},{"damage":17,"enemies":"Shield and Spear","floor":54,"turns":5}],"seed_played":"-644083032268925347","potions_obtained":[{"floor":2.0,"key":"Weak Potion"},{"floor":14.0,"key":"SpeedPotion"},{"floor":18.0,"key":"SteroidPotion"},{"floor":33.0,"key":"Weak Potion"},{"floor":35.0,"key":"FocusPotion"},{"floor":45,"key":"FairyPotion"}],"is_trial":false,"path_per_floor":["M","M","?","?","M","?","E","R","T","?","R","E","?","M","R","B",null,"M","?","?","?","$","R","?","R","T","E","?","E","$","E","R","B",null,"M","?","?","$","M","R","M","R","T","R","M","E","$","E","R","B",null,"R","$","E","B"],"character_chosen":"DEFECT","items_purchased":["Gremlin Horn","Happy Flower","Panacea","Self Repair+1","OrangePellets","Auto Shields","LiquidBronze"],"campfire_rested":7,"item_purchase_floors":[22,22,30,38,47,47,53],"current_hp_per_floor":[71,69,54,54,50,38,37,63,63,63,63,50,50,49,73,28,82,81,81,65,65,65,65,65,65,65,36,28,28,28,21,45,29,82,82,82,65,65,65,82,75,82,82,82,88,88,88,88,88,68,88,88,88,71,0],"gold":59,"neow_bonus":"ONE_RANDOM_RARE_CARD","is_prod":false,"is_daily":false,"chose_seed":false,"campfire_upgraded":3,"win_rate":0,"timestamp":1547777806,"path_taken":["M","M","?","?","M","?","E","R","T","?","R","E","?","M","R","BOSS","M","?","?","?","$","R","?","R","T","E","?","E","$","E","R","BOSS","M","?","?","$","M","R","M","R","T","R","M","E","?","E","R","BOSS","R","$","E","BOSS"],"build_version":"2019-01-16","purchased_purges":1,"victory":false,"max_hp_per_floor":[75,75,75,75,75,75,89,89,89,89,89,89,82,82,82,82,82,82,82,82,82,82,82,82,82,82,82,82,82,82,82,82,82,82,82,82,82,82,82,82,82,82,82,82,88,88,88,88,88,88,88,88,88,88,88],"card_choices":[{"not_picked":["Rip and Tear","Conserve Battery"],"picked":"Ball Lightning","floor":1.0},{"not_picked":["Leap","Redo"],"picked":"Gash","floor":2.0},{"not_picked":["Rebound","Coolheaded"],"picked":"Conserve Battery","floor":5.0},{"not_picked":["Leap","Compile Driver"],"picked":"Gash","floor":7.0},{"not_picked":["Melter","Ball Lightning"],"picked":"Sunder","floor":12.0},{"not_picked":["Sweeping Beam","Redo"],"picked":"Scrape","floor":14.0},{"not_picked":["Rainbow","Reboot"],"picked":"Hyperbeam","floor":16.0},{"not_picked":["Storm","Cold Snap+1","Sweeping Beam"],"picked":"SKIP","floor":18.0},{"not_picked":["Gash","Cold Snap","Conserve Battery"],"picked":"SKIP","floor":27.0},{"not_picked":["Hyperbeam","Stack"],"picked":"Buffer+1","floor":29.0},{"not_picked":["Gash","Redo"],"picked":"Streamline+1","floor":31.0},{"not_picked":["Machine Learning+1","Amplify"],"picked":"Buffer+1","floor":33.0},{"not_picked":["Conserve Battery","Chaos"],"picked":"Streamline","floor":35.0},{"not_picked":["Finesse","Dark Shackles"],"picked":"HandOfGreed","floor":36.0},{"not_picked":["Gash+1","Leap+1"],"picked":"Static Discharge+1","floor":37.0},{"not_picked":["Rebound+1","Hologram"],"picked":"Chill+1","floor":39.0},{"not_picked":["Hyperbeam","Ball Lightning+1"],"picked":"Conserve Battery+1","floor":41.0},{"not_picked":["Aggregate+1","Cold Snap","Sweeping Beam+1"],"picked":"SKIP","floor":45},{"not_picked":["Hyperbeam","Seek"],"picked":"Thunder Strike","floor":46},{"not_picked":["Sweeping Beam+1","Stack"],"picked":"Rainbow","floor":48},{"not_picked":["Turbo+1","Gash+1"],"picked":"Stack+1","floor":54}],"player_experience":1267864,"relics_obtained":[{"floor":7.0,"key":"Mango"},{"floor":9.0,"key":"Juzu Bracelet"},{"floor":12.0,"key":"Torii"},{"floor":20.0,"key":"Enchiridion"},{"floor":26.0,"key":"Frozen Egg 2"},{"floor":27.0,"key":"DataDisk"},{"floor":29.0,"key":"Bottled Lightning"},{"floor":31.0,"key":"Letter Opener"},{"floor":37.0,"key":"StoneCalendar"},{"floor":46,"key":"Cables"},{"floor":48,"key":"Blood Vial"},{"floor":54,"key":"Centennial Puzzle"}],"event_choices":[{"damage_healed":0.0,"max_hp_gain":0.0,"max_hp_loss":0.0,"gold_gain":0.0,"event_name":"Shining Light","player_choice":"Entered Light","floor":3.0,"gold_loss":0.0,"damage_taken":15.0,"cards_upgraded":["Defend_B","Defend_B"]},{"cards_removed":["Strike_B"],"damage_healed":0.0,"max_hp_gain":0.0,"max_hp_loss":0.0,"gold_gain":0.0,"event_name":"Living Wall","player_choice":"Forget","floor":4.0,"gold_loss":0.0,"damage_taken":0.0},{"damage_healed":0.0,"max_hp_gain":0.0,"max_hp_loss":0.0,"gold_gain":0.0,"event_name":"Scrap Ooze","player_choice":"Success","floor":6.0,"gold_loss":0.0,"damage_taken":12.0,"relics_obtained":["Darkstone Periapt"]},{"damage_healed":0.0,"max_hp_gain":0.0,"max_hp_loss":0.0,"gold_gain":100.0,"event_name":"Golden Shrine","player_choice":"Pray","floor":10.0,"gold_loss":0.0,"damage_taken":0.0},{"damage_healed":0.0,"max_hp_gain":0.0,"max_hp_loss":7.0,"gold_gain":0.0,"event_name":"Golden Idol","player_choice":"Lose Max HP","floor":13.0,"gold_loss":0.0,"damage_taken":0.0,"relics_obtained":["Golden Idol"]},{"damage_healed":0.0,"max_hp_gain":0.0,"max_hp_loss":0.0,"gold_gain":0.0,"event_name":"N\u0027loth","player_choice":"Traded Relic","floor":19.0,"relics_lost":["Mango"],"gold_loss":0.0,"damage_taken":0.0,"relics_obtained":["Nloth\u0027s Gift"]},{"damage_healed":0.0,"max_hp_gain":0.0,"max_hp_loss":0.0,"gold_gain":0.0,"event_name":"Cursed Tome","player_choice":"Obtained Book","floor":20.0,"gold_loss":0.0,"damage_taken":16.0},{"damage_healed":0.0,"max_hp_gain":0.0,"max_hp_loss":0.0,"gold_gain":0.0,"event_name":"Ghosts","player_choice":"Ignored","floor":21.0,"gold_loss":0.0,"damage_taken":0.0},{"damage_healed":0.0,"max_hp_gain":0.0,"max_hp_loss":0.0,"gold_gain":0.0,"event_name":"The Library","player_choice":"Read","floor":24.0,"gold_loss":0.0,"damage_taken":0.0,"cards_obtained":["Echo Form"]},{"damage_healed":0.0,"max_hp_gain":0.0,"max_hp_loss":0.0,"gold_gain":0.0,"event_name":"Colosseum","player_choice":"Fight","floor":28.0,"gold_loss":0.0,"damage_taken":0.0},{"damage_healed":0.0,"max_hp_gain":0.0,"max_hp_loss":0.0,"gold_gain":0.0,"event_name":"Colosseum","player_choice":"Fled From Nobs","floor":28.0,"gold_loss":0.0,"damage_taken":0.0},{"damage_healed":0.0,"max_hp_gain":0.0,"max_hp_loss":0.0,"gold_gain":0.0,"event_name":"SensoryStone","player_choice":"Memory 1","floor":36.0,"gold_loss":0.0,"damage_taken":0.0},{"damage_healed":0.0,"max_hp_gain":0.0,"max_hp_loss":0.0,"gold_gain":0.0,"event_name":"Mysterious Sphere","player_choice":"Fight","floor":37.0,"gold_loss":0.0,"damage_taken":0.0}],"is_beta":true,"boss_relics":[{"not_picked":["Pandora\u0027s Box","Inserter"],"picked":"Snecko Eye"},{"not_picked":["Astrolabe","Black Star"],"picked":"Fusion Hammer"}],"items_purged_floors":[38],"is_endless":false,"potions_floor_spawned":[2,14,18,28,33,35,41,45,46,54],"killed_by":"The Heart","ascension_level":2}