{"gold_per_floor":[116,216,232,307,331,331,360,360,430,332,332,332,366,126,126,228,228,240,21,39,138,148,148,148,148,201,201,219,70,96,107,107,211,211,223,270,59,159,174,174,209,209,234,249,249,249,249,1,1,1,1,1,1,35,35],"floor_reached":55,"playtime":2356,"items_purged":["Strike_R","Strike_R"],"score":820,"play_id":"4b02fc02-e9d4-4a27-b95f-b62d8d553955","local_time":"20181230130916","is_ascension_mode":false,"campfire_choices":[{"data":"Bash","floor":6,"key":"SMITH"},{"data":"Demon Form","floor":8,"key":"SMITH"},{"data":"Twin Strike","floor":11,"key":"SMITH"},{"data":"Sentinel","floor":15,"key":"SMITH"},{"data":"Metallicize","floor":23,"key":"SMITH"},{"data":"Heavy Blade","floor":25,"key":"SMITH"},{"data":"Twin Strike","floor":27,"key":"SMITH"},{"floor":32,"key":"REST"},{"floor":40,"key":"REST"},{"data":"Metallicize","floor":45,"key":"SMITH"},{"floor":47,"key":"RECALL"},{"data":"Demon Form","floor":49,"key":"SMITH"},{"data":"Juggernaut","floor":52,"key":"SMITH"}],"neow_cost":"NONE","seed_source_timestamp":141326949371966,"circlet_count":0,"master_deck":["Strike_R","Strike_R+1","Defend_R","Defend_R","Defend_R","Defend_R","Bash+1","Entrench+1","Twin Strike+1","Demon Form+1","Twin Strike+1","Sentinel+1","Limit Break+1","Metallicize+1","Cleave+1","True Grit+1","Battle Trance+1","Shrug It Off+1","Heavy Blade+1","Seeing Red+1","Thunderclap+1","Evolve","Burning Pact+1","Juggernaut+1","Seeing Red+1","Disarm+1","Feed","True Grit+1","Iron Wave+1","Shrug It Off+1","Bandage Up+1","Ghostly Armor+1","Anger","Power Through+1","Shrug It Off+1","Demon Form+1","Metallicize+1","Entrench+1"],"relics":["Burning Blood","NeowsBlessing","Bag of Marbles","Mummified Hand","Prayer Wheel","Toxic Egg 2","White Beast Statue","OrangePellets","Anchor","Bag of Preparation","Runic Dome","Magic Flower","Torii","Ancient Tea Set","Whetstone","Bronze Scales","Oddly Smooth Stone"],"potions_floor_usage":[16,22,28,30,31,33,33,36,36,36,38,39,44,50,50,54,55],"damage_taken":[{"damage":0,"enemies":"Small Slimes","floor":1,"turns":1},{"damage":0,"enemies":"Cultist","floor":3,"turns":1},{"damage":0,"enemies":"Gremlin Nob","floor":7,"turns":1},{"damage":31,"enemies":"Lagavulin","floor":13,"turns":4},{"damage":40,"enemies":"Slime Boss","floor":16,"turns":10},{"damage":17,"enemies":"Shell Parasite","floor":18,"turns":5},{"damage":5,"enemies":"Chosen","floor":20,"turns":5},{"damage":11,"enemies":"Centurion and Healer","floor":22,"turns":7},{"damage":0,"enemies":"Snecko","floor":28,"turns":5},{"damage":31,"enemies":"Book of Stabbing","floor":30,"turns":5},{"damage":0,"enemies":"Cultist and Chosen","floor":31,"turns":3},{"damage":19,"enemies":"Automaton","floor":33,"turns":6},{"damage":43,"enemies":"3 Darklings","floor":35,"turns":8},{"damage":50,"enemies":"2 Orb Walkers","floor":36,"turns":5},{"damage":15,"enemies":"Mind Bloom Boss Battle","floor":38,"turns":8},{"damage":5,"enemies":"3 Shapes","floor":39,"turns":8},{"damage":13,"enemies":"Nemesis","floor":41,"turns":9},{"damage":9,"enemies":"Writhing Mass","floor":44,"turns":6},{"damage":27,"enemies":"Donu and Deca","floor":50,"turns":8},{"damage":48,"enemies":"Shield and Spear","floor":54,"turns":5},{"damage":68,"enemies":"The Heart","floor":55,"turns":6}],"seed_played":"-7091372393830687415","potions_obtained":[{"floor":3,"key":"Swift Potion"},{"floor":16,"key":"Explosive Potion"},{"floor":18,"key":"SteroidPotion"},{"floor":20,"key":"Fruit Juice"},{"floor":22,"key":"PowerPotion"},{"floor":28,"key":"Poison Potion"},{"floor":30,"key":"SteroidPotion"},{"floor":31,"key":"Strength Potion"},{"floor":33,"key":"Energy Potion"},{"floor":35,"key":"Poison Potion"},{"floor":36,"key":"Strength Potion"},{"floor":38,"key":"Poison Potion"},{"floor":39,"key":"Block Potion"},{"floor":41,"key":"Swift Potion"},{"floor":44,"key":"SteroidPotion"},{"floor":54,"key":"EssenceOfSteel"}],"is_trial":false,"path_per_floor":["M","?","M","?","T","R","E","R","T","$","R","?","E","$","R","B",null,"M","$","M","?","M","R","?","R","T","R","M","$","E","M","R","B",null,"M","?","$","?","M","R","E","?","T","M","R","?","R","$","R","B",null,"R","$","E","B"],"character_chosen":"IRONCLAD","items_purchased":["Twin Strike","Toxic Egg 2","OrangePellets","True Grit+1","Burning Pact+1","Entrench+1","Bandage Up+1","BloodPotion","Ghostly Armor+1","Bronze Scales"],"campfire_rested":2,"item_purchase_floors":[10,14,19,19,29,29,37,37,37,48],"current_hp_per_floor":[80,80,80,69,69,69,75,75,75,75,75,75,50,50,50,16,80,69,69,70,70,70,70,70,70,70,70,76,76,51,57,82,69,85,51,7,7,22,40,67,77,77,77,86,86,86,86,86,86,77,94,94,94,55,0],"gold":35,"neow_bonus":"THREE_ENEMY_KILL","is_prod":false,"is_daily":false,"chose_seed":false,"campfire_upgraded":10,"win_rate":0,"timestamp":1546193356,"path_taken":["M","?","?","?","?","R","E","R","T","?","R","?","E","$","R","BOSS","M","$","M","?","M","R","?","R","T","R","M","$","E","?","R","BOSS","M","?","$","?","M","R","E","?","T","?","R","?","R","?","R","BOSS","R","$","E","BOSS"],"build_version":"2018-12-25","purchased_purges":2,"victory":false,"max_hp_per_floor":[80,80,80,80,80,80,80,80,80,80,80,80,80,80,80,80,80,80,80,80,80,85,85,85,85,85,85,85,85,85,85,85,85,85,88,88,88,88,91,91,94,94,94,94,94,94,94,94,94,94,94,94,94,94,94],"card_choices":[{"not_picked":["Clash","Body Slam"],"picked":"Entrench","floor":1},{"not_picked":["Sword Boomerang","Intimidate"],"picked":"Twin Strike","floor":3},{"not_picked":["Dropkick","Inflame"],"picked":"Demon Form","floor":7},{"not_picked":["Body Slam","Clash"],"picked":"Sentinel","floor":13},{"not_picked":["Berserk","Fiend Fire"],"picked":"Limit Break+1","floor":16},{"not_picked":["Armaments+1","Bloodletting+1"],"picked":"Metallicize","floor":18},{"not_picked":["Body Slam+1","Uppercut"],"picked":"Cleave+1","floor":18},{"not_picked":["Flex+1","Clothesline"],"picked":"Battle Trance+1","floor":20},{"not_picked":["Wild Strike","Warcry+1"],"picked":"Shrug It Off+1","floor":20},{"not_picked":["Twin Strike","Sword Boomerang"],"picked":"Heavy Blade","floor":22},{"not_picked":["Berserk","Metallicize"],"picked":"Seeing Red+1","floor":22},{"not_picked":["Dropkick+1","Warcry+1"],"picked":"Thunderclap+1","floor":28},{"not_picked":["Clothesline","Body Slam"],"picked":"Evolve","floor":28},{"not_picked":["Warcry+1","Clash"],"picked":"Juggernaut","floor":30},{"not_picked":["Spot Weakness+1","Twin Strike"],"picked":"Seeing Red+1","floor":31},{"not_picked":["Whirlwind","Iron Wave"],"picked":"Disarm+1","floor":31},{"not_picked":["Impervious+1","Immolate"],"picked":"Feed","floor":33},{"not_picked":["Clothesline","Perfected Strike+1"],"picked":"True Grit+1","floor":35},{"not_picked":["Rampage","Burning Pact+1"],"picked":"Iron Wave","floor":35},{"not_picked":["Corruption","Warcry+1"],"picked":"Shrug It Off+1","floor":36},{"not_picked":["Blood for Blood+1","Havoc+1"],"picked":"Anger","floor":38},{"not_picked":["Clothesline","Dropkick"],"picked":"Power Through+1","floor":39},{"not_picked":["Body Slam","Perfected Strike+1","Flex+1"],"picked":"SKIP","floor":39},{"not_picked":["Berserk","Perfected Strike"],"picked":"Shrug It Off+1","floor":41},{"not_picked":["Thunderclap","Warcry+1"],"picked":"Metallicize","floor":44},{"not_picked":["Cleave","Wild Strike+1","Body Slam+1"],"picked":"SKIP","floor":44},{"not_picked":["Combust","Fiend Fire"],"picked":"Entrench+1","floor":54}],"player_experience":1073332,"relics_obtained":[{"floor":7,"key":"Bag of Marbles"},{"floor":9,"key":"Mummified Hand"},{"floor":13,"key":"Prayer Wheel"},{"floor":26,"key":"Anchor"},{"floor":30,"key":"Bag of Preparation"},{"floor":36,"key":"Magic Flower"},{"floor":38,"key":"Torii"},{"floor":41,"key":"Ancient Tea Set"},{"floor":43,"key":"Whetstone"},{"floor":54,"key":"Oddly Smooth Stone"}],"event_choices":[{"damage_healed":0,"gold_gain":100,"player_choice":"Pray","damage_taken":0,"max_hp_gain":0,"max_hp_loss":0,"event_name":"Golden Shrine","floor":2,"gold_loss":0},{"damage_healed":0,"gold_gain":75,"player_choice":"Gather Gold","damage_taken":11,"max_hp_gain":0,"max_hp_loss":0,"event_name":"World of Goop","floor":4,"gold_loss":0},{"damage_healed":0,"gold_gain":0,"player_choice":"Grow","damage_taken":0,"max_hp_gain":0,"max_hp_loss":0,"event_name":"Living Wall","floor":12,"gold_loss":0,"cards_upgraded":["Entrench"]},{"damage_healed":0,"gold_gain":99,"player_choice":"Stole From Cult","damage_taken":0,"max_hp_gain":0,"max_hp_loss":0,"event_name":"Nest","floor":21,"gold_loss":0},{"cards_removed":["Strike_R"],"damage_healed":0,"gold_gain":0,"player_choice":"Purged","damage_taken":0,"max_hp_gain":0,"max_hp_loss":0,"event_name":"Purifier","floor":24,"gold_loss":0},{"damage_healed":0,"gold_gain":0,"player_choice":"Fight","damage_taken":0,"max_hp_gain":0,"max_hp_loss":0,"event_name":"Mysterious Sphere","floor":36,"gold_loss":0},{"damage_healed":0,"gold_gain":0,"player_choice":"Fight","damage_taken":0,"max_hp_gain":0,"max_hp_loss":0,"event_name":"MindBloom","floor":38,"gold_loss":0},{"cards_removed":["Entrench"],"damage_healed":0,"gold_gain":0,"player_choice":"Took Card","damage_taken":0,"max_hp_gain":0,"max_hp_loss":0,"event_name":"NoteForYourself","floor":42,"gold_loss":0,"cards_obtained":["Demon Form"]},{"damage_healed":0,"gold_gain":0,"player_choice":"Ignored","damage_taken":0,"max_hp_gain":0,"max_hp_loss":0,"event_name":"SecretPortal","floor":46,"gold_loss":0}],"is_beta":true,"boss_relics":[{"not_picked":["Tiny House","Orrery"],"picked":"White Beast Statue"},{"not_picked":["Sozu","Calling Bell"],"picked":"Runic Dome"}],"items_purged_floors":[10,48],"is_endless":false,"potions_floor_spawned":[3,16,18,20,22,28,30,31,33,35,36,38,39,41,44,54],"killed_by":"The Heart","ascension_level":0}