{"gold_per_floor":[112,187,112,132,132,132,142,154,154,186,186,203,233,27,27,104,104,117,133,148,148,34,34,84,84,108,108,143,143,43,43,43,117,117,128,77,0,0,52,52,52,84,84,84,97,197,229,229,229,229,229],"floor_reached":51,"playtime":3920,"items_purged":["Defend_B","Defend_B"],"score":1400,"play_id":"ada33a41-150d-42a2-b85a-a04022803a31","local_time":"20181227172523","is_ascension_mode":true,"campfire_choices":[{"floor":6.0,"key":"REST"},{"floor":11.0,"key":"REST"},{"data":"Hologram","floor":15.0,"key":"SMITH"},{"data":"Go for the Eyes","floor":23.0,"key":"SMITH"},{"data":"Zap","floor":25.0,"key":"SMITH"},{"floor":27.0,"key":"REST"},{"floor":29.0,"key":"REST"},{"data":"Sunder","floor":32.0,"key":"SMITH"},{"data":"Reinforced Body","floor":40.0,"key":"SMITH"},{"data":"Biased Cognition","floor":41.0,"key":"SMITH"},{"floor":44.0,"key":"RECALL"},{"data":"Stack","floor":49.0,"key":"SMITH"}],"neow_cost":"PERCENT_DAMAGE","seed_source_timestamp":503835299761815,"circlet_count":0,"master_deck":["AscendersBane","Zap+1","Dualcast","Barrage","Gash","FTL","Sunder+1","Ball Lightning","Hologram+1","Glacier","Go for the Eyes+1","Reinforced Body+1","All For One","Stack+1","Rip and Tear+1","Core Surge+1","Self Repair+1","Gash","Undo","Steam","Biased Cognition+1","Leap+1","Gash","Madness","Madness","Stack+1","Compile Driver+1","Coolheaded"],"special_seed":0,"relics":["Cracked Core","Shuriken","Emotion Chip","Orichalcum","WingedGreaves","Lantern","Astrolabe","Bag of Preparation","Ginger","CultistMask","Nuclear Battery","Red Mask","Pocketwatch","Juzu Bracelet","Calipers","Boot"],"potions_floor_usage":[51],"damage_taken":[{"damage":7.0,"enemies":"Small Slimes","floor":1.0,"turns":4.0},{"damage":3.0,"enemies":"2 Louse","floor":4.0,"turns":2.0},{"damage":2.0,"enemies":"Jaw Worm","floor":7.0,"turns":3.0},{"damage":4.0,"enemies":"Red Slaver","floor":8.0,"turns":3.0},{"damage":17.0,"enemies":"Lagavulin","floor":10.0,"turns":5.0},{"damage":0.0,"enemies":"Gremlin Gang","floor":12.0,"turns":2.0},{"damage":8.0,"enemies":"3 Sentries","floor":13.0,"turns":6.0},{"damage":15.0,"enemies":"Hexaghost","floor":16.0,"turns":10.0},{"damage":1.0,"enemies":"3 Byrds","floor":18.0,"turns":6.0},{"damage":15.0,"enemies":"Shell Parasite","floor":19.0,"turns":5.0},{"damage":27.0,"enemies":"Snake Plant","floor":20.0,"turns":6.0},{"damage":47.0,"enemies":"Slavers","floor":28.0,"turns":7.0},{"damage":17.0,"enemies":"Collector","floor":33.0,"turns":6.0},{"damage":0.0,"enemies":"3 Shapes","floor":35.0,"turns":3.0},{"damage":9.0,"enemies":"2 Orb Walkers","floor":39.0,"turns":3.0},{"damage":12.0,"enemies":"Reptomancer","floor":42.0,"turns":6.0},{"damage":0.0,"enemies":"Orb Walker","floor":45.0,"turns":2.0},{"damage":2.0,"enemies":"Mind Bloom Boss Battle","floor":46.0,"turns":7.0},{"damage":0.0,"enemies":"Nemesis","floor":47.0,"turns":9.0},{"damage":55.0,"enemies":"Donu and Deca","floor":50.0,"turns":10.0},{"damage":26,"enemies":"Awakened One","floor":51,"turns":3}],"seed_played":"-8420248915199772644","potions_obtained":[{"floor":7.0,"key":"Ancient Potion"},{"floor":10.0,"key":"Explosive Potion"},{"floor":12.0,"key":"Dexterity Potion"},{"floor":13.0,"key":"SpeedPotion"},{"floor":42.0,"key":"Energy Potion"},{"floor":47.0,"key":"Explosive Potion"}],"is_trial":false,"path_per_floor":["M","?","?","M","T","R","M","M","T","E","R","M","E","$","R","B",null,"M","M","M","?","$","R","?","R","T","R","E","R","$","?","B",null,"M","$","?","?","?","R","R","T","R","?","E","?","R","B"],"character_chosen":"DEFECT","items_purchased":["Lantern","Reinforced Body","Undo","Gash"],"campfire_rested":4,"item_purchase_floors":[14,14,22,36],"current_hp_per_floor":[39,28,28,25,25,46,44,40,40,23,44,44,36,36,36,21,59,58,53,36,36,36,36,36,36,36,57,20,41,41,41,41,34,62,71,71,71,58,49,49,49,47,47,47,47,55,65,65,65,20,0],"gold":229,"neow_bonus":"TRANSFORM_TWO_CARDS","is_prod":false,"is_daily":false,"chose_seed":false,"campfire_upgraded":7,"win_rate":0,"timestamp":1545960323,"path_taken":["M","?","?","M","?","R","M","?","T","E","R","?","E","$","R","BOSS","M","M","?","?","$","R","?","R","T","R","E","R","$","?","R","BOSS","M","$","?","?","?","R","R","E","T","R","M","?","E","?","R","BOSS","BOSS"],"build_version":"2018-12-25","purchased_purges":2,"victory":false,"max_hp_per_floor":[71,71,71,71,71,71,71,71,71,71,71,71,71,71,71,71,71,71,71,71,71,71,71,71,71,71,71,71,71,71,71,71,71,71,71,71,71,71,71,71,71,71,71,71,71,71,71,71,71,71,71],"card_choices":[{"not_picked":["Cold Snap","Gash"],"picked":"FTL","floor":1.0},{"not_picked":["Rebound","Compile Driver"],"picked":"Sunder","floor":4.0},{"not_picked":["Doom and Gloom","Barrage"],"picked":"Ball Lightning","floor":7.0},{"not_picked":["Sunder","BootSequence"],"picked":"Hologram","floor":8.0},{"not_picked":["Skim","Auto Shields"],"picked":"Glacier","floor":10.0},{"not_picked":["Beam Cell","Redo"],"picked":"Go for the Eyes","floor":12.0},{"not_picked":["Redo","Auto Shields","Streamline"],"picked":"SKIP","floor":13.0},{"not_picked":["Creative AI","Multi-Cast"],"picked":"All For One","floor":16.0},{"not_picked":["Barrage","Streamline"],"picked":"Self Repair+1","floor":18.0},{"not_picked":["Auto Shields","Sweeping Beam","Tempest"],"picked":"SKIP","floor":19.0},{"not_picked":["Darkness","Cold Snap"],"picked":"Gash","floor":20.0},{"not_picked":["Self Repair","Leap"],"picked":"Steam","floor":28.0},{"not_picked":["Hyperbeam","Rainbow"],"picked":"Biased Cognition","floor":33.0},{"not_picked":["Compile Driver","Gash"],"picked":"Leap+1","floor":35.0},{"not_picked":["Ball Lightning+1","Rebound"],"picked":"Stack","floor":39.0},{"not_picked":["Streamline+1","Sweeping Beam"],"picked":"Compile Driver+1","floor":42.0},{"not_picked":["Streamline+1","Ball Lightning+1"],"picked":"Coolheaded","floor":45.0},{"not_picked":["Auto Shields+1","Barrage+1"],"picked":"Machine Learning","floor":47.0}],"player_experience":1164829,"relics_obtained":[{"floor":5.0,"key":"Shuriken"},{"floor":9.0,"key":"Emotion Chip"},{"floor":10.0,"key":"Orichalcum"},{"floor":13.0,"key":"WingedGreaves"},{"floor":26.0,"key":"Bag of Preparation"},{"floor":28.0,"key":"Ginger"},{"floor":39.0,"key":"Pocketwatch"},{"floor":42.0,"key":"Juzu Bracelet"},{"floor":46.0,"key":"Calipers"},{"floor":47.0,"key":"Boot"}],"event_choices":[{"damage_healed":0.0,"max_hp_gain":0.0,"max_hp_loss":0.0,"gold_gain":75.0,"event_name":"World of Goop","player_choice":"Gather Gold","floor":2.0,"gold_loss":0.0,"damage_taken":11.0},{"cards_removed":["Strike_B"],"damage_healed":0.0,"max_hp_gain":0.0,"max_hp_loss":0.0,"gold_gain":0.0,"event_name":"The Cleric","player_choice":"Card Removal","floor":3.0,"gold_loss":75.0,"damage_taken":0.0},{"damage_healed":0.0,"max_hp_gain":0.0,"max_hp_loss":0.0,"gold_gain":0.0,"event_name":"Ghosts","player_choice":"Ignored","floor":21.0,"gold_loss":0.0,"damage_taken":0.0},{"damage_healed":0.0,"max_hp_gain":0.0,"max_hp_loss":0.0,"gold_gain":50.0,"event_name":"Nest","player_choice":"Stole From Cult","floor":24.0,"gold_loss":0.0,"damage_taken":0.0},{"damage_healed":0.0,"max_hp_gain":0.0,"max_hp_loss":0.0,"gold_gain":0.0,"event_name":"FaceTrader","player_choice":"Trade","floor":31.0,"gold_loss":0.0,"damage_taken":0.0,"relics_obtained":["CultistMask"]},{"damage_healed":0.0,"max_hp_gain":0.0,"max_hp_loss":0.0,"gold_gain":0.0,"event_name":"Tomb of Lord Red Mask","player_choice":"Paid","floor":37.0,"gold_loss":77.0,"damage_taken":0.0,"relics_obtained":["Red Mask"]},{"damage_healed":0.0,"max_hp_gain":0.0,"max_hp_loss":0.0,"gold_gain":0.0,"event_name":"Winding Halls","player_choice":"Embrace Madness","floor":38.0,"gold_loss":0.0,"damage_taken":13.0,"cards_obtained":["Madness","Madness"]},{"damage_healed":0.0,"max_hp_gain":0.0,"max_hp_loss":0.0,"gold_gain":0.0,"event_name":"Mysterious Sphere","player_choice":"Fight","floor":39.0,"gold_loss":0.0,"damage_taken":0.0},{"damage_healed":0.0,"max_hp_gain":0.0,"max_hp_loss":0.0,"gold_gain":0.0,"event_name":"MindBloom","player_choice":"Fight","floor":46.0,"gold_loss":0.0,"damage_taken":0.0},{"cards_removed":["Machine Learning"],"damage_healed":0.0,"max_hp_gain":0.0,"max_hp_loss":0.0,"gold_gain":0.0,"event_name":"Falling","player_choice":"Removed Power","floor":48.0,"gold_loss":0.0,"damage_taken":0.0}],"is_beta":true,"boss_relics":[{"not_picked":["Orrery","FrozenCore"],"picked":"Astrolabe"},{"not_picked":["Philosopher\u0027s Stone","Lizard Tail"],"picked":"Nuclear Battery"}],"items_purged_floors":[22,30],"is_endless":false,"potions_floor_spawned":[7,10,12,13,18,28,33,39,42,47],"killed_by":"Awakened One","ascension_level":20}