{"path_per_floor":["M","?","M","M","M","E","?","R","T","R","?","?","$","E","R","B",null,"M","$","?","M","M","R"],"character_chosen":"IRONCLAD","items_purchased":["Cleave","Torii","Pen Nib"],"gold_per_floor":[210,210,225,237,247,273,273,273,342,342,342,380,23,54,54,182,182,197,50,50,68,81,81],"floor_reached":24,"campfire_rested":2,"playtime":2065,"current_hp_per_floor":[76,76,77,77,74,53,53,53,53,53,74,56,56,41,63,63,74,59,59,59,51,54,77],"items_purged":[],"gold":81,"score":204,"play_id":"ee9d17f8-62b3-4e3d-abdd-d074d3b0c7e3","is_prod":false,"is_daily":false,"is_ascension_mode":false,"campfire_upgraded":2,"path_taken":["M","?","?","M","M","E","?","R","T","R","?","?","$","E","R","BOSS","M","$","?","M","M","R","E"],"build_version":"2018-02-15-PROD1","purchased_purges":0,"victory":false,"master_deck":["Strike_R","Strike_R","Strike_R","Strike_R","Strike_R","Defend_R","Defend_R","Defend_R","Defend_R","Bash","Twin Strike","Bash","Offering+1","Bloodletting","Iron Wave","Armaments+1","Twin Strike","Twin Strike","Cleave","Perfected Strike","Feed","Heavy Blade","Iron Wave","Armaments","Shrug It Off","Anger","Flame Barrier","Sword Boomerang+1","Cleave"],"max_hp_per_floor":[80,80,80,80,80,80,74,74,74,74,74,74,74,74,74,74,74,74,74,74,74,77,77],"relics":["Burning Blood","Bag of Marbles","Bloody Idol","Shuriken","Odd Mushroom","Torii","Girya","Orrery","Pen Nib"],"card_choices":[{"not_picked":["Dropkick","Burning Pact"],"picked":"Twin Strike"},{"not_picked":["Heavy Blade","Body Slam"],"picked":"Bloodletting"},{"not_picked":["Clothesline","Hemokinesis"],"picked":"Iron Wave"},{"not_picked":["Flex","Shrug It Off"],"picked":"Armaments"},{"not_picked":["Shrug It Off","Impervious"],"picked":"Twin Strike"},{"not_picked":["Perfected Strike","Pommel Strike"],"picked":"Twin Strike"},{"not_picked":["Body Slam","Rupture"],"picked":"Perfected Strike"},{"not_picked":["Bludgeon","Berserk"],"picked":"Feed"},{"not_picked":["Armaments","Pommel Strike"],"picked":"Heavy Blade"},{"not_picked":["Pummel","Battle Trance"],"picked":"Iron Wave"},{"not_picked":["Body Slam","Blood for Blood"],"picked":"Armaments"},{"not_picked":["Fire Breathing","Feel No Pain"],"picked":"Shrug It Off"},{"not_picked":["Iron Wave","Dropkick"],"picked":"Anger"},{"not_picked":["Armaments","Brutality"],"picked":"Flame Barrier"},{"not_picked":["Shrug It Off","Intimidate"],"picked":"Sword Boomerang"},{"not_picked":["Reckless Charge","Second Wind"],"picked":"Cleave"}],"player_experience":17186,"potions_floor_usage":[6,6,18,22,24],"damage_taken":[{"damage":10,"enemies":"Jaw Worm","floor":1,"turns":6},{"damage":5,"enemies":"Cultist","floor":3,"turns":3},{"damage":6,"enemies":"Small Slimes","floor":4,"turns":3},{"damage":9,"enemies":"Looter","floor":5,"turns":3},{"damage":27,"enemies":"Lagavulin","floor":6,"turns":6},{"damage":24,"enemies":"The Mushroom Lair","floor":12,"turns":5},{"damage":21,"enemies":"3 Sentries","floor":14,"turns":6},{"damage":6,"enemies":"Slime Boss","floor":16,"turns":6},{"damage":21,"enemies":"Spheric Guardian","floor":18,"turns":4},{"damage":24,"enemies":"2 Thieves","floor":21,"turns":4},{"damage":26,"enemies":"Cultist and Chosen","floor":22,"turns":8},{"damage":90,"enemies":"Book of Stabbing","floor":24,"turns":8}],"event_choices":[{"event_name":"Match and Keep!","player_choice":"2 cards matched","floor":2,"damage_taken":0},{"event_name":"Golden Idol","player_choice":"Lose Max HP","floor":7,"damage_taken":0},{"event_name":"Big Fish","player_choice":"Banana","floor":11,"damage_taken":0},{"event_name":"Mushrooms","player_choice":"Fought Mushrooms","floor":12,"damage_taken":0},{"event_name":"Forgotten Altar","player_choice":"Gave Idol","floor":20,"damage_taken":0}],"boss_relics":[{"not_picked":["Question Card","Sozu"],"picked":"Orrery"}],"potions_floor_spawned":[3,5,12,16,18],"seed_played":"707085646101216411","killed_by":"Book of Stabbing","ascension_level":0,"is_trial":false}