{"gold_per_floor":[119,119,65,79,90,90,124,124,124,124,137,151,151,182,182,281,281,293,293,308,321,335,335,367,367,367,367,399,399,428,445,445,550,550,568,69,84,84,84,84,96,96,96,96,96,130,130,130,130,130],"floor_reached":50,"playtime":3807,"items_purged":["Strike_B"],"score":643,"play_id":"2bcffcee-5a16-4f37-ae1e-478b74ef8bb5","local_time":"20180728161434","is_ascension_mode":true,"campfire_choices":[{"data":"Loop","floor":6,"key":"SMITH"},{"data":"Zap","floor":8,"key":"SMITH"},{"data":"Dualcast","floor":10,"key":"SMITH"},{"data":"1","floor":15,"key":"LIFT"},{"floor":23,"key":"REST"},{"floor":25,"key":"REST"},{"data":"2","floor":27,"key":"LIFT"},{"floor":29,"key":"REST"},{"floor":32,"key":"REST"},{"data":"3","floor":40,"key":"LIFT"},{"data":"Defragment","floor":42,"key":"SMITH"},{"data":"Creative AI","floor":44,"key":"SMITH"},{"data":"Leap","floor":47,"key":"SMITH"},{"floor":49,"key":"REST"}],"neow_cost":"NONE","seed_source_timestamp":618483923631976,"circlet_count":0,"master_deck":["Strike_B","Strike_B","Defend_B","Defend_B","Defend_B","Defend_B","Zap+1","Dualcast+1","Loop+1","Ball Lightning","Stack","Coolheaded","Gash","Hologram","Stack","Genetic Algorithm","Reboot","Ball Lightning+1","Gash","Gash+1","Leap+1","Turbo","Writhe","Double Energy+1","Undo+1","Defragment+1","Creative AI+1","Fusion+1","Gash+1","Leap+1","Self Repair+1","Defend_B","Loop+1","Decay","Go for the Eyes+1","Madness","Madness"],"relics":["Cracked Core","Girya","Letter Opener","DataDisk","Cursed Key","Juzu Bracelet","Bag of Marbles","Molten Egg 2","Gambling Chip","Red Mask","Lizard Tail","Ancient Tea Set","Tiny Chest","Mummified Hand","Oddly Smooth Stone"],"potions_floor_usage":[7,16,22,24,28,46,50,50,50],"damage_taken":[{"damage":10,"enemies":"Small Slimes","floor":1,"turns":4},{"damage":0,"enemies":"2 Louse","floor":4,"turns":3},{"damage":0,"enemies":"Cultist","floor":5,"turns":2},{"damage":6,"enemies":"Gremlin Nob","floor":7,"turns":4},{"damage":20,"enemies":"3 Louse","floor":11,"turns":2},{"damage":3,"enemies":"Blue Slaver","floor":12,"turns":2},{"damage":19,"enemies":"Lagavulin","floor":14,"turns":6},{"damage":21,"enemies":"The Guardian","floor":16,"turns":11},{"damage":0,"enemies":"Chosen","floor":18,"turns":4},{"damage":31,"enemies":"2 Thieves","floor":20,"turns":3},{"damage":9,"enemies":"Chosen and Byrds","floor":21,"turns":4},{"damage":25,"enemies":"Snake Plant","floor":22,"turns":4},{"damage":14,"enemies":"Book of Stabbing","floor":24,"turns":4},{"damage":29,"enemies":"Slavers","floor":28,"turns":3},{"damage":22,"floor":30,"turns":3},{"damage":1,"enemies":"Centurion and Healer","floor":31,"turns":5},{"damage":48,"enemies":"Automaton","floor":33,"turns":12},{"damage":10,"enemies":"Flame Bruiser 1 Orb","floor":35,"turns":7},{"damage":1,"enemies":"3 Shapes","floor":37,"turns":4},{"damage":5,"enemies":"Sphere and 2 Shapes","floor":41,"turns":5},{"damage":9,"enemies":"2 Orb Walkers","floor":46,"turns":3},{"damage":147,"enemies":"Donu and Deca","floor":50,"turns":10}],"seed_played":"6739485129637089297","potions_obtained":[{"floor":4,"key":"PowerPotion"},{"floor":7,"key":"Weak Potion"},{"floor":12,"key":"EssenceOfSteel"},{"floor":14,"key":"EssenceOfSteel"},{"floor":18,"key":"SpeedPotion"},{"floor":22,"key":"EssenceOfSteel"},{"floor":24,"key":"PowerPotion"},{"floor":33,"key":"Ancient Potion"},{"floor":35,"key":"Swift Potion"},{"floor":46,"key":"Ancient Potion"}],"is_trial":false,"path_per_floor":["M","?","$","M","M","R","E","R","T","R","M","M","?","E","R","B",null,"M","?","M","M","M","R","E","R","T","R","E","R","?","M","R","B",null,"M","$","M","$","?","R","M","R","T","R","?","E","R","?","R"],"character_chosen":"DEFECT","items_purchased":["Ball Lightning","Ancient Tea Set","Gash+1","Leap","Tiny Chest","Regen Potion"],"campfire_rested":5,"item_purchase_floors":[3,36,36,36,36,36],"current_hp_per_floor":[65,70,70,70,70,70,64,64,64,64,44,41,41,22,22,1,80,80,80,49,40,15,39,25,49,49,49,20,44,22,21,45,8,80,70,70,69,69,69,69,74,74,74,74,74,75,75,65,80,0],"gold":130,"neow_bonus":"THREE_SMALL_POTIONS","is_prod":false,"is_daily":false,"chose_seed":false,"campfire_upgraded":6,"win_rate":0,"timestamp":1532808874,"path_taken":["M","?","$","M","M","R","E","R","T","R","M","M","?","E","R","BOSS","M","?","M","M","M","R","E","R","T","R","E","R","?","M","R","BOSS","M","$","M","$","?","R","M","R","T","R","?","E","R","?","R","BOSS"],"build_version":"2018-07-26","purchased_purges":1,"victory":false,"max_hp_per_floor":[75,80,80,80,80,80,80,80,80,80,80,80,80,80,80,80,80,80,80,80,80,80,80,80,80,80,80,80,80,80,80,80,80,80,80,80,80,80,80,80,80,80,80,80,80,80,80,80,80,80],"card_choices":[{"not_picked":["Redo","Turbo"],"picked":"Loop","floor":1},{"not_picked":["Blizzard","Redo"],"picked":"Stack","floor":4},{"not_picked":["Reprogram","Stack"],"picked":"Coolheaded","floor":5},{"not_picked":["Fusion","Stack"],"picked":"Gash","floor":7},{"not_picked":["Rebound","Redo"],"picked":"Hologram","floor":11},{"not_picked":["Coolheaded","Beam Cell"],"picked":"Stack","floor":12},{"not_picked":["Barrage","Hello World"],"picked":"Genetic Algorithm","floor":14},{"not_picked":["Meteor Strike","Amplify"],"picked":"Reboot","floor":16},{"not_picked":["Redo","Heatsinks"],"picked":"Ball Lightning+1","floor":18},{"not_picked":["Turbo","Blizzard+1"],"picked":"Gash","floor":20},{"not_picked":["Seek","Compile Driver"],"picked":"Gash+1","floor":21},{"not_picked":["Hologram","Ball Lightning"],"picked":"Leap+1","floor":22},{"not_picked":["Reprogram","Conserve Battery"],"picked":"Turbo","floor":24},{"not_picked":["Streamline+1","Storm"],"picked":"Double Energy+1","floor":28},{"not_picked":["Coolheaded","Capacitor"],"picked":"Undo+1","floor":30},{"not_picked":["Undo","Go for the Eyes+1"],"picked":"Defragment","floor":31},{"not_picked":["Core Surge+1","Seek"],"picked":"Creative AI","floor":33},{"not_picked":["Recycle+1","Blizzard+1"],"picked":"Fusion+1","floor":35},{"not_picked":["Stack","Rip and Tear+1"],"picked":"Self Repair+1","floor":37},{"not_picked":["Rebound+1","Stack"],"picked":"Loop","floor":41},{"not_picked":["Barrage+1","Lockon+1"],"picked":"Go for the Eyes+1","floor":46}],"player_experience":655074,"relics_obtained":[{"floor":7,"key":"Girya"},{"floor":9,"key":"Letter Opener"},{"floor":14,"key":"DataDisk"},{"floor":24,"key":"Bag of Marbles"},{"floor":26,"key":"Molten Egg 2"},{"floor":28,"key":"Gambling Chip"},{"floor":30,"key":"Red Mask"},{"floor":43,"key":"Mummified Hand"},{"floor":46,"key":"Oddly Smooth Stone"}],"event_choices":[{"event_name":"Big Fish","player_choice":"Donut","floor":2,"damage_taken":0},{"event_name":"Golden Wing","player_choice":"Ignored","floor":13,"damage_taken":0},{"event_name":"The Mausoleum","player_choice":"Yes","floor":19,"damage_taken":0},{"event_name":"Masked Bandits","player_choice":"Fought over 399 gold","floor":30,"damage_taken":0},{"event_name":"NoteForYourself","player_choice":"Took Card","floor":39,"damage_taken":0},{"event_name":"Accursed Blacksmith","player_choice":"Forge","floor":45,"damage_taken":0},{"event_name":"Winding Halls","player_choice":"Embrace Madness","floor":48,"damage_taken":0}],"is_beta":true,"boss_relics":[{"not_picked":["White Beast Statue","Tiny House"],"picked":"Cursed Key"},{"not_picked":["Empty Cage","Fusion Hammer"],"picked":"Lizard Tail"}],"items_purged_floors":[36],"is_endless":false,"potions_floor_spawned":[4,7,12,14,18,21,22,24,33,35,46],"killed_by":"Donu and Deca","ascension_level":3}