{"gold_per_floor":[117,13,27,27,45,45,105,121,121,155,155,167,167,201,201,275,275,288,314,314,260,260,260,292,292,292,310,330,344,344,344,344,421,421,438,0,12,30,44,44,144,144,144,170,183,183,201,219,219,219,219,219,219,13,44,44],"floor_reached":56,"playtime":6651,"items_purged":["Injury","Wild Strike","Strike_R+1"],"score":1789,"play_id":"50931f13-7033-4b44-9ad6-ea10367c4847","local_time":"20190121143621","is_ascension_mode":true,"campfire_choices":[{"floor":6.0,"key":"REST"},{"data":"Armaments","floor":13.0,"key":"SMITH"},{"floor":15.0,"key":"REST"},{"floor":23.0,"key":"REST"},{"floor":25.0,"key":"REST"},{"data":"Fiend Fire","floor":30.0,"key":"SMITH"},{"data":"Dark Embrace","floor":32.0,"key":"SMITH"},{"floor":40.0,"key":"REST"},{"floor":46.0,"key":"RECALL"},{"floor":49.0,"key":"REST"},{"floor":53.0,"key":"REST"}],"neow_cost":"CURSE","seed_source_timestamp":0,"circlet_count":0,"master_deck":["AscendersBane","Strike_R+1","Defend_R+1","Defend_R+1","Defend_R+1","Defend_R+1","Bash","Demon Form","Dark Embrace+1","Feel No Pain","Flame Barrier","True Grit+1","Armaments+1","Juggernaut","Combust","Offering+1","Fiend Fire+1","Shockwave+1","Entrench","Necronomicurse","Pummel","Armaments+1","Berserk","Impervious","Shrug It Off+1","Havoc+1","Seeing Red+1","Dual Wield+1","Burning Pact+1","Rage+1","Trip+1","Finesse+1","Panacea+1","Pummel","True Grit+1","Warcry+1","Evolve"],"special_seed":0,"relics":["Burning Blood","Mercury Hourglass","Anchor","Blood Vial","Sundial","Runic Pyramid","Red Mask","Necronomicon","Dream Catcher","Cursed Key","Toxic Egg 2","Champion Belt","War Paint","Bronze Scales"],"potions_floor_usage":[56,56],"damage_taken":[{"damage":17.0,"enemies":"Small Slimes","floor":1.0,"turns":6.0},{"damage":2.0,"enemies":"2 Louse","floor":3.0,"turns":4.0},{"damage":11.0,"enemies":"Jaw Worm","floor":5.0,"turns":5.0},{"damage":17.0,"enemies":"3 Sentries","floor":7.0,"turns":12.0},{"damage":10.0,"enemies":"Looter","floor":8.0,"turns":5.0},{"damage":32.0,"enemies":"Gremlin Nob","floor":10.0,"turns":4.0},{"damage":1.0,"enemies":"Blue Slaver","floor":12.0,"turns":5.0},{"damage":24.0,"enemies":"Lagavulin","floor":14.0,"turns":9.0},{"damage":25.0,"enemies":"The Guardian","floor":16.0,"turns":10.0},{"damage":19.0,"enemies":"Chosen","floor":18.0,"turns":5.0},{"damage":23.0,"enemies":"Masked Bandits","floor":19.0,"turns":4.0},{"damage":20.0,"enemies":"Gremlin Leader","floor":24.0,"turns":6.0},{"damage":0.0,"enemies":"Shell Parasite","floor":27.0,"turns":2.0},{"damage":4.0,"enemies":"Shelled Parasite and Fungi","floor":28.0,"turns":3.0},{"damage":6.0,"enemies":"Snake Plant","floor":29.0,"turns":2.0},{"damage":43.0,"enemies":"Automaton","floor":33.0,"turns":8.0},{"damage":8.0,"enemies":"Orb Walker","floor":35.0,"turns":4.0},{"damage":20.0,"enemies":"3 Darklings","floor":37.0,"turns":5.0},{"damage":6.0,"enemies":"Spire Growth","floor":38.0,"turns":5.0},{"damage":27.0,"enemies":"Writhing Mass","floor":39.0,"turns":6.0},{"damage":0.0,"enemies":"Mind Bloom Boss Battle","floor":41.0,"turns":3.0},{"damage":16.0,"enemies":"Giant Head","floor":44.0,"turns":8.0},{"damage":14.0,"enemies":"3 Darklings","floor":45.0,"turns":6.0},{"damage":0.0,"enemies":"Maw","floor":47.0,"turns":6.0},{"damage":5.0,"enemies":"Writhing Mass","floor":48.0,"turns":9.0},{"damage":27.0,"enemies":"Time Eater","floor":50.0,"turns":16.0},{"damage":25.0,"enemies":"Awakened One","floor":51.0,"turns":16.0},{"damage":36.0,"enemies":"Shield and Spear","floor":55.0,"turns":8.0},{"damage":48,"enemies":"The Heart","floor":56,"turns":3}],"seed_played":"4928187814883951972","potions_obtained":[{"floor":1.0,"key":"AttackPotion"},{"floor":7.0,"key":"Regen Potion"},{"floor":12.0,"key":"Dexterity Potion"},{"floor":16.0,"key":"SmokeBomb"},{"floor":18.0,"key":"SkillPotion"},{"floor":24.0,"key":"Strength Potion"},{"floor":38.0,"key":"PowerPotion"},{"floor":44.0,"key":"PowerPotion"}],"is_trial":false,"path_per_floor":["M","$","M","?","M","R","?","M","T","E","?","M","R","E","R","B",null,"M","?","?","$","?","R","E","R","T","M","M","M","R","?","R","B",null,"M","$","?","?"],"character_chosen":"IRONCLAD","items_purchased":["Wild Strike","PowerPotion","Toxic Egg 2","Shrug It Off+1","Evolve"],"campfire_rested":7,"item_purchase_floors":[2,21,36,36,54],"current_hp_per_floor":[57,57,61,38,33,55,44,54,54,28,21,28,28,12,34,17,61,50,35,35,35,14,36,24,46,46,54,58,60,60,60,60,25,63,63,63,51,53,34,56,64,54,54,46,40,40,48,51,73,54,37,66,75,75,45,0],"gold":44,"neow_bonus":"TRANSFORM_TWO_CARDS","is_prod":false,"is_daily":false,"chose_seed":false,"campfire_upgraded":3,"win_rate":0,"timestamp":1548110181,"path_taken":["M","$","M","?","M","R","?","?","T","E","?","M","R","E","R","BOSS","M","?","?","?","?","R","E","R","T","?","M","M","R","?","R","BOSS","M","$","M","M","M","R","?","?","T","E","M","R","M","M","R","BOSS","BOSS","R","$","E","BOSS"],"build_version":"2019-01-20","purchased_purges":3,"victory":false,"max_hp_per_floor":[75,75,75,75,75,75,75,75,75,75,75,75,75,75,75,75,75,75,75,75,75,75,75,75,75,75,75,75,75,75,75,75,75,75,75,75,75,75,75,75,75,75,75,75,75,75,75,75,75,75,75,75,75,75,75,75],"card_choices":[{"not_picked":["Searing Blow","Clash","Flex"],"picked":"SKIP","floor":1.0},{"not_picked":["Burning Pact","Infernal Blade"],"picked":"Feel No Pain","floor":3.0},{"not_picked":["Cleave","Thunderclap"],"picked":"Flame Barrier","floor":5.0},{"not_picked":["Anger","Armaments"],"picked":"True Grit","floor":7.0},{"not_picked":["Wild Strike","Anger"],"picked":"Armaments","floor":8.0},{"not_picked":["Fire Breathing","Havoc"],"picked":"Juggernaut","floor":10.0},{"not_picked":["Body Slam","Flex"],"picked":"Combust","floor":12.0},{"not_picked":["Sentinel","Iron Wave"],"picked":"Offering","floor":14.0},{"not_picked":["Immolate","Berserk"],"picked":"Fiend Fire","floor":16.0},{"not_picked":["Uppercut","Pummel"],"picked":"Shockwave+1","floor":18.0},{"not_picked":["Clash","Perfected Strike+1"],"picked":"Entrench","floor":19.0},{"not_picked":["Dropkick","Pommel Strike","Fire Breathing"],"picked":"SKIP","floor":24.0},{"not_picked":["Dropkick","Pommel Strike","Fire Breathing"],"picked":"SKIP","floor":24.0},{"not_picked":["Clothesline","Havoc"],"picked":"Pummel","floor":27.0},{"not_picked":["Anger","Hemokinesis+1"],"picked":"Armaments+1","floor":28.0},{"not_picked":["Bloodletting","Warcry"],"picked":"Berserk","floor":29.0},{"not_picked":["Fiend Fire","Dark Embrace"],"picked":"Impervious","floor":33.0},{"not_picked":["Hemokinesis","Anger","Rage"],"picked":"SKIP","floor":35.0},{"not_picked":["Sword Boomerang","Inflame"],"picked":"Havoc+1","floor":37.0},{"not_picked":["Wild Strike","Dual Wield+1"],"picked":"Seeing Red+1","floor":38.0},{"not_picked":["Clothesline","Rampage+1"],"picked":"Dual Wield+1","floor":39.0},{"not_picked":["Shrug It Off+1","Clothesline"],"picked":"Burning Pact+1","floor":40.0},{"not_picked":["Clash+1","Shrug It Off+1"],"picked":"Rage+1","floor":41.0},{"not_picked":["Forethought+1","Swift Strike"],"picked":"Trip+1","floor":42.0},{"not_picked":["Impatience+1","Flash of Steel"],"picked":"Finesse+1","floor":42.0},{"not_picked":["Good Instincts+1","Madness+1"],"picked":"Panacea+1","floor":42.0},{"not_picked":["Thunderclap","Searing Blow"],"picked":"Pummel","floor":44.0},{"not_picked":["Sentinel+1","Armaments+1"],"picked":"True Grit+1","floor":45.0},{"not_picked":["Flex+1","Cleave","Armaments+1"],"picked":"SKIP","floor":47.0},{"not_picked":["Body Slam","Wild Strike","Infernal Blade+1"],"picked":"SKIP","floor":48.0},{"not_picked":["Rupture","Pommel Strike"],"picked":"Warcry+1","floor":49.0},{"not_picked":["Whirlwind","Combust","Demon Form"],"picked":"SKIP","floor":55.0}],"player_experience":1261260,"relics_obtained":[{"floor":7.0,"key":"Mercury Hourglass"},{"floor":9.0,"key":"Anchor"},{"floor":10.0,"key":"Blood Vial"},{"floor":14.0,"key":"Sundial"},{"floor":19.0,"key":"Red Mask"},{"floor":22.0,"key":"Necronomicon"},{"floor":24.0,"key":"Dream Catcher"},{"floor":41.0,"key":"Champion Belt"},{"floor":44.0,"key":"War Paint"},{"floor":55.0,"key":"Bronze Scales"}],"event_choices":[{"damage_healed":0.0,"max_hp_gain":0.0,"max_hp_loss":0.0,"gold_gain":0.0,"event_name":"Shining Light","player_choice":"Entered Light","floor":4.0,"gold_loss":0.0,"damage_taken":23.0,"cards_upgraded":["Strike_R","Defend_R"]},{"damage_healed":0.0,"max_hp_gain":0.0,"max_hp_loss":0.0,"gold_gain":30.0,"event_name":"Dead Adventurer","player_choice":"Searched \u00272\u0027 times","floor":7.0,"gold_loss":0.0,"damage_taken":0.0},{"cards_removed":["Strike_R"],"damage_healed":0.0,"max_hp_gain":0.0,"max_hp_loss":0.0,"gold_gain":0.0,"event_name":"Golden Wing","player_choice":"Card Removal","floor":11.0,"gold_loss":0.0,"damage_taken":7.0},{"damage_healed":0.0,"max_hp_gain":0.0,"max_hp_loss":0.0,"gold_gain":0.0,"event_name":"Masked Bandits","player_choice":"Fought Bandits","floor":19.0,"gold_loss":0.0,"damage_taken":0.0},{"damage_healed":0.0,"max_hp_gain":0.0,"max_hp_loss":0.0,"gold_gain":0.0,"event_name":"Back to Basics","player_choice":"Simplicity","floor":20.0,"gold_loss":0.0,"damage_taken":0.0,"cards_upgraded":["Strike_R","Defend_R","Defend_R","Defend_R"]},{"damage_healed":0.0,"max_hp_gain":0.0,"max_hp_loss":0.0,"gold_gain":0.0,"event_name":"Cursed Tome","player_choice":"Obtained Book","floor":22.0,"gold_loss":0.0,"damage_taken":21.0},{"damage_healed":0.0,"max_hp_gain":0.0,"max_hp_loss":0.0,"gold_gain":0.0,"event_name":"The Mausoleum","player_choice":"Ignored","floor":31.0,"gold_loss":0.0,"damage_taken":0.0},{"damage_healed":0.0,"max_hp_gain":0.0,"max_hp_loss":0.0,"gold_gain":0.0,"event_name":"MindBloom","player_choice":"Fight","floor":41.0,"gold_loss":0.0,"damage_taken":0.0},{"damage_healed":0.0,"max_hp_gain":0.0,"max_hp_loss":0.0,"gold_gain":0.0,"event_name":"SensoryStone","player_choice":"Memory 3","floor":42.0,"gold_loss":0.0,"damage_taken":10.0}],"is_beta":true,"boss_relics":[{"not_picked":["Mark of Pain","Runic Dome"],"picked":"Runic Pyramid"},{"not_picked":["Sozu","Black Star"],"picked":"Cursed Key"}],"items_purged_floors":[2,36,54],"is_endless":false,"potions_floor_spawned":[1,7,12,16,18,24,38,44,45],"killed_by":"The Heart","ascension_level":20}