{"path_per_floor":["M","M","M","$","M","R","?","E","T","R","?","?","M","M","R","B",null,"M","$","?","M","$","R","M","M","T","M","$","M","M"],"character_chosen":"THE_SILENT","items_purchased":["Footwork","Panache","Deflect","Well Laid Plans","Outmaneuver"],"gold_per_floor":[116,132,152,81,94,94,269,301,301,301,322,322,337,348,348,451,451,465,104,19,39,12,12,24,34,34,50,50,60,74],"floor_reached":31,"campfire_rested":1,"playtime":3324,"current_hp_per_floor":[70,70,70,70,62,62,62,47,47,47,24,24,24,19,40,13,70,65,65,65,50,50,50,50,39,39,22,22,14,14],"items_purged":["Defend_G"],"gold":74,"score":241,"play_id":"7cf3c543-c96c-40aa-88ec-db0a403d6553","is_prod":false,"is_daily":false,"is_ascension_mode":false,"campfire_upgraded":3,"path_taken":["M","M","M","$","M","R","?","E","T","R","?","?","M","M","R","BOSS","M","$","?","M","?","R","M","M","T","M","$","M","M","M"],"build_version":"2018-02-15-PROD1","purchased_purges":1,"victory":false,"master_deck":["Defend_G","Defend_G","Defend_G","Defend_G","Strike_G","Strike_G","Strike_G","Strike_G","Survivor","Neutralize+1","Backflip+1","Outmaneuver","Acrobatics","Footwork","Endless Agony","Doubt","Heel Hook+1","Caltrops","Infinite Blades","Poisoned Stab","After Image+1","Cloak And Dagger","Panache","Deflect","Well Laid Plans","Slice","Outmaneuver","Quick Slash","Dash+1","Backstab","Die Die Die"],"max_hp_per_floor":[70,70,70,70,70,70,70,70,70,70,70,70,70,70,70,70,70,70,70,70,70,70,70,70,70,70,70,70,70,70],"relics":["Ring of the Snake","NeowsBlessing","Centennial Puzzle","War Paint","Odd Mushroom","Black Star","Lantern","Ice Cream"],"card_choices":[{"not_picked":["Noxious Fumes","Deflect"],"picked":"Backflip"},{"not_picked":["Crippling Poison","Quick Slash"],"picked":"Outmaneuver"},{"not_picked":["Flying Knee","PiercingWail"],"picked":"Acrobatics"},{"not_picked":["PiercingWail","Slice"],"picked":"Endless Agony"},{"not_picked":["Deflect","Backstab"],"picked":"Heel Hook"},{"not_picked":["Dagger Throw","Crippling Poison"],"picked":"Caltrops"},{"not_picked":["Backflip","Finisher"],"picked":"Infinite Blades"},{"not_picked":["Prepared","Leg Sweep"],"picked":"Poisoned Stab"},{"not_picked":["Unload","A Thousand Cuts"],"picked":"After Image"},{"not_picked":["Quick Slash","All Out Attack"],"picked":"Cloak And Dagger"},{"not_picked":["Dagger Spray","Caltrops"],"picked":"Slice"},{"not_picked":["Dagger Spray","Dagger Throw"],"picked":"Quick Slash"},{"not_picked":["Skewer","Cloak And Dagger"],"picked":"Dash"},{"not_picked":["Outmaneuver","Dodge and Roll"],"picked":"Backstab"},{"not_picked":["Dagger Spray","Calculated Gamble"],"picked":"Die Die Die"}],"player_experience":107287,"potions_floor_usage":[8,16,16,27,29],"damage_taken":[{"damage":0,"enemies":"Small Slimes","floor":1,"turns":1},{"damage":0,"enemies":"2 Louse","floor":2,"turns":1},{"damage":0,"enemies":"Jaw Worm","floor":3,"turns":1},{"damage":8,"enemies":"Lots of Slimes","floor":5,"turns":8},{"damage":15,"enemies":"3 Sentries","floor":8,"turns":16},{"damage":23,"enemies":"The Mushroom Lair","floor":11,"turns":8},{"damage":0,"enemies":"2 Fungi Beasts","floor":13,"turns":5},{"damage":5,"enemies":"Exordium Thugs","floor":14,"turns":5},{"damage":27,"enemies":"Hexaghost","floor":16,"turns":9},{"damage":5,"enemies":"3 Byrds","floor":18,"turns":5},{"damage":15,"enemies":"Chosen","floor":21,"turns":7},{"damage":0,"enemies":"Snecko","floor":24,"turns":6},{"damage":11,"enemies":"Centurion and Healer","floor":25,"turns":8},{"damage":17,"enemies":"3 Cultists","floor":27,"turns":5},{"damage":8,"enemies":"Chosen and Byrds","floor":29,"turns":6},{"damage":0,"enemies":"Snecko","floor":30,"turns":6},{"damage":21,"enemies":"Sentry and Sphere","floor":31,"turns":5}],"event_choices":[{"event_name":"Liars Game","player_choice":"agreed","floor":7,"damage_taken":0},{"event_name":"Mushrooms","player_choice":"Fought Mushrooms","floor":11,"damage_taken":0},{"event_name":"Purifier","player_choice":"One Purge","floor":12,"damage_taken":0},{"event_name":"Addict","player_choice":"Obtained Relic","floor":20,"damage_taken":0}],"boss_relics":[{"not_picked":["Runic Dome","Runic Pyramid"],"picked":"Black Star"}],"potions_floor_spawned":[1,5,8,18,24,25],"seed_played":"3895988637750730557","killed_by":"Sentry and Sphere","ascension_level":0,"is_trial":false}