{"gold_per_floor":[114,124,124,143,143,143,169,169,169,196,207,221,237,251,251,354,354,371,28,39,50,66,66,14,30,55,55,83,83,83,101,101,200,200,210,210,227,227,227,227,242,260,260,39,39,39,56,70,70,70],"floor_reached":50,"playtime":3015,"items_purged":["Strike_G"],"score":625,"play_id":"da3f386c-9423-4105-b674-8bff98f91a02","local_time":"20190105191333","is_ascension_mode":true,"campfire_choices":[{"data":"Neutralize","floor":6.0,"key":"SMITH"},{"data":"Venomology","floor":8.0,"key":"SMITH"},{"floor":15.0,"key":"REST"},{"floor":27,"key":"REST"},{"data":"After Image","floor":29,"key":"SMITH"},{"floor":32,"key":"REST"},{"floor":40,"key":"RECALL"},{"floor":49,"key":"REST"}],"neow_cost":"TEN_PERCENT_HP_LOSS","seed_source_timestamp":0,"circlet_count":0,"master_deck":["Defend_G","Defend_G","Defend_G","Defend_G","Defend_G","Strike_G","Strike_G","Strike_G","Survivor","Neutralize+1","Venomology+1","Backstab+1","Flying Knee","Well Laid Plans","Blur","PiercingWail","Predator","Crippling Poison","Acrobatics","After Image+1","Heel Hook","Infinite Blades","Deadly Poison","Poisoned Stab","PiercingWail","Footwork+1","Dagger Spray","Leg Sweep+1","Concentrate","Caltrops","Bullet Time","Corpse Explosion","Blade Dance+1","Cloak And Dagger+1","Parasite","Crippling Poison","Crippling Poison+1"],"special_seed":0,"relics":["Ring of the Serpent","Bottled Lightning","Paper Crane","Bronze Scales","Mummified Hand","Regal Pillow","Ancient Tea Set","Fusion Hammer","Pen Nib","GremlinMask"],"potions_floor_usage":[18,20,21,22,23,25,25,28,30,31,33,37,41,41,42,47,47,47,47,48],"damage_taken":[{"damage":0.0,"enemies":"Small Slimes","floor":1.0,"turns":5.0},{"damage":0.0,"enemies":"2 Louse","floor":2.0,"turns":2.0},{"damage":0.0,"enemies":"Cultist","floor":4.0,"turns":2.0},{"damage":7.0,"enemies":"3 Sentries","floor":7.0,"turns":8.0},{"damage":11.0,"enemies":"Lagavulin","floor":10.0,"turns":8.0},{"damage":0.0,"enemies":"Red Slaver","floor":11.0,"turns":4.0},{"damage":8.0,"enemies":"Exordium Wildlife","floor":12.0,"turns":3.0},{"damage":0.0,"enemies":"Looter","floor":13.0,"turns":2.0},{"damage":0.0,"enemies":"Gremlin Gang","floor":14.0,"turns":3.0},{"damage":24.0,"enemies":"The Guardian","floor":16.0,"turns":11.0},{"damage":12,"enemies":"Shell Parasite","floor":18,"turns":8},{"damage":7,"enemies":"Chosen","floor":20,"turns":6},{"damage":7,"enemies":"Shelled Parasite and Fungi","floor":21,"turns":6},{"damage":1,"enemies":"Snecko","floor":22,"turns":6},{"damage":0,"enemies":"Slavers","floor":23,"turns":1},{"damage":14,"enemies":"3 Cultists","floor":25,"turns":6},{"damage":16,"enemies":"Book of Stabbing","floor":28,"turns":5},{"damage":0,"enemies":"Snake Plant","floor":30,"turns":1},{"damage":12,"enemies":"Sentry and Sphere","floor":31,"turns":8},{"damage":33,"enemies":"Collector","floor":33,"turns":15},{"damage":12,"enemies":"Orb Walker","floor":35,"turns":5},{"damage":0,"enemies":"3 Shapes","floor":37,"turns":3},{"damage":0,"enemies":"Jaw Worm Horde","floor":41,"turns":4},{"damage":20,"enemies":"4 Shapes","floor":42,"turns":5},{"damage":11,"enemies":"Writhing Mass","floor":47,"turns":7},{"damage":7,"enemies":"Maw","floor":48,"turns":9},{"damage":49,"enemies":"Time Eater","floor":50,"turns":3}],"seed_played":"3242812052604163265","potions_obtained":[{"floor":4.0,"key":"AttackPotion"},{"floor":16.0,"key":"GhostInAJar"},{"floor":20,"key":"Fire Potion"},{"floor":21,"key":"Ancient Potion"},{"floor":41,"key":"EssenceOfSteel"},{"floor":42,"key":"SteroidPotion"},{"floor":48,"key":"SmokeBomb"}],"is_trial":false,"path_per_floor":["M","M","?","M","?","R","E","R","T","E","M","M","M","M","R","B",null,"M","$","M","M","M","E","$","M","T","R","E","R","M","M","R","B",null,"M","?","M","?","?","R","M","M","T","$","?","$","M","M","R","B"],"character_chosen":"THE_SILENT","items_purchased":["Mummified Hand","Infinite Blades","Deadly Poison","Dagger Spray","Pen Nib"],"campfire_rested":4,"item_purchase_floors":[19,19,19,24,44],"current_hp_per_floor":[63,63,63,63,63,63,56,56,56,45,45,37,37,37,55,31,63,51,51,44,37,36,36,36,37,37,63,47,47,47,35,63,30,63,51,51,51,51,51,51,51,31,31,31,31,31,20,13,46,0],"gold":70,"neow_bonus":"THREE_RARE_CARDS","is_prod":false,"is_daily":false,"chose_seed":false,"campfire_upgraded":3,"win_rate":0,"timestamp":1546733613,"path_taken":["M","M","?","M","?","R","E","R","T","E","M","M","M","M","R","BOSS","M","$","M","?","M","E","?","M","T","R","E","R","M","M","R","BOSS","M","?","M","?","?","R","M","M","T","$","?","$","M","M","R","BOSS"],"build_version":"2019-01-03v4","purchased_purges":1,"victory":false,"max_hp_per_floor":[63,63,63,63,63,63,63,63,63,63,63,63,63,63,63,63,63,63,63,63,63,63,63,63,63,63,63,63,63,63,63,63,63,63,63,63,63,60,60,60,60,60,60,60,60,60,60,60,60,60],"card_choices":[{"not_picked":["Storm of Steel","Burst"],"picked":"Venomology","floor":0.0},{"not_picked":["Bane","Quick Slash"],"picked":"Backstab","floor":1.0},{"not_picked":["Dagger Throw","Dodge and Roll"],"picked":"Flying Knee","floor":2.0},{"not_picked":["Flying Knee","Slice"],"picked":"Poisoned Stab","floor":4.0},{"not_picked":["Dagger Throw","Deadly Poison"],"picked":"Well Laid Plans","floor":7.0},{"not_picked":["Expertise","Unload"],"picked":"Blur","floor":10.0},{"not_picked":["Choke","Sucker Punch"],"picked":"PiercingWail","floor":11.0},{"not_picked":["Riddle With Holes","Outmaneuver"],"picked":"Predator","floor":12.0},{"not_picked":["Poisoned Stab","Deflect"],"picked":"Crippling Poison","floor":13.0},{"not_picked":["Masterful Stab","Flying Knee"],"picked":"Acrobatics","floor":14.0},{"not_picked":["A Thousand Cuts","Storm of Steel"],"picked":"After Image","floor":16.0},{"not_picked":["Endless Agony","Bane"],"picked":"Heel Hook","floor":18},{"not_picked":["Quick Slash","Setup"],"picked":"Poisoned Stab","floor":20},{"not_picked":["Deflect","Flying Knee"],"picked":"PiercingWail","floor":21},{"not_picked":["Dagger Throw","Calculated Gamble"],"picked":"Footwork+1","floor":22},{"not_picked":["Deflect","Footwork"],"picked":"Leg Sweep+1","floor":25},{"not_picked":["Underhanded Strike","Sucker Punch"],"picked":"Concentrate","floor":28},{"not_picked":["Sucker Punch","Tools of the Trade"],"picked":"Caltrops","floor":31},{"not_picked":["Envenom","Burst"],"picked":"Bullet Time","floor":33},{"not_picked":["Slice+1","Poisoned Stab+1","Quick Slash"],"picked":"SKIP","floor":35},{"not_picked":["Flechettes+1","Poisoned Stab+1"],"picked":"Corpse Explosion","floor":37},{"not_picked":["Bane","Infinite Blades+1"],"picked":"Blade Dance+1","floor":41},{"not_picked":["Prepared+1","Distraction+1"],"picked":"Cloak And Dagger+1","floor":42},{"not_picked":["Blade Dance","Flechettes"],"picked":"Crippling Poison","floor":47},{"not_picked":["Flying Knee","Prepared"],"picked":"Crippling Poison+1","floor":48}],"player_experience":1179980,"relics_obtained":[{"floor":7.0,"key":"Bottled Lightning"},{"floor":9.0,"key":"Paper Crane"},{"floor":10.0,"key":"Bronze Scales"},{"floor":26,"key":"Regal Pillow"},{"floor":28,"key":"Ancient Tea Set"}],"event_choices":[{"damage_healed":0.0,"max_hp_gain":0.0,"max_hp_loss":0.0,"gold_gain":0.0,"event_name":"Living Wall","player_choice":"Grow","floor":3.0,"gold_loss":0.0,"damage_taken":0.0,"cards_upgraded":["Backstab"]},{"cards_removed":["Strike_G"],"damage_healed":0.0,"max_hp_gain":0.0,"max_hp_loss":0.0,"gold_gain":0.0,"event_name":"Bonfire Elementals","player_choice":"Offered Basic","floor":5.0,"gold_loss":0.0,"damage_taken":0.0},{"damage_healed":0,"gold_gain":0,"player_choice":"Ignored","damage_taken":0,"max_hp_gain":0,"max_hp_loss":0,"event_name":"Tomb of Lord Red Mask","floor":36,"gold_loss":0},{"damage_healed":0,"gold_gain":0,"player_choice":"Max HP","damage_taken":0,"max_hp_gain":0,"max_hp_loss":3,"event_name":"Winding Halls","floor":38,"gold_loss":0},{"cards_removed":["Poisoned Stab"],"damage_healed":0,"gold_gain":0,"player_choice":"Removed Attack","damage_taken":0,"max_hp_gain":0,"max_hp_loss":0,"event_name":"Falling","floor":39,"gold_loss":0},{"damage_healed":0,"gold_gain":0,"player_choice":"Trade","damage_taken":0,"relics_obtained":["GremlinMask"],"max_hp_gain":0,"max_hp_loss":0,"event_name":"FaceTrader","floor":45,"gold_loss":0}],"is_beta":true,"boss_relics":[{"not_picked":["Orrery","Velvet Choker"],"picked":"Ring of the Serpent"},{"not_picked":["Runic Dome","Cursed Key"],"picked":"Fusion Hammer"}],"items_purged_floors":[44],"is_endless":false,"potions_floor_spawned":[4,12,13,16,20,21,23,41,42,48],"killed_by":"Time Eater","ascension_level":4}