{"path_per_floor":["M","M","M","?","M","E","R","M","T","?","R","M","E","$","R","B",null,"M","?","T","M","$","E","R","M","T","R","M","R","E","T","R","B",null,"M","M","?","?","M","R","E","R","T","M","?","E","M","$","R","B"],"character_chosen":"THE_SILENT","items_purchased":["Bag of Preparation","War Paint","Cloak And Dagger","Footwork","Escape Plan","Kunai","Oddly Smooth Stone"],"gold_per_floor":[109,121,141,141,155,188,188,205,205,280,280,299,329,10,10,115,115,126,126,126,141,27,52,52,62,62,62,81,81,110,184,184,280,280,297,316,316,316,326,326,359,359,359,374,374,400,417,21,21,21],"floor_reached":51,"campfire_rested":3,"playtime":2581,"current_hp_per_floor":[63,61,61,58,58,57,57,57,57,46,46,46,29,29,50,8,55,54,54,54,54,54,35,56,56,56,56,56,56,63,63,63,60,73,73,73,63,53,51,51,60,60,60,60,60,40,40,40,63,32],"items_purged":[],"gold":21,"score":1094,"play_id":"6c4c9385-2f64-43d4-a5b8-836f566b1e97","local_time":"20180414160649","is_prod":false,"is_daily":false,"chose_seed":false,"is_ascension_mode":true,"campfire_upgraded":7,"timestamp":1523736409,"path_taken":["M","M","M","?","M","E","R","M","T","?","R","M","E","?","R","BOSS","M","?","?","M","?","E","R","M","T","R","?","R","E","?","R","BOSS","M","M","?","?","M","R","E","R","T","M","?","E","M","$","R","BOSS"],"build_version":"2018-04-13","seed_source_timestamp":197643018860125,"purchased_purges":0,"victory":true,"master_deck":["Defend_G","Defend_G","Defend_G","Defend_G+1","Defend_G+1","Strike_G","Strike_G","Survivor","Neutralize+1","Die Die Die","Backflip","Leg Sweep+1","PiercingWail","Flying Knee","Malaise+1","Sucker Punch","Heel Hook","Predator","Cloak And Dagger+1","Adrenaline","A Thousand Cuts+1","Glass Knife+1","Skewer+1","Distraction+1","Backstab+1","Footwork","Escape Plan","Bouncing Flask","Cloak And Dagger+1","Finisher","Terror+1","After Image+1","Calculated Gamble+1","Madness+1","Madness","Secret Weapon","Mind Blast+1","Cloak And Dagger+1","Footwork+1","Leg Sweep","Heel Hook+1"],"max_hp_per_floor":[70,70,70,70,70,70,70,70,70,70,70,70,70,70,70,70,70,70,70,70,70,70,70,70,70,70,70,70,70,77,77,77,77,77,77,77,77,77,77,77,77,77,77,77,77,77,77,77,77,77],"relics":["Ring of the Snake","Paper Crane","The Specimen","Mummified Hand","Anchor","Bag of Preparation","War Paint","Astrolabe","Gremlin Horn","Question Card","Shuriken","Strawberry","Frozen Egg 2","Sozu","Letter Opener","Matryoshka","Happy Flower","Kunai","Oddly Smooth Stone"],"card_choices":[{"not_picked":["Dodge and Roll","Dagger Spray"],"picked":"Backflip","floor":1},{"not_picked":["PiercingWail","Heel Hook"],"picked":"Leg Sweep","floor":2},{"not_picked":["Underhanded Strike","Dagger Throw"],"picked":"PiercingWail","floor":3},{"not_picked":["Dodge and Roll","Slice"],"picked":"Flying Knee","floor":5},{"not_picked":["Dodge and Roll","Bane"],"picked":"Malaise","floor":6},{"not_picked":["Tactician","Poisoned Stab"],"picked":"Sucker Punch","floor":8},{"not_picked":["Sucker Punch","Dodge and Roll"],"picked":"Heel Hook","floor":12},{"not_picked":["Choke","Eviscerate"],"picked":"Predator","floor":13},{"not_picked":["Phantasmal Killer","Burst"],"picked":"Adrenaline","floor":16},{"not_picked":["Sucker Punch","Quick Slash"],"picked":"Distraction","floor":18},{"not_picked":["Bane","Infinite Blades"],"picked":"Backstab","floor":21},{"not_picked":["Die Die Die","PiercingWail"],"picked":"Bouncing Flask","floor":23},{"not_picked":["Quick Slash","Backflip","Deflect"],"picked":"Cloak And Dagger","floor":25},{"not_picked":["Endless Agony","Flying Knee","Poisoned Stab"],"picked":"Finisher","floor":28},{"not_picked":["A Thousand Cuts","Cloak And Dagger","Slice"],"picked":"Terror","floor":30},{"not_picked":["Glass Knife","Envenom","Adrenaline"],"picked":"After Image","floor":33},{"not_picked":["Expertise","Poisoned Stab","Underhanded Strike"],"picked":"Calculated Gamble","floor":36},{"not_picked":["Madness","Thinking Ahead","Secret Technique"],"picked":"Secret Weapon","floor":38},{"not_picked":["Dark Shackles","Madness","Secret Weapon"],"picked":"Good Instincts","floor":38},{"not_picked":["Swift Strike","Deep Breath","Good Instincts"],"picked":"Mind Blast","floor":38},{"not_picked":["Prepared","PiercingWail","Terror"],"picked":"Cloak And Dagger","floor":39},{"not_picked":["Dagger Throw","Flying Knee","Deadly Poison"],"picked":"Footwork","floor":44},{"not_picked":["Poisoned Stab","Escape Plan","Cloak And Dagger"],"picked":"Leg Sweep","floor":46},{"not_picked":["Dodge and Roll","Slice","Deadly Poison"],"picked":"Heel Hook","floor":47}],"player_experience":177334,"potions_floor_usage":[6,16,28,33,41,50],"damage_taken":[{"damage":0,"enemies":"Jaw Worm","floor":1,"turns":6},{"damage":2,"enemies":"Small Slimes","floor":2,"turns":4},{"damage":0,"enemies":"Cultist","floor":3,"turns":5},{"damage":0,"enemies":"2 Fungi Beasts","floor":5,"turns":4},{"damage":1,"enemies":"Lagavulin","floor":6,"turns":11},{"damage":0,"enemies":"Looter","floor":8,"turns":4},{"damage":0,"enemies":"Blue Slaver","floor":12,"turns":5},{"damage":17,"enemies":"Gremlin Nob","floor":13,"turns":6},{"damage":42,"enemies":"Slime Boss","floor":16,"turns":21},{"damage":1,"enemies":"Shell Parasite","floor":18,"turns":6},{"damage":0,"enemies":"2 Thieves","floor":21,"turns":3},{"damage":19,"enemies":"Slavers","floor":23,"turns":5},{"damage":0,"enemies":"Snecko","floor":25,"turns":5},{"damage":0,"enemies":"3 Cultists","floor":28,"turns":3},{"damage":0,"enemies":"Gremlin Leader","floor":30,"turns":4},{"damage":3,"enemies":"Champ","floor":33,"turns":10},{"damage":0,"enemies":"3 Darklings","floor":35,"turns":3},{"damage":0,"enemies":"Orb Walker","floor":36,"turns":2},{"damage":2,"enemies":"Sphere and 2 Shapes","floor":39,"turns":3},{"damage":0,"enemies":"2 Orb Walkers","floor":41,"turns":4},{"damage":0,"enemies":"Maw","floor":44,"turns":4},{"damage":20,"enemies":"Giant Head","floor":46,"turns":6},{"damage":0,"enemies":"3 Darklings","floor":47,"turns":3},{"damage":31,"enemies":"Awakened One","floor":50,"turns":14}],"event_choices":[{"event_name":"Scrap Ooze","player_choice":"success","floor":4,"damage_taken":3},{"event_name":"World of Goop","player_choice":"Gather Gold","floor":10,"damage_taken":0},{"event_name":"Ghosts","player_choice":"Ignored","floor":19,"damage_taken":0},{"event_name":"Winding Halls","player_choice":"Embrace Madness","floor":37,"damage_taken":0},{"event_name":"SensoryStone","player_choice":"Memory 3","floor":38,"damage_taken":0}],"boss_relics":[{"not_picked":["Ectoplasm","White Beast Statue"],"picked":"Astrolabe"},{"not_picked":["Cursed Key","Tiny House"],"picked":"Sozu"}],"potions_floor_spawned":[5,12,13,16,23,25,30,36,44],"seed_played":"-7183146976815751204","ascension_level":7,"is_trial":false}