{"path_per_floor":["M","?","?","M","M","E","?","E","T","T","M","R","M","M","R","B",null,"M","T","M","M","?"],"character_chosen":"THE_SILENT","items_purchased":[],"gold_per_floor":[110,110,110,124,136,195,195,225,225,225,240,240,251,271,271,371,371,311,311,322,334,334],"floor_reached":23,"campfire_rested":2,"playtime":1525,"current_hp_per_floor":[70,70,56,56,56,32,32,19,19,19,20,41,28,27,48,39,70,66,66,68,43,43],"items_purged":[],"gold":334,"score":231,"play_id":"1db7d235-63fb-406b-bf6b-feb4e34b4f7f","local_time":"20180305214206","is_prod":false,"is_daily":false,"is_ascension_mode":true,"campfire_upgraded":0,"timestamp":1520304126,"path_taken":["M","?","?","?","M","E","?","E","T","?","?","R","?","M","R","BOSS","M","?","M","M","?","E"],"build_version":"2018-03-01-PROD1","purchased_purges":0,"victory":false,"master_deck":["Defend_G","Defend_G+1","Defend_G","Defend_G+1","Defend_G","Strike_G","Strike_G","Strike_G","Strike_G","Survivor","Neutralize","Unload","Poisoned Stab","Dash","Outmaneuver","Caltrops","After Image","Flying Knee","Well Laid Plans","Backflip","Night Terror","Slice+1","Noxious Fumes","Bouncing Flask+1","Dodge and Roll+1"],"max_hp_per_floor":[70,70,70,70,70,70,70,70,70,70,70,70,70,70,70,70,70,70,70,70,70,70],"relics":["Ring of the Snake","NeowsBlessing","Tiny Chest","Tough Bandages","Blood Vial","Prayer Wheel","Velvet Choker","Ornamental Fan"],"card_choices":[{"not_picked":["Catalyst","Slice"],"picked":"Unload"},{"not_picked":["Poisoned Stab","Acrobatics"],"picked":"Dash"},{"not_picked":["Dagger Spray","Poisoned Stab"],"picked":"Outmaneuver"},{"not_picked":["Dash","Concentrate"],"picked":"Caltrops"},{"not_picked":["Underhanded Strike","Terror"],"picked":"After Image"},{"not_picked":["Slice","Outmaneuver"],"picked":"Flying Knee"},{"not_picked":["Deadly Poison","Crippling Poison"],"picked":"Well Laid Plans"},{"not_picked":["Accuracy","Acrobatics"],"picked":"Backflip"},{"not_picked":["Envenom","Glass Knife"],"picked":"Night Terror"},{"not_picked":["Bouncing Flask","Outmaneuver"],"picked":"Slice"},{"not_picked":["Deadly Poison","Acrobatics"],"picked":"Noxious Fumes"},{"not_picked":["Outmaneuver","Setup"],"picked":"Bouncing Flask"},{"not_picked":["Deadly Poison","Acrobatics"],"picked":"Dodge and Roll"}],"player_experience":418161,"potions_floor_usage":[8,8,16,16,23],"damage_taken":[{"damage":0,"enemies":"2 Louse","floor":1,"turns":1},{"damage":0,"enemies":"Cultist","floor":4,"turns":1},{"damage":0,"enemies":"Jaw Worm","floor":5,"turns":1},{"damage":24,"enemies":"Gremlin Nob","floor":6,"turns":5},{"damage":13,"enemies":"3 Sentries","floor":8,"turns":8},{"damage":1,"enemies":"Looter","floor":11,"turns":4},{"damage":15,"enemies":"Exordium Thugs","floor":13,"turns":5},{"damage":3,"enemies":"Red Slaver","floor":14,"turns":4},{"damage":11,"enemies":"The Guardian","floor":16,"turns":14},{"damage":4,"enemies":"2 Thieves","floor":18,"turns":4},{"damage":0,"enemies":"Shell Parasite","floor":20,"turns":5},{"damage":27,"enemies":"Chosen and Byrds","floor":21,"turns":4},{"damage":55,"enemies":"Gremlin Leader","floor":23,"turns":6}],"event_choices":[{"event_name":"Transmorgrifier","player_choice":"Transform","floor":2,"damage_taken":0},{"event_name":"Shining Light","player_choice":"Entered Light","floor":3,"damage_taken":0},{"event_name":"The Lab","player_choice":"Got Potions","floor":7,"damage_taken":0},{"event_name":"Drug Dealer","player_choice":"Ignored","floor":22,"damage_taken":0}],"boss_relics":[{"not_picked":["Calling Bell","Snecko Eye"],"picked":"Velvet Choker"}],"potions_floor_spawned":[1,4,11,14,21],"seed_played":"-7822841315417994844","killed_by":"Gremlin Leader","ascension_level":3,"is_trial":false}