{"path_per_floor":["M","?","$","M","M","E","R","M","T","M","?","?","M","?","R","B",null,"M","M","M","$","M"],"character_chosen":"DEFECT","items_purchased":["Auto Shields","Sunder","Sweeping Beam"],"gold_per_floor":[110,110,40,58,77,102,102,112,112,122,122,122,141,141,141,238,238,248,228,239,143,161,161],"floor_reached":23,"campfire_rested":2,"playtime":1221,"current_hp_per_floor":[75,75,75,75,75,26,48,47,47,47,40,25,25,50,72,16,75,75,75,67,67,38,0],"items_purged":[],"gold":161,"score":195,"play_id":"4cf05616-54c6-4ccf-a2fe-4be1d39d9cda","local_time":"20180428235906","is_prod":false,"is_daily":false,"chose_seed":false,"is_ascension_mode":false,"campfire_upgraded":0,"timestamp":1524974346,"path_taken":["M","?","?","M","?","E","R","M","T","M","?","?","M","?","R","BOSS","M","M","M","$","?","M"],"build_version":"2018-04-27v3","seed_source_timestamp":1437093385740921,"purchased_purges":0,"victory":false,"master_deck":["Strike_B","Strike_B","Strike_B","Defend_B","Defend_B","Defend_B","Defend_B+1","Zap","Dualcast","Leap","Auto Shields+1","Go for the Eyes","Auto Shields","Cold Snap","Auto Shields","Cold Snap","Seek","Thunder Strike","Go for the Eyes","Glacier","Reinforced Body+1","Sunder","Sweeping Beam","Leap"],"max_hp_per_floor":[75,75,75,75,75,75,75,75,75,75,75,75,75,75,75,75,75,75,75,75,75,75,75],"relics":["Cracked Core","NeowsBlessing","Smiling Mask","Ice Cream","Sozu"],"card_choices":[{"not_picked":["Reprogram","Blizzard"],"picked":"Leap","floor":1},{"not_picked":["Skim","Hello World"],"picked":"Go for the Eyes","floor":4},{"not_picked":["Coolheaded","White Noise"],"picked":"Auto Shields","floor":5},{"not_picked":["Ball Lightning","Capacitor"],"picked":"Cold Snap","floor":6},{"not_picked":["Aggregate","Beam Cell"],"picked":"Auto Shields","floor":8},{"not_picked":["Barrage","Impulse"],"picked":"Cold Snap","floor":10},{"not_picked":["Barrage","Cold Snap"],"picked":"Seek","floor":13},{"not_picked":["Prime","Nova"],"picked":"Thunder Strike","floor":16},{"not_picked":["Cold Snap","Hologram"],"picked":"Go for the Eyes","floor":18},{"not_picked":["Cold Snap","Axe Kick"],"picked":"Glacier","floor":19},{"not_picked":["Hologram","Reprogram"],"picked":"Reinforced Body","floor":20},{"not_picked":["Hello World","Reinforced Body"],"picked":"Leap","floor":22}],"player_experience":320204,"potions_floor_usage":[23],"damage_taken":[{"damage":0,"enemies":"2 Louse","floor":1,"turns":1},{"damage":0,"enemies":"Jaw Worm","floor":4,"turns":1},{"damage":0,"enemies":"Cultist","floor":5,"turns":1},{"damage":49,"enemies":"Lagavulin","floor":6,"turns":10},{"damage":1,"enemies":"Exordium Wildlife","floor":8,"turns":4},{"damage":0,"enemies":"Blue Slaver","floor":10,"turns":4},{"damage":0,"enemies":"2 Fungi Beasts","floor":13,"turns":4},{"damage":56,"enemies":"The Guardian","floor":16,"turns":21},{"damage":0,"enemies":"Shell Parasite","floor":18,"turns":13},{"damage":0,"enemies":"2 Thieves","floor":19,"turns":4},{"damage":8,"enemies":"Centurion and Healer","floor":20,"turns":17},{"damage":29,"enemies":"3 Cultists","floor":22,"turns":9},{"damage":40,"enemies":"Cultist and Chosen","floor":23,"turns":4}],"event_choices":[{"event_name":"Liars Game","player_choice":"disagreed","floor":2,"damage_taken":0},{"event_name":"Golden Wing","player_choice":"Card Removal","floor":11,"damage_taken":0},{"event_name":"Shining Light","player_choice":"Entered Light","floor":12,"damage_taken":0},{"event_name":"Big Fish","player_choice":"Banana","floor":14,"damage_taken":0}],"boss_relics":[{"not_picked":["Tiny House","Inserter"],"picked":"Sozu"}],"potions_floor_spawned":[1,8,16,22],"seed_played":"8288226356269269519","killed_by":"Cultist and Chosen","ascension_level":0,"is_trial":false}