{"gold_per_floor":[116,127,127,105,122,122,134,152,152,170,186,213,213,223,223,322,322,340,340,350,55,0,0,12,12,58,70,82,44,74,86,98,209,221,248,260,272,304,6,39,39,39,39,52,87,87,11,31,31,31],"floor_reached":50,"playtime":1576,"items_purged":[],"score":602,"play_id":"9b992c63-81c9-49da-86b6-1a2d7c0f7082","local_time":"20190115185953","is_ascension_mode":true,"campfire_choices":[{"data":"Bash","floor":6,"key":"SMITH"},{"floor":13,"key":"REST"},{"floor":15,"key":"REST"},{"floor":23,"key":"REST"},{"floor":28,"key":"REST"},{"floor":32,"key":"REST"},{"floor":41,"key":"REST"},{"floor":46,"key":"REST"},{"floor":49,"key":"REST"}],"neow_cost":"NONE","seed_source_timestamp":518336104177053,"circlet_count":0,"master_deck":["Strike_R","Strike_R","Strike_R","Strike_R","Strike_R","Defend_R","Defend_R","Defend_R","Defend_R","Bash+1","Spot Weakness","Sword Boomerang","Shockwave","Perfected Strike","Heavy Blade","Evolve","Anger","Fire Breathing","Feed","Spot Weakness","Impervious","True Grit+1","Armaments","Whirlwind","Headbutt+1","Reaper","Shrug It Off","Sword Boomerang+1","Offering","Rupture+1","Pommel Strike+1","Flame Barrier+1","Corruption","Twin Strike","Armaments"],"relics":["Burning Blood","NeowsBlessing","Matryoshka","Paper Frog","Velvet Choker","Prayer Wheel","PreservedInsect","MawBank","Nunchaku","Sozu","Pen Nib","Happy Flower","Bird Faced Urn","Vajra","Lantern","Red Skull"],"potions_floor_usage":[7,16,33,33,50],"damage_taken":[{"damage":0,"enemies":"Cultist","floor":1,"turns":1},{"damage":0,"enemies":"Small Slimes","floor":2,"turns":1},{"damage":0,"enemies":"2 Louse","floor":5,"turns":1},{"damage":10,"enemies":"2 Fungi Beasts","floor":7,"turns":4},{"damage":37,"enemies":"Exordium Thugs","floor":8,"turns":4},{"damage":11,"enemies":"Looter","floor":10,"turns":3},{"damage":8,"enemies":"Blue Slaver","floor":11,"turns":3},{"damage":35,"enemies":"3 Sentries","floor":12,"turns":7},{"damage":13,"enemies":"Large Slime","floor":14,"turns":4},{"damage":41,"enemies":"The Guardian","floor":16,"turns":9},{"damage":29,"enemies":"Shell Parasite","floor":18,"turns":4},{"damage":43,"enemies":"Colosseum Slavers","floor":19,"turns":4},{"damage":28,"enemies":"2 Thieves","floor":20,"turns":4},{"damage":13,"enemies":"Snecko","floor":24,"turns":3},{"damage":34,"enemies":"Snake Plant","floor":30,"turns":5},{"damage":67,"enemies":"Collector","floor":33,"turns":9},{"damage":28,"enemies":"Orb Walker","floor":35,"turns":4},{"damage":17,"enemies":"3 Darklings","floor":38,"turns":5},{"damage":66,"enemies":"Nemesis","floor":40,"turns":5},{"damage":20,"enemies":"Maw","floor":44,"turns":6},{"damage":31,"enemies":"Reptomancer","floor":45,"turns":4},{"damage":44,"enemies":"Sphere and 2 Shapes","floor":48,"turns":7},{"damage":90,"enemies":"Awakened One","floor":50,"turns":7}],"seed_played":"-2811815023235280376","potions_obtained":[{"floor":1,"key":"Swift Potion"},{"floor":2,"key":"Weak Potion"},{"floor":7,"key":"Fruit Juice"},{"floor":8,"key":"FairyPotion"},{"floor":14,"key":"AttackPotion"},{"floor":20,"key":"FearPotion"},{"floor":33,"key":"SpeedPotion"}],"is_trial":false,"path_per_floor":["M","M","?","$","M","R","M","M","T","M","M","E","R","M","R","B",null,"M","?","M","$","?","R","M","$","T","?","R","?","M","?","R","B",null,"M","?","?","M","$","E","R","?","T","M","E","R","$","M","R","B"],"character_chosen":"IRONCLAD","items_purchased":["Sword Boomerang","Prayer Wheel","Pen Nib","Happy Flower","Corruption"],"campfire_rested":8,"item_purchase_floors":[4,21,39,39,47],"current_hp_per_floor":[80,80,85,85,85,85,86,55,55,50,48,19,46,39,66,31,90,67,33,11,11,11,38,31,31,31,31,58,58,30,30,57,15,93,74,74,74,74,74,14,41,41,41,27,28,55,55,52,80,0],"gold":31,"neow_bonus":"THREE_ENEMY_KILL","is_prod":false,"is_daily":false,"chose_seed":false,"campfire_upgraded":1,"win_rate":0,"timestamp":1547596793,"path_taken":["M","?","?","$","M","R","M","M","T","M","M","E","R","M","R","BOSS","M","?","M","$","?","R","M","$","T","?","R","?","?","?","R","BOSS","M","?","?","M","?","E","R","?","T","M","E","R","$","M","R","BOSS"],"build_version":"2019-01-14v2","purchased_purges":0,"victory":false,"max_hp_per_floor":[80,80,85,85,85,85,90,90,90,90,90,90,90,90,90,90,90,90,93,93,93,93,93,93,93,93,93,93,93,93,93,93,93,93,96,91,91,91,91,91,91,91,91,91,91,91,91,94,94,94],"card_choices":[{"not_picked":["Iron Wave","Sword Boomerang"],"picked":"Spot Weakness","floor":1},{"not_picked":["Body Slam","Entrench","Havoc"],"picked":"SKIP","floor":2},{"not_picked":["Metallicize","Pommel Strike"],"picked":"Shockwave","floor":5},{"not_picked":["Rupture","Clothesline"],"picked":"Perfected Strike","floor":7},{"not_picked":["Thunderclap","Warcry"],"picked":"Heavy Blade","floor":8},{"not_picked":["Warcry","Sword Boomerang"],"picked":"Evolve","floor":10},{"not_picked":["Double Tap","Fire Breathing"],"picked":"Anger","floor":11},{"not_picked":["Warcry","Blood for Blood","Body Slam"],"picked":"SKIP","floor":12},{"not_picked":["Cleave","Body Slam"],"picked":"Fire Breathing","floor":14},{"not_picked":["Impervious","Brutality"],"picked":"Feed","floor":16},{"not_picked":["Sword Boomerang","Iron Wave"],"picked":"Spot Weakness","floor":18},{"not_picked":["Spot Weakness","True Grit"],"picked":"Impervious","floor":20},{"not_picked":["Armaments","Sword Boomerang"],"picked":"True Grit+1","floor":24},{"not_picked":["Wild Strike","Iron Wave+1"],"picked":"Armaments","floor":24},{"not_picked":["Armaments","Clothesline+1"],"picked":"Whirlwind","floor":30},{"not_picked":["Body Slam","Dual Wield"],"picked":"Headbutt+1","floor":30},{"not_picked":["Offering","Impervious"],"picked":"Reaper","floor":33},{"not_picked":["Clash+1","Spot Weakness+1"],"picked":"Shrug It Off","floor":35},{"not_picked":["Thunderclap+1","Battle Trance","Uppercut"],"picked":"SKIP","floor":35},{"not_picked":["Rage","Iron Wave"],"picked":"Sword Boomerang+1","floor":38},{"not_picked":["Ghostly Armor+1","Searing Blow+1","Warcry"],"picked":"SKIP","floor":38},{"not_picked":["Sever Soul","Ghostly Armor+1"],"picked":"Offering","floor":40},{"not_picked":["Warcry","Iron Wave+1"],"picked":"Rupture+1","floor":44},{"not_picked":["Warcry+1","Armaments"],"picked":"Pommel Strike+1","floor":44},{"not_picked":["Infernal Blade","Twin Strike"],"picked":"Flame Barrier+1","floor":45},{"not_picked":["Warcry","Sword Boomerang"],"picked":"Twin Strike","floor":48},{"not_picked":["Carnage","Body Slam"],"picked":"Armaments","floor":48}],"player_experience":1261860,"relics_obtained":[{"floor":9,"key":"Matryoshka"},{"floor":12,"key":"Paper Frog"},{"floor":26,"key":"PreservedInsect"},{"floor":26,"key":"MawBank"},{"floor":40,"key":"Bird Faced Urn"},{"floor":43,"key":"Vajra"},{"floor":43,"key":"Lantern"},{"floor":45,"key":"Red Skull"}],"event_choices":[{"damage_healed":0,"gold_gain":0,"player_choice":"Donut","damage_taken":0,"max_hp_gain":5,"max_hp_loss":0,"event_name":"Big Fish","floor":3,"gold_loss":0},{"damage_healed":0,"gold_gain":0,"player_choice":"Fight","damage_taken":0,"max_hp_gain":0,"max_hp_loss":0,"event_name":"Colosseum","floor":19,"gold_loss":0},{"damage_healed":0,"gold_gain":0,"player_choice":"Fled From Nobs","damage_taken":0,"max_hp_gain":0,"max_hp_loss":0,"event_name":"Colosseum","floor":19,"gold_loss":0},{"damage_healed":0,"gold_gain":0,"player_choice":"Paid Fearfully","damage_taken":0,"max_hp_gain":0,"max_hp_loss":0,"event_name":"Masked Bandits","floor":22,"gold_loss":55},{"damage_healed":0,"gold_gain":0,"player_choice":"Bet on Owner","damage_taken":0,"max_hp_gain":0,"max_hp_loss":0,"event_name":"The Joust","floor":29,"gold_loss":50},{"damage_healed":0,"gold_gain":0,"player_choice":"Opened","damage_taken":0,"relics_obtained":["Nunchaku"],"max_hp_gain":0,"max_hp_loss":0,"event_name":"The Mausoleum","floor":31,"gold_loss":0},{"damage_healed":0,"gold_gain":0,"player_choice":"Max HP","damage_taken":0,"max_hp_gain":0,"max_hp_loss":5,"event_name":"Winding Halls","floor":36,"gold_loss":0},{"damage_healed":0,"gold_gain":0,"player_choice":"Ignored","damage_taken":0,"max_hp_gain":0,"max_hp_loss":0,"event_name":"Tomb of Lord Red Mask","floor":37,"gold_loss":0},{"damage_healed":0,"gold_gain":0,"player_choice":"Ignored","damage_taken":0,"max_hp_gain":0,"max_hp_loss":0,"event_name":"SecretPortal","floor":42,"gold_loss":0}],"is_beta":true,"boss_relics":[{"not_picked":["Orrery","Eternal Feather"],"picked":"Velvet Choker"},{"not_picked":["Mark of Pain","Coffee Dripper"],"picked":"Sozu"}],"items_purged_floors":[],"is_endless":false,"potions_floor_spawned":[1,2,7,8,14,20,24,30,33,40,45,48],"killed_by":"Awakened One","ascension_level":3}