{"gold_per_floor":[111,111,111,130,142,142,159,191,245,260,260,260,360,377,377,477,477,495,495,150,150,37,37],"floor_reached":23,"playtime":852,"items_purged":["Strike_R"],"score":198,"play_id":"e35b1976-7692-4cdc-8521-bffe81c7ee80","local_time":"20190104220754","is_ascension_mode":true,"campfire_choices":[{"data":"Armaments","floor":6,"key":"SMITH"},{"floor":12,"key":"REST"},{"data":"Flex","floor":15,"key":"SMITH"}],"neow_cost":"NONE","seed_source_timestamp":352769387725442,"circlet_count":0,"master_deck":["Strike_R","Strike_R","Strike_R","Strike_R","Defend_R","Defend_R+1","Defend_R","Defend_R+1","Bash","True Grit","Armaments+1","Wild Strike","Flex+1","Cleave","Corruption","Rage","Offering","Whirlwind+1","Evolve","Power Through"],"relics":["Burning Blood","War Paint","Smiling Mask","Tiny Chest","Gremlin Horn","Cursed Key","Calipers"],"potions_floor_usage":[10,16,18,18],"damage_taken":[{"damage":2,"enemies":"Small Slimes","floor":1,"turns":5},{"damage":3,"enemies":"Jaw Worm","floor":4,"turns":3},{"damage":0,"enemies":"2 Louse","floor":5,"turns":3},{"damage":19,"enemies":"Gremlin Gang","floor":7,"turns":8},{"damage":36,"enemies":"3 Sentries","floor":8,"turns":12},{"damage":0,"enemies":"3 Louse","floor":10,"turns":2},{"damage":4,"enemies":"Looter","floor":14,"turns":4},{"damage":25,"enemies":"Slime Boss","floor":16,"turns":8},{"damage":35,"enemies":"Spheric Guardian","floor":18,"turns":5},{"damage":24,"enemies":"Colosseum Slavers","floor":21,"turns":4},{"damage":42,"enemies":"Gremlin Leader","floor":23,"turns":5}],"seed_played":"7350510152378333289","potions_obtained":[{"floor":4,"key":"SneckoOil"},{"floor":8,"key":"Block Potion"},{"floor":10,"key":"Energy Potion"},{"floor":14,"key":"Fire Potion"}],"is_trial":false,"path_per_floor":["M","?","$","M","M","R","M","E","T","M","T","R","?","M","R","B",null,"M","?","$","?","$","E"],"character_chosen":"IRONCLAD","items_purchased":["Calipers","Evolve","Power Through"],"campfire_rested":1,"item_purchase_floors":[20,22,22],"current_hp_per_floor":[80,80,80,80,80,80,67,37,37,43,43,67,67,69,69,50,80,51,51,51,33,33,0],"gold":37,"neow_bonus":"RANDOM_COMMON_RELIC","is_prod":false,"is_daily":false,"chose_seed":false,"campfire_upgraded":2,"win_rate":0,"timestamp":1546657674,"path_taken":["M","?","$","M","M","R","M","E","T","M","?","R","?","?","R","BOSS","M","?","$","?","$","E"],"build_version":"2019-01-03v4","purchased_purges":1,"victory":false,"max_hp_per_floor":[80,80,80,80,80,80,80,80,80,80,80,80,80,80,80,80,80,80,80,80,80,80,80],"card_choices":[{"not_picked":["Perfected Strike","Body Slam"],"picked":"True Grit","floor":1},{"not_picked":["Searing Blow","Ghostly Armor"],"picked":"Armaments","floor":4},{"not_picked":["Combust","Anger"],"picked":"Wild Strike","floor":5},{"not_picked":["Clash","Wild Strike"],"picked":"Flex","floor":7},{"not_picked":["Dual Wield","Fire Breathing"],"picked":"Cleave","floor":8},{"not_picked":["Cleave","Headbutt"],"picked":"Corruption","floor":10},{"not_picked":["Bloodletting","True Grit"],"picked":"Rage","floor":14},{"not_picked":["Brutality","Bludgeon"],"picked":"Offering","floor":16},{"not_picked":["Anger","Second Wind"],"picked":"Whirlwind+1","floor":18}],"player_experience":1166877,"relics_obtained":[{"floor":8,"key":"Smiling Mask"},{"floor":9,"key":"Tiny Chest"},{"floor":11,"key":"Gremlin Horn"}],"event_choices":[{"damage_healed":0,"gold_gain":0,"player_choice":"Ignored","damage_taken":0,"max_hp_gain":0,"max_hp_loss":0,"event_name":"Liars Game","floor":2,"gold_loss":0},{"damage_healed":0,"gold_gain":100,"player_choice":"Pray","damage_taken":0,"max_hp_gain":0,"max_hp_loss":0,"event_name":"Golden Shrine","floor":13,"gold_loss":0},{"damage_healed":0,"gold_gain":0,"player_choice":"Ignored","damage_taken":0,"max_hp_gain":0,"max_hp_loss":0,"event_name":"Ghosts","floor":19,"gold_loss":0},{"damage_healed":0,"gold_gain":0,"player_choice":"Fight","damage_taken":0,"max_hp_gain":0,"max_hp_loss":0,"event_name":"Colosseum","floor":21,"gold_loss":0},{"damage_healed":0,"gold_gain":0,"player_choice":"Fled From Nobs","damage_taken":0,"max_hp_gain":0,"max_hp_loss":0,"event_name":"Colosseum","floor":21,"gold_loss":0}],"is_beta":true,"boss_relics":[{"not_picked":["Ectoplasm","Velvet Choker"],"picked":"Cursed Key"}],"items_purged_floors":[20],"is_endless":false,"potions_floor_spawned":[4,8,10,14],"killed_by":"Gremlin Leader","ascension_level":1}