{"gold_per_floor":[112,132,145,145,21,21,38,38,38,38,38,38,38,51,51,156,156,123,139,158,158,173,173,192,192,192,207,219,229,229,241,241,241],"floor_reached":33,"playtime":2567,"items_purged":[],"score":268,"play_id":"84c88c7f-ade3-425b-bc93-e0fb01df4a4f","local_time":"20190109221839","is_ascension_mode":false,"campfire_choices":[{"data":"Catalyst","floor":6.0,"key":"SMITH"},{"floor":8.0,"key":"REST"},{"data":"Outmaneuver","floor":10.0,"key":"SMITH"},{"floor":15.0,"key":"REST"},{"floor":23.0,"key":"REST"},{"floor":25.0,"key":"REST"},{"floor":30,"key":"REST"},{"floor":32,"key":"REST"}],"neow_cost":"NONE","seed_source_timestamp":0,"circlet_count":0,"master_deck":["Defend_G","Defend_G","Defend_G","Defend_G","Defend_G","Strike_G","Strike_G","Survivor","Neutralize","Night Terror","Outmaneuver+1","Deadly Poison","Endless Agony","Catalyst+1","Outmaneuver","Flechettes","Iron Wave","Acrobatics","Adrenaline","Deadly Poison","Masterful Stab+1","Flying Knee+1","Distraction+1","Deflect","A Thousand Cuts","Poisoned Stab+1","Deflect"],"special_seed":0,"relics":["Ring of the Serpent","Nloth\u0027s Gift","Bottled Flame"],"potions_floor_usage":[28,29,33,33],"damage_taken":[{"damage":0.0,"enemies":"2 Louse","floor":1.0,"turns":3.0},{"damage":0.0,"enemies":"Jaw Worm","floor":2.0,"turns":5.0},{"damage":2.0,"enemies":"Small Slimes","floor":3.0,"turns":5.0},{"damage":30.0,"enemies":"Gremlin Gang","floor":7.0,"turns":9.0},{"damage":3.0,"enemies":"Lots of Slimes","floor":14.0,"turns":5.0},{"damage":9.0,"enemies":"The Guardian","floor":16.0,"turns":4.0},{"damage":15.0,"enemies":"2 Thieves","floor":18.0,"turns":5.0},{"damage":0.0,"enemies":"Chosen","floor":19.0,"turns":5.0},{"damage":16.0,"enemies":"Centurion and Healer","floor":20.0,"turns":6.0},{"damage":4.0,"enemies":"3 Cultists","floor":22.0,"turns":4.0},{"damage":10.0,"enemies":"Snecko","floor":24.0,"turns":3.0},{"damage":3.0,"enemies":"Snake Plant","floor":27.0,"turns":3.0},{"damage":19,"enemies":"Sentry and Sphere","floor":28,"turns":8},{"damage":36,"enemies":"Cultist and Chosen","floor":29,"turns":8},{"damage":20,"enemies":"3 Cultists","floor":31,"turns":8},{"damage":22,"enemies":"Automaton","floor":33,"turns":6}],"seed_played":"3871990046042956391","potions_obtained":[{"floor":1.0,"key":"Strength Potion"},{"floor":3.0,"key":"GhostInAJar"},{"floor":7.0,"key":"Swift Potion"},{"floor":16.0,"key":"Poison Potion"},{"floor":19.0,"key":"SpeedPotion"},{"floor":24.0,"key":"AttackPotion"},{"floor":29,"key":"Poison Potion"},{"floor":31,"key":"Poison Potion"}],"is_trial":false,"path_per_floor":["M","M","M","?","$","R","M","R","T","R","$","?","?","M","R","B",null,"M","M","M","?","M","R","M","R","T","M","M","M","R","M","R","B"],"character_chosen":"THE_SILENT","items_purchased":["Catalyst","Outmaneuver"],"campfire_rested":6,"item_purchase_floors":[5,5],"current_hp_per_floor":[70,70,68,68,68,68,38,59,59,59,59,52,52,49,70,61,70,55,55,39,39,35,56,46,67,67,64,45,9,30,10,31,9],"gold":241,"neow_bonus":"ONE_RANDOM_RARE_CARD","is_prod":false,"is_daily":false,"chose_seed":false,"campfire_upgraded":2,"win_rate":0.0,"timestamp":1547090319,"path_taken":["M","M","M","?","$","R","M","R","T","R","$","?","?","?","R","BOSS","M","?","?","?","?","R","M","R","T","M","M","M","R","M","R","BOSS"],"build_version":"2019-01-03v4","purchased_purges":0,"victory":false,"max_hp_per_floor":[70,70,70,70,70,70,70,70,70,70,70,70,70,70,70,70,70,70,70,70,70,70,70,70,70,70,70,70,70,70,70,70,70],"card_choices":[{"not_picked":["PiercingWail","Expertise","Eviscerate"],"picked":"SKIP","floor":1.0},{"not_picked":["Bane","Sucker Punch"],"picked":"Outmaneuver","floor":2.0},{"not_picked":["Skewer","Backflip"],"picked":"Deadly Poison","floor":3.0},{"not_picked":["Distraction","Skewer"],"picked":"Flechettes","floor":7.0},{"not_picked":["A Thousand Cuts","Flechettes"],"picked":"Acrobatics","floor":14.0},{"not_picked":["Bullet Time","Wraith Form v2"],"picked":"Adrenaline","floor":16.0},{"not_picked":["Dagger Spray","Poisoned Stab"],"picked":"Deadly Poison","floor":18.0},{"not_picked":["Backflip","Dodge and Roll"],"picked":"Masterful Stab+1","floor":19.0},{"not_picked":["Slice","PiercingWail"],"picked":"Flying Knee+1","floor":20.0},{"not_picked":["Slice","Crippling Poison","Eviscerate"],"picked":"SKIP","floor":22.0},{"not_picked":["Sucker Punch","Escape Plan"],"picked":"Distraction+1","floor":24.0},{"not_picked":["Quick Slash","Sucker Punch+1"],"picked":"Deflect","floor":27.0},{"not_picked":["Bane","Eviscerate"],"picked":"A Thousand Cuts","floor":28},{"not_picked":["Leg Sweep+1","Phantasmal Killer"],"picked":"Poisoned Stab+1","floor":29},{"not_picked":["Underhanded Strike+1","Calculated Gamble+1"],"picked":"Deflect","floor":31}],"player_experience":23993,"relics_obtained":[{"floor":9.0,"key":"Darkstone Periapt"},{"floor":26.0,"key":"Bottled Flame"}],"event_choices":[{"damage_healed":0.0,"max_hp_gain":0.0,"max_hp_loss":0.0,"gold_gain":0.0,"cards_transformed":["Strike_G"],"event_name":"Living Wall","player_choice":"Change","floor":4.0,"gold_loss":0.0,"damage_taken":0.0,"cards_obtained":["Endless Agony"]},{"cards_removed":["Strike_G"],"damage_healed":0.0,"max_hp_gain":0.0,"max_hp_loss":0.0,"gold_gain":0.0,"event_name":"Golden Wing","player_choice":"Card Removal","floor":12.0,"gold_loss":0.0,"damage_taken":7.0},{"cards_removed":["Strike_G"],"damage_healed":0.0,"max_hp_gain":0.0,"max_hp_loss":0.0,"gold_gain":0.0,"event_name":"NoteForYourself","player_choice":"Took Card","floor":13.0,"gold_loss":0.0,"damage_taken":0.0,"cards_obtained":["Iron Wave"]},{"damage_healed":0.0,"max_hp_gain":0.0,"max_hp_loss":0.0,"gold_gain":0.0,"event_name":"N\u0027loth","player_choice":"Traded Relic","floor":21.0,"relics_lost":["Darkstone Periapt"],"gold_loss":0.0,"damage_taken":0.0,"relics_obtained":["Nloth\u0027s Gift"]}],"is_beta":false,"boss_relics":[{"not_picked":["Orrery","Lizard Tail"],"picked":"Ring of the Serpent"}],"items_purged_floors":[],"is_endless":false,"potions_floor_spawned":[1,3,7,16,18,19,24,29,31],"killed_by":"Automaton","ascension_level":0}