{"path_per_floor":["M","M","M","M","?","R","E","R","T","?","M","?","M","M","R","B",null,"M","?","$","M","M","R","E","M","T","?","R","M","M","?","R","B",null,"M","?","$","M","M","R","M","?","T","M","M","?","M","T","R"],"character_chosen":"THE_SILENT","items_purchased":["Ice Cream","Ornamental Fan","Backflip"],"gold_per_floor":[115,126,141,156,156,156,185,185,185,185,203,281,300,316,316,445,445,459,459,76,70,85,85,124,145,168,168,168,191,207,207,207,335,335,351,409,13,29,50,50,71,71,71,95,118,118,131,131,131],"floor_reached":50,"campfire_rested":5,"playtime":8510,"current_hp_per_floor":[68,68,68,65,65,65,29,50,50,50,39,39,39,39,60,45,70,70,70,70,70,70,70,65,64,64,64,64,48,48,48,69,44,70,70,57,57,49,44,70,48,48,48,40,39,39,21,21,56],"items_purged":["Injury","Pain"],"gold":131,"score":471,"play_id":"1faacdff-d3c5-48d9-a054-6483c645f8e8","is_prod":false,"is_daily":false,"is_ascension_mode":false,"campfire_upgraded":3,"path_taken":["M","M","M","M","?","R","E","R","T","?","?","?","M","M","R","BOSS","M","?","$","M","M","R","E","M","T","?","R","M","M","?","R","BOSS","M","?","$","M","M","R","M","?","T","?","M","?","M","?","R","BOSS"],"build_version":"2018-02-22-PROD2","purchased_purges":2,"victory":false,"master_deck":["Defend_G+1","Defend_G+1","Defend_G+1","Defend_G+1","Defend_G+1","Strike_G+1","Strike_G+1","Strike_G+1","Strike_G+1","Survivor","Neutralize+1","Flying Knee","Flying Knee","Cloak And Dagger","Backflip","Venomology","Dash+1","Well Laid Plans","Caltrops","Burst+1","Cloak And Dagger+1","Blade Dance+1","Quick Slash+1","Infinite Blades","Cloak And Dagger+1","Skewer","Accuracy","Writhe","Phantasmal Killer+1","Setup+1","Prepared+1","Backflip+1","Cloak And Dagger+1","Skewer","Acrobatics+1","Decay","PiercingWail+1","Blur+1","Injury","Quick Slash"],"max_hp_per_floor":[70,70,70,70,70,70,70,70,70,70,70,70,70,70,70,70,70,70,70,70,70,70,70,70,70,70,70,70,70,70,70,70,70,70,70,70,70,70,70,70,70,70,70,70,70,70,70,70,70],"relics":["Ring of the Snake","Dodecahedron","Toxic Egg 2","Golden Idol","Cursed Key","Ice Cream","Shuriken","Anchor","Toolbox","Eternal Feather","Torii","Ornamental Fan","Dream Catcher","Bird Faced Urn"],"card_choices":[{"not_picked":["Outmaneuver","Expertise"],"picked":"Flying Knee"},{"not_picked":["Outmaneuver","PiercingWail"],"picked":"Flying Knee"},{"not_picked":["Crippling Poison","Skewer"],"picked":"Cloak And Dagger"},{"not_picked":["Escape Plan","Flying Knee"],"picked":"Backflip"},{"not_picked":["PiercingWail","Reflex"],"picked":"Venomology"},{"not_picked":["Bane","Dagger Spray"],"picked":"Dash"},{"not_picked":["Bane","Underhanded Strike"],"picked":"Well Laid Plans"},{"not_picked":["Bouncing Flask","Flying Knee"],"picked":"Caltrops"},{"not_picked":["A Thousand Cuts","Storm of Steel"],"picked":"Burst"},{"not_picked":["Dagger Throw","Dodge and Roll"],"picked":"Cloak And Dagger"},{"not_picked":["Malaise","PiercingWail"],"picked":"Blade Dance"},{"not_picked":["All Out Attack","Choke"],"picked":"Quick Slash"},{"not_picked":["Sucker Punch","Bouncing Flask"],"picked":"Infinite Blades"},{"not_picked":["Endless Agony","Masterful Stab"],"picked":"Cloak And Dagger"},{"not_picked":["Deflect","Quick Slash"],"picked":"Skewer"},{"not_picked":["Deflect","Crippling Poison"],"picked":"Accuracy"},{"not_picked":["Night Terror","Doppelganger"],"picked":"Phantasmal Killer"},{"not_picked":["Outmaneuver","Dagger Spray"],"picked":"Setup"},{"not_picked":["Slice","Dagger Throw"],"picked":"Prepared"},{"not_picked":["Slice","Reflex"],"picked":"Cloak And Dagger"},{"not_picked":["Choke","Backflip"],"picked":"Skewer"},{"not_picked":["Adrenaline","Bane"],"picked":"Acrobatics"},{"not_picked":["Outmaneuver","Dagger Spray"],"picked":"Footwork"},{"not_picked":["Deadly Poison","Dodge and Roll"],"picked":"PiercingWail"},{"not_picked":["Acrobatics","Dagger Throw"],"picked":"Blur"},{"not_picked":["Poisoned Stab","Leg Sweep"],"picked":"Quick Slash"}],"player_experience":231788,"potions_floor_usage":[11,11,16,16,18,24,24,25,25,29,30,30,33,33,33,36,36,38,39,39,44,45,45,45,47,50,50,50],"damage_taken":[{"damage":2,"enemies":"Jaw Worm","floor":1,"turns":7},{"damage":0,"enemies":"Cultist","floor":2,"turns":3},{"damage":0,"enemies":"2 Louse","floor":3,"turns":2},{"damage":3,"enemies":"2 Fungi Beasts","floor":4,"turns":4},{"damage":36,"enemies":"Gremlin Nob","floor":7,"turns":5},{"damage":11,"enemies":"Exordium Thugs","floor":11,"turns":4},{"damage":0,"enemies":"Looter","floor":13,"turns":3},{"damage":0,"enemies":"Blue Slaver","floor":14,"turns":5},{"damage":15,"enemies":"The Guardian","floor":16,"turns":15},{"damage":0,"enemies":"Shell Parasite","floor":18,"turns":6},{"damage":0,"enemies":"2 Thieves","floor":21,"turns":4},{"damage":0,"enemies":"Snecko","floor":22,"turns":6},{"damage":17,"enemies":"Slavers","floor":24,"turns":6},{"damage":1,"enemies":"Snake Plant","floor":25,"turns":5},{"damage":16,"enemies":"Sentry and Sphere","floor":29,"turns":4},{"damage":3,"enemies":"Snecko","floor":30,"turns":3},{"damage":35,"enemies":"Automaton","floor":33,"turns":8},{"damage":0,"enemies":"Orb Walker","floor":35,"turns":2},{"damage":13,"enemies":"Mysterious Sphere","floor":36,"turns":6},{"damage":8,"enemies":"3 Shapes","floor":38,"turns":7},{"damage":12,"enemies":"Sphere and 2 Shapes","floor":39,"turns":3},{"damage":22,"enemies":"Maw","floor":41,"turns":6},{"damage":8,"enemies":"4 Shapes","floor":44,"turns":11},{"damage":1,"enemies":"3 Darklings","floor":45,"turns":5},{"damage":18,"enemies":"Sphere and 2 Shapes","floor":47,"turns":6},{"damage":69,"enemies":"Time Eater","floor":50,"turns":10}],"event_choices":[{"event_name":"The Woman in Blue","player_choice":"Bought 0 Potions","floor":5,"damage_taken":0},{"event_name":"Golden Idol","player_choice":"Take Wound","floor":10,"damage_taken":0},{"event_name":"Golden Wing","player_choice":"Gained Gold","floor":12,"damage_taken":0},{"event_name":"Back to Basics","player_choice":"Simplicity","floor":19,"damage_taken":0},{"event_name":"Drug Dealer","player_choice":"Ignored","floor":27,"damage_taken":0},{"event_name":"The Mausoleum","player_choice":"Yes","floor":31,"damage_taken":0},{"event_name":"Mysterious Sphere","player_choice":"Fight","floor":36,"damage_taken":0},{"event_name":"The Lab","player_choice":"Got Potions","floor":42,"damage_taken":0}],"boss_relics":[{"not_picked":["Astrolabe","Snecko Eye"],"picked":"Cursed Key"},{"not_picked":["Runic Dome","Runic Pyramid"],"picked":"Eternal Feather"}],"potions_floor_spawned":[2,3,11,16,24,25,29,30,35,38,44,47],"seed_played":"6471082409486219399","killed_by":"Time Eater","ascension_level":0,"is_trial":false}