{"gold_per_floor":[112,112,131,131,131,159,174,201,201,201,226,3,14,24,24,122,122,132,132,165,179,103,103,122,122,200,300,311,367,387,78,78,179,179,199,212,212,227,52,79,79,89,113,125,138,138,167,187,187,187],"floor_reached":51,"playtime":3773,"items_purged":["Strike_R","Strike_R"],"score":1186,"play_id":"5b6aff08-14d1-42f2-8036-21f1526ba6f6","local_time":"20181205131841","is_ascension_mode":true,"campfire_choices":[{"floor":10,"key":"REST"},{"data":"Inflame","floor":15,"key":"SMITH"},{"data":"True Grit","floor":23,"key":"SMITH"},{"data":"Bash","floor":25,"key":"SMITH"},{"data":"Metallicize","floor":32,"key":"SMITH"},{"floor":41,"key":"RECALL"},{"floor":46,"key":"REST"},{"data":"Juggernaut","floor":49,"key":"SMITH"}],"neow_cost":"NONE","seed_source_timestamp":1704622031428625,"circlet_count":0,"master_deck":["AscendersBane","Strike_R+1","Strike_R","Defend_R+1","Defend_R","Defend_R+1","Bash+1","True Grit+1","Pommel Strike","Metallicize+1","Anger+1","Headbutt+1","Inflame+1","Uppercut+1","Iron Wave+1","Impervious","Disarm+1","Twin Strike+1","Rampage+1","Clothesline+1","Sword Boomerang+1","Juggernaut+1","Corruption","Dropkick+1","Reckless Charge+1","Thunderclap+1","Ghostly Armor+1","Flex+1"],"relics":["Burning Blood","NeowsBlessing","Regal Pillow","Molten Egg 2","Bronze Scales","Whetstone","Ancient Tea Set","Lantern","Busted Crown","Red Mask","Bottled Flame","Tiny Chest","Sling","Runic Pyramid","Orichalcum","Pear"],"potions_floor_usage":[8,18,29,33,35,36,38,40,45,50,50],"damage_taken":[{"damage":0,"enemies":"Small Slimes","floor":1,"turns":1},{"damage":0,"enemies":"Cultist","floor":3,"turns":1},{"damage":0,"enemies":"Gremlin Nob","floor":6,"turns":1},{"damage":0,"enemies":"2 Louse","floor":7,"turns":3},{"damage":45,"enemies":"Lagavulin","floor":8,"turns":6},{"damage":16,"enemies":"Gremlin Nob","floor":11,"turns":3},{"damage":8,"enemies":"Blue Slaver","floor":13,"turns":2},{"damage":7,"enemies":"Exordium Thugs","floor":14,"turns":3},{"damage":16,"enemies":"The Guardian","floor":16,"turns":10},{"damage":0,"enemies":"Spheric Guardian","floor":18,"turns":3},{"damage":31,"enemies":"Masked Bandits","floor":20,"turns":5},{"damage":0,"enemies":"Chosen","floor":21,"turns":3},{"damage":1,"enemies":"3 Cultists","floor":24,"turns":5},{"damage":0,"enemies":"Centurion and Healer","floor":28,"turns":5},{"damage":11,"enemies":"Gremlin Leader","floor":29,"turns":6},{"damage":7,"enemies":"Snecko","floor":30,"turns":5},{"damage":34,"enemies":"Automaton","floor":33,"turns":9},{"damage":4,"enemies":"Orb Walker","floor":35,"turns":2},{"damage":11,"enemies":"3 Shapes","floor":36,"turns":3},{"damage":0,"enemies":"Transient","floor":38,"turns":5},{"damage":28,"enemies":"Reptomancer","floor":40,"turns":6},{"damage":19,"enemies":"Writhing Mass","floor":42,"turns":5},{"damage":7,"enemies":"Sphere and 2 Shapes","floor":44,"turns":6},{"damage":10,"enemies":"4 Shapes","floor":45,"turns":5},{"damage":8,"enemies":"Nemesis","floor":47,"turns":5},{"damage":11,"enemies":"Transient","floor":48,"turns":5},{"damage":47,"enemies":"Time Eater","floor":50,"turns":11}],"seed_played":"1666270131739791210","potions_obtained":[{"floor":3,"key":"SpeedPotion"},{"floor":7,"key":"PowerPotion"},{"floor":8,"key":"Strength Potion"},{"floor":16,"key":"SkillPotion"},{"floor":29,"key":"Strength Potion"},{"floor":30,"key":"AttackPotion"},{"floor":33,"key":"Energy Potion"},{"floor":35,"key":"EssenceOfSteel"},{"floor":36,"key":"Swift Potion"},{"floor":44,"key":"Strength Potion"},{"floor":47,"key":"BloodPotion"}],"is_trial":false,"path_per_floor":["M","?","M","?","?","E","M","E","T","R","E","$","M","M","R","B",null,"M","?","?","M","$","R","M","R","T","?","M","E","M","$","R","B",null,"M","M","?","M","$","E","R","M","T","M","M","R","E","M","R","B",null],"character_chosen":"IRONCLAD","items_purchased":["Lantern","Rampage+1","Sling","FairyPotion","Corruption"],"campfire_rested":2,"item_purchase_floors":[12,22,31,39,39],"current_hp_per_floor":[78,78,80,64,61,67,73,34,34,73,63,63,61,60,60,50,73,79,79,54,60,60,60,65,65,65,65,71,66,65,65,65,37,69,71,66,66,72,72,50,50,37,37,36,32,71,79,74,74,42],"gold":187,"neow_bonus":"THREE_ENEMY_KILL","is_prod":false,"is_daily":false,"chose_seed":false,"campfire_upgraded":5,"win_rate":0,"timestamp":1544033921,"path_taken":["M","?","?","?","?","E","M","E","T","R","E","?","?","M","R","BOSS","M","?","?","M","$","R","?","R","T","?","M","E","M","$","R","BOSS","M","?","?","M","?","E","R","M","T","M","M","R","E","?","R","BOSS"],"build_version":"2018-12-05","purchased_purges":2,"victory":true,"max_hp_per_floor":[80,80,80,80,80,80,80,80,80,80,80,80,80,80,80,80,80,80,80,80,80,80,80,80,80,80,80,80,80,80,80,80,80,80,80,80,80,80,80,80,80,80,80,80,80,80,90,90,90,90],"card_choices":[{"not_picked":["Clash","Headbutt"],"picked":"True Grit","floor":1},{"not_picked":["Flex","Heavy Blade"],"picked":"Pommel Strike","floor":3},{"not_picked":["Double Tap","Clash"],"picked":"Metallicize","floor":6},{"not_picked":["Sword Boomerang+1","Havoc"],"picked":"Anger+1","floor":7},{"not_picked":["Heavy Blade+1","Berserk"],"picked":"Headbutt+1","floor":8},{"not_picked":["Perfected Strike+1","Pommel Strike+1"],"picked":"Inflame","floor":11},{"not_picked":["Intimidate","Flex"],"picked":"Uppercut+1","floor":13},{"not_picked":["Perfected Strike+1","Wild Strike+1"],"picked":"Iron Wave+1","floor":14},{"not_picked":["Berserk","Dark Embrace"],"picked":"Impervious","floor":16},{"not_picked":[],"picked":"Disarm+1","floor":18},{"not_picked":[],"picked":"Twin Strike+1","floor":20},{"not_picked":["Anger+1"],"picked":"SKIP","floor":21},{"not_picked":[],"picked":"Clothesline+1","floor":24},{"not_picked":[],"picked":"Sword Boomerang+1","floor":28},{"not_picked":["Double Tap"],"picked":"SKIP","floor":29},{"not_picked":["Body Slam+1"],"picked":"SKIP","floor":30},{"not_picked":[],"picked":"Juggernaut","floor":33},{"not_picked":["Perfected Strike+1"],"picked":"SKIP","floor":35},{"not_picked":["Rupture+1"],"picked":"SKIP","floor":36},{"not_picked":["Wild Strike+1"],"picked":"SKIP","floor":38},{"not_picked":[],"picked":"Dropkick+1","floor":40},{"not_picked":[],"picked":"Reckless Charge+1","floor":42},{"not_picked":[],"picked":"Thunderclap+1","floor":44},{"not_picked":[],"picked":"Ghostly Armor+1","floor":45},{"not_picked":["Berserk"],"picked":"SKIP","floor":47},{"not_picked":[],"picked":"Flex+1","floor":48}],"player_experience":936757,"relics_obtained":[{"floor":6,"key":"Molten Egg 2"},{"floor":8,"key":"Bronze Scales"},{"floor":9,"key":"Whetstone"},{"floor":11,"key":"Ancient Tea Set"},{"floor":20,"key":"Red Mask"},{"floor":26,"key":"Bottled Flame"},{"floor":29,"key":"Tiny Chest"},{"floor":40,"key":"Orichalcum"},{"floor":47,"key":"Pear"}],"event_choices":[{"cards_removed":["Defend_R"],"damage_healed":0,"gold_gain":0,"player_choice":"Purged","damage_taken":0,"max_hp_gain":0,"max_hp_loss":0,"event_name":"Purifier","floor":2,"gold_loss":0},{"damage_healed":0,"gold_gain":0,"player_choice":"Entered Light","damage_taken":16,"max_hp_gain":0,"max_hp_loss":0,"event_name":"Shining Light","floor":4,"gold_loss":0,"cards_upgraded":["Defend_R","Defend_R"]},{"damage_healed":0,"gold_gain":0,"player_choice":"Success","damage_taken":3,"relics_obtained":["Regal Pillow"],"max_hp_gain":0,"max_hp_loss":0,"event_name":"Scrap Ooze","floor":5,"gold_loss":0},{"damage_healed":0,"gold_gain":0,"player_choice":"Ignored","damage_taken":0,"max_hp_gain":0,"max_hp_loss":0,"event_name":"Ghosts","floor":19,"gold_loss":0},{"damage_healed":0,"gold_gain":0,"player_choice":"Fought Bandits","damage_taken":0,"max_hp_gain":0,"max_hp_loss":0,"event_name":"Masked Bandits","floor":20,"gold_loss":0},{"damage_healed":0,"gold_gain":100,"player_choice":"Pray","damage_taken":0,"max_hp_gain":0,"max_hp_loss":0,"event_name":"Golden Shrine","floor":27,"gold_loss":0},{"cards_removed":["Strike_R"],"damage_healed":0,"gold_gain":0,"player_choice":"Removed Attack","damage_taken":0,"max_hp_gain":0,"max_hp_loss":0,"event_name":"Falling","floor":37,"gold_loss":0}],"is_beta":true,"boss_relics":[{"not_picked":["Runic Dome","Philosopher\u0027s Stone"],"picked":"Busted Crown"},{"not_picked":["Pandora\u0027s Box","Black Blood"],"picked":"Runic Pyramid"}],"items_purged_floors":[12,31],"is_endless":false,"potions_floor_spawned":[3,7,8,16,29,30,33,35,36,44,47],"ascension_level":10}