{"gold_per_floor":[117,117,16,28,203,229,229,229,253,253,271,298,398,413,413,508,508,521,112,132,150,163,194,34,34,58,58,68,78,78],"floor_reached":30,"playtime":1985,"items_purged":["Shame","Doubt","Regret"],"score":364,"play_id":"99ae2bd2-e291-4071-a780-f70e403aa7aa","local_time":"20190908073535","is_ascension_mode":true,"campfire_choices":[{"floor":8.0,"key":"REST"},{"data":"Bash","floor":10.0,"key":"SMITH"},{"floor":15.0,"key":"REST"},{"floor":25.0,"key":"REST"}],"neow_cost":"CURSE","seed_source_timestamp":0,"circlet_count":0,"master_deck":["Strike_R+1","Strike_R","Strike_R","Strike_R","Strike_R","Defend_R","Defend_R","Defend_R","Defend_R","Bash+1","Anger","Thunderclap","Rampage","Rage","Second Wind","Limit Break","Dark Embrace","Cleave+1","Pummel","Flame Barrier","Demon Form","Armaments","True Grit+1","Corruption+1","Rampage+1","Inflame","Uppercut","Whirlwind","Sword Boomerang+1","Pommel Strike+1"],"special_seed":0,"relics":["Burning Blood","Incense Burner","Vajra","StoneCalendar","Bag of Marbles","Boot","Fusion Hammer","Sundial","Whetstone"],"potions_floor_usage":[],"damage_taken":[{"damage":12.0,"enemies":"Small Slimes","floor":1.0,"turns":4.0},{"damage":9.0,"enemies":"Jaw Worm","floor":4.0,"turns":3.0},{"damage":51.0,"enemies":"Gremlin Nob","floor":6.0,"turns":5.0},{"damage":7.0,"enemies":"2 Louse","floor":11.0,"turns":2.0},{"damage":17.0,"enemies":"Lagavulin","floor":12.0,"turns":5.0},{"damage":6.0,"enemies":"Gremlin Gang","floor":14.0,"turns":4.0},{"damage":38.0,"enemies":"The Guardian","floor":16.0,"turns":7.0},{"damage":27.0,"enemies":"Shell Parasite","floor":18.0,"turns":6.0},{"damage":19.0,"enemies":"Spheric Guardian","floor":20.0,"turns":4.0},{"damage":12.0,"enemies":"Snecko","floor":21.0,"turns":5.0},{"damage":1.0,"enemies":"Sentry and Sphere","floor":22.0,"turns":4.0},{"damage":17.0,"enemies":"Gremlin Leader","floor":23.0,"turns":7.0},{"damage":6.0,"enemies":"Cultist and Chosen","floor":28.0,"turns":6.0},{"damage":8.0,"enemies":"Snecko","floor":29.0,"turns":3.0},{"damage":62,"enemies":"Book of Stabbing","floor":30,"turns":5}],"seed_played":"-2372310533543284484","potions_obtained":[{"floor":4.0,"key":"Explosive Potion"},{"floor":6.0,"key":"EntropicBrew"},{"floor":11.0,"key":"Energy Potion"},{"floor":16.0,"key":"Dexterity Potion"},{"floor":18.0,"key":"GamblersBrew"},{"floor":20.0,"key":"Weak Potion"},{"floor":22.0,"key":"BloodPotion"}],"is_trial":false,"path_per_floor":["M","?","$","M","?","E","?","R","T","R","M","E","?","M","R","B",null,"M","$","M","M","M","E","$","R","T","?","M","M","E"],"character_chosen":"IRONCLAD","items_purchased":["Thunderclap","Pummel","Flame Barrier","Demon Form","Armaments","Uppercut"],"campfire_rested":3,"item_purchase_floors":[3,19,19,19,19,24],"current_hp_per_floor":[66,66,66,63,63,18,6,30,30,30,29,18,18,18,42,10,63,42,42,29,23,28,37,37,61,61,61,61,59,0],"gold":78,"neow_bonus":"ONE_RARE_RELIC","is_prod":false,"is_daily":false,"chose_seed":false,"campfire_upgraded":1,"win_rate":0,"timestamp":1567942535,"path_taken":["M","?","$","M","?","E","?","R","T","R","M","E","?","M","R","BOSS","M","$","M","M","?","E","$","R","T","?","M","M","E"],"build_version":"2019-07-17","purchased_purges":3,"victory":false,"max_hp_per_floor":[80,80,80,80,80,80,80,80,80,80,80,80,80,80,80,80,80,80,80,80,80,80,80,80,80,80,80,80,80,80],"card_choices":[{"not_picked":["Pommel Strike","Body Slam"],"picked":"Anger","floor":1.0},{"not_picked":["Pommel Strike","Sever Soul"],"picked":"Rampage","floor":4.0},{"not_picked":["Second Wind","Ghostly Armor"],"picked":"Rage","floor":6.0},{"not_picked":["Clothesline","Anger"],"picked":"Second Wind","floor":11.0},{"not_picked":["Clothesline","Pummel"],"picked":"Limit Break","floor":12.0},{"not_picked":["Body Slam","Sever Soul","Twin Strike"],"picked":"SKIP","floor":14.0},{"not_picked":["Double Tap","Feed"],"picked":"Dark Embrace","floor":16.0},{"not_picked":["Havoc","Shrug It Off"],"picked":"Cleave+1","floor":18.0},{"not_picked":["Seeing Red","Fiend Fire"],"picked":"True Grit+1","floor":20.0},{"not_picked":["Armaments","Inflame+1"],"picked":"Corruption+1","floor":21.0},{"not_picked":["Infernal Blade","Wild Strike"],"picked":"Rampage","floor":22.0},{"not_picked":["Cleave","Searing Blow"],"picked":"Inflame","floor":23.0},{"not_picked":["Clothesline","Cleave+1"],"picked":"Sword Boomerang+1","floor":28.0},{"not_picked":["Headbutt","Heavy Blade+1"],"picked":"Pommel Strike+1","floor":29.0}],"player_experience":1330804,"relics_obtained":[{"floor":6.0,"key":"StoneCalendar"},{"floor":9.0,"key":"Bag of Marbles"},{"floor":12.0,"key":"Boot"},{"floor":23.0,"key":"Sundial"},{"floor":26.0,"key":"Whetstone"}],"event_choices":[{"damage_healed":0.0,"max_hp_gain":0.0,"max_hp_loss":0.0,"gold_gain":0.0,"event_name":"Big Fish","player_choice":"Box","floor":2.0,"gold_loss":0.0,"damage_taken":0.0,"relics_obtained":["Vajra"],"cards_obtained":["Regret"]},{"damage_healed":0.0,"max_hp_gain":0.0,"max_hp_loss":0.0,"gold_gain":175.0,"event_name":"Liars Game","player_choice":"AGREE","floor":5.0,"gold_loss":0.0,"damage_taken":0.0,"cards_obtained":["Doubt"]},{"damage_healed":0.0,"max_hp_gain":0.0,"max_hp_loss":0.0,"gold_gain":0.0,"event_name":"Scrap Ooze","player_choice":"Fled","floor":7.0,"gold_loss":0.0,"damage_taken":12.0},{"damage_healed":0.0,"max_hp_gain":0.0,"max_hp_loss":0.0,"gold_gain":100.0,"event_name":"Golden Shrine","player_choice":"Pray","floor":13.0,"gold_loss":0.0,"damage_taken":0.0},{"damage_healed":0.0,"max_hp_gain":0.0,"max_hp_loss":0.0,"gold_gain":0.0,"event_name":"The Library","player_choice":"Read","floor":27.0,"gold_loss":0.0,"damage_taken":0.0,"cards_obtained":["Whirlwind"]}],"is_beta":false,"boss_relics":[{"not_picked":["Tiny House","Eternal Feather"],"picked":"Fusion Hammer"}],"items_purged_floors":[3,19,24],"is_endless":false,"potions_floor_spawned":[4,6,11,16,18,20,22],"killed_by":"Book of Stabbing","ascension_level":8}