{"gold_per_floor":[116,131,131,141,154,154,186,186,186,186,206,219,27,60,60,156,156,170,181,36,36,11,11,36,36,89,120,140,140],"floor_reached":29,"playtime":2003,"items_purged":[],"score":314,"play_id":"e9184347-f18a-4e57-9a2f-8066fda5e904","local_time":"20190607122311","is_ascension_mode":true,"campfire_choices":[{"data":"Doom and Gloom","floor":6,"key":"SMITH"},{"data":"Coolheaded","floor":8,"key":"SMITH"},{"data":"Sweeping Beam","floor":10,"key":"SMITH"},{"data":"Stack","floor":15,"key":"SMITH"},{"floor":23,"key":"REST"},{"floor":25,"key":"REST"}],"neow_cost":"NONE","seed_source_timestamp":324779533325184,"circlet_count":0,"master_deck":["Strike_B","Strike_B","Strike_B","Defend_B","Defend_B","Defend_B","Defend_B","Zap","Dualcast","Melter","Fusion","Sweeping Beam+1","Doom and Gloom+1","Coolheaded+1","Redo","Stack+1","Mind Blast","Glacier","Hello World","Fusion","Rainbow","Reinforced Body","Go for the Eyes","Creative AI","Cold Snap","Heatsinks+1","Sunder","Loop"],"relics":["Snecko Eye","DataDisk","Pantograph","Inserter","Regal Pillow","Bag of Preparation","Unceasing Top"],"potions_floor_usage":[14,16,27],"damage_taken":[{"damage":7,"enemies":"Small Slimes","floor":1,"turns":4},{"damage":0,"enemies":"Cultist","floor":2,"turns":3},{"damage":0,"enemies":"2 Louse","floor":4,"turns":2},{"damage":9,"enemies":"Red Slaver","floor":5,"turns":2},{"damage":12,"enemies":"Gremlin Nob","floor":7,"turns":3},{"damage":17,"enemies":"Lots of Slimes","floor":11,"turns":2},{"damage":0,"enemies":"Exordium Thugs","floor":12,"turns":3},{"damage":15,"enemies":"3 Sentries","floor":14,"turns":5},{"damage":6,"enemies":"The Guardian","floor":16,"turns":7},{"damage":30,"enemies":"Shell Parasite","floor":18,"turns":4},{"damage":13,"enemies":"2 Thieves","floor":19,"turns":4},{"damage":36,"enemies":"Gremlin Leader","floor":24,"turns":8},{"damage":20,"enemies":"Slavers","floor":27,"turns":5},{"damage":27,"enemies":"Snake Plant","floor":28,"turns":4},{"damage":10,"enemies":"Shelled Parasite and Fungi","floor":29,"turns":1}],"seed_played":"-8592301073782680999","potions_obtained":[{"floor":1,"key":"Ancient Potion"},{"floor":4,"key":"EntropicBrew"},{"floor":5,"key":"Regen Potion"},{"floor":12,"key":"LiquidBronze"},{"floor":24,"key":"GamblersBrew"}],"is_trial":false,"path_per_floor":["M","M","?","M","M","R","E","R","T","R","M","M","$","E","R","B",null,"M","M","$","?","$","R","E","R","T","E","M","M"],"character_chosen":"DEFECT","items_purchased":["Mind Blast","Glacier","Hello World","Creative AI","Cold Snap"],"campfire_rested":2,"item_purchase_floors":[13,13,13,20,22],"current_hp_per_floor":[68,68,75,75,66,66,54,54,54,54,37,37,37,36,36,55,75,45,32,32,32,32,54,18,55,55,35,8,0],"gold":140,"neow_bonus":"BOSS_RELIC","is_prod":false,"is_daily":false,"chose_seed":false,"campfire_upgraded":4,"win_rate":0,"timestamp":1559935391,"path_taken":["M","M","?","?","M","R","E","R","T","R","M","M","$","E","R","BOSS","M","M","$","?","$","R","E","R","T","E","M","M"],"build_version":"2019-01-23","purchased_purges":0,"victory":false,"max_hp_per_floor":[75,75,75,75,75,75,75,75,75,75,75,75,75,75,75,75,75,75,75,75,75,75,75,75,75,75,75,75,75],"card_choices":[{"not_picked":["Cold Snap","Reprogram"],"picked":"Melter","floor":1},{"not_picked":["Darkness","Redo"],"picked":"Fusion","floor":2},{"not_picked":["Double Energy","Stack"],"picked":"Sweeping Beam","floor":4},{"not_picked":["Redo","Rebound"],"picked":"Doom and Gloom","floor":5},{"not_picked":["Stack","Aggregate"],"picked":"Coolheaded","floor":7},{"not_picked":["Melter","Turbo"],"picked":"Redo","floor":11},{"not_picked":["BootSequence","Turbo"],"picked":"Stack","floor":12},{"not_picked":["Gash","Recycle"],"picked":"Fusion","floor":14},{"not_picked":["Fission","Seek"],"picked":"Rainbow","floor":16},{"not_picked":["Force Field","Auto Shields+1"],"picked":"Reinforced Body","floor":18},{"not_picked":["Redo","Stack"],"picked":"Go for the Eyes","floor":19},{"not_picked":["Buffer","Tempest+1"],"picked":"Heatsinks+1","floor":24},{"not_picked":["Streamline+1","Cold Snap+1"],"picked":"Sunder","floor":27},{"not_picked":["Hello World","Stack"],"picked":"Loop","floor":28}],"player_experience":471535,"relics_obtained":[{"floor":7,"key":"DataDisk"},{"floor":14,"key":"Pantograph"},{"floor":24,"key":"Regal Pillow"},{"floor":26,"key":"Bag of Preparation"},{"floor":27,"key":"Unceasing Top"}],"event_choices":[{"damage_healed":7,"gold_gain":0,"player_choice":"Full Heal","damage_taken":0,"max_hp_gain":0,"max_hp_loss":0,"event_name":"Wheel of Change","floor":3,"gold_loss":0},{"cards_removed":["Strike_B"],"damage_healed":0,"gold_gain":0,"player_choice":"Purged","damage_taken":0,"max_hp_gain":0,"max_hp_loss":0,"event_name":"Purifier","floor":21,"gold_loss":0}],"is_beta":false,"boss_relics":[{"not_picked":["Runic Dome","Coffee Dripper"],"picked":"Inserter"}],"items_purged_floors":[],"is_endless":false,"potions_floor_spawned":[1,4,5,12,24],"killed_by":"Shelled Parasite and Fungi","ascension_level":3}