{"gold_per_floor":[13,13,28,46,56,56,83,101,101,131,158,158],"floor_reached":12,"playtime":1041,"items_purged":[],"score":108,"play_id":"6ebec9c0-fb6c-4f76-b845-3a9b47b35ef0","local_time":"20190713215743","is_ascension_mode":true,"campfire_choices":[{"data":"Dualcast","floor":6,"key":"SMITH"}],"neow_cost":"NO_GOLD","seed_source_timestamp":29085210147122,"circlet_count":0,"master_deck":["Strike_B","Strike_B","Strike_B","Strike_B","Defend_B","Defend_B","Defend_B","Defend_B","Zap","Dualcast+1","Genetic Algorithm","Coolheaded","Recycle","Turbo","Leap","Steam"],"relics":["Cracked Core","NlothsMask","Anchor","Vajra"],"potions_floor_usage":[7,7],"damage_taken":[{"damage":8,"enemies":"2 Louse","floor":1,"turns":2},{"damage":0,"enemies":"Cultist","floor":3,"turns":3},{"damage":7,"enemies":"Jaw Worm","floor":4,"turns":4},{"damage":32,"enemies":"Large Slime","floor":5,"turns":10},{"damage":20,"enemies":"Lagavulin","floor":7,"turns":8},{"damage":2,"enemies":"Red Slaver","floor":8,"turns":4},{"damage":16,"enemies":"3 Sentries","floor":12,"turns":4}],"seed_played":"7726444867707407335","potions_obtained":[{"floor":3,"key":"Ancient Potion"},{"floor":4,"key":"EssenceOfSteel"}],"is_trial":false,"path_per_floor":["M","?","M","M","M","R","E","M","T","?","T","E"],"character_chosen":"DEFECT","items_purchased":[],"campfire_rested":0,"item_purchase_floors":[],"current_hp_per_floor":[74,74,74,67,35,35,15,13,13,13,13,0],"gold":158,"neow_bonus":"TWENTY_PERCENT_HP_BONUS","is_prod":false,"is_daily":false,"chose_seed":false,"campfire_upgraded":1,"win_rate":0,"timestamp":1563069463,"path_taken":["M","?","M","?","M","R","E","M","T","?","?","E"],"build_version":"2019-07-05","purchased_purges":0,"victory":false,"max_hp_per_floor":[89,89,89,89,89,89,89,89,89,89,89,89],"card_choices":[{"not_picked":["Coolheaded","Sweeping Beam"],"picked":"Genetic Algorithm","floor":1},{"not_picked":["Loop","Go for the Eyes"],"picked":"Coolheaded","floor":3},{"not_picked":["Barrage","Force Field"],"picked":"Recycle","floor":4},{"not_picked":["Stack","Lockon"],"picked":"Turbo","floor":5},{"not_picked":["White Noise","Reprogram"],"picked":"Leap","floor":7},{"not_picked":["Stack","Hello World"],"picked":"Steam","floor":8}],"player_experience":918478,"relics_obtained":[{"floor":7,"key":"Anchor"},{"floor":11,"key":"Vajra"}],"event_choices":[{"damage_healed":0,"gold_gain":0,"player_choice":"Trade","damage_taken":0,"relics_obtained":["NlothsMask"],"max_hp_gain":0,"max_hp_loss":0,"event_name":"FaceTrader","floor":2,"gold_loss":0},{"damage_healed":0,"gold_gain":30,"player_choice":"Searched \u00271\u0027 times","damage_taken":0,"max_hp_gain":0,"max_hp_loss":0,"event_name":"Dead Adventurer","floor":10,"gold_loss":0}],"is_beta":false,"boss_relics":[],"items_purged_floors":[],"is_endless":false,"potions_floor_spawned":[3,4],"killed_by":"3 Sentries","ascension_level":7}