{"gold_per_floor":[115,40,315,333,344,376,376,407,454,470,498,648,648],"floor_reached":13,"playtime":1551,"items_purged":["Strike_B"],"score":180,"play_id":"1eec1f82-1e7e-424e-a8a6-2cd2011d1fdc","local_time":"20190908080206","is_ascension_mode":true,"campfire_choices":[{"floor":7.0,"key":"REST"}],"neow_cost":"NONE","seed_source_timestamp":40875283256374,"circlet_count":0,"master_deck":["AscendersBane","Strike_B","Strike_B","Strike_B","Defend_B","Defend_B","Defend_B","Defend_B","Zap","Dualcast","Doom and Gloom","Regret","Beam Cell","Chill","Coolheaded","Static Discharge","Turbo","Buffer","Doubt"],"special_seed":0,"relics":["Cracked Core","Pen Nib","Singing Bowl","Bronze Scales","PreservedInsect","Mummified Hand"],"potions_floor_usage":[],"damage_taken":[{"damage":12.0,"enemies":"Small Slimes","floor":1.0,"turns":3.0},{"damage":3.0,"enemies":"Cultist","floor":4.0,"turns":3.0},{"damage":3.0,"enemies":"Jaw Worm","floor":5.0,"turns":3.0},{"damage":21.0,"enemies":"3 Sentries","floor":6.0,"turns":5.0},{"damage":31.0,"enemies":"Lagavulin","floor":8.0,"turns":6.0},{"damage":20.0,"enemies":"Looter","floor":10.0,"turns":2.0},{"damage":6.0,"enemies":"3 Sentries","floor":11.0,"turns":5.0},{"damage":3,"enemies":"Large Slime","floor":13,"turns":2}],"seed_played":"-2447149835446557640","potions_obtained":[{"floor":4.0,"key":"Regen Potion"},{"floor":11.0,"key":"EssenceOfSteel"}],"is_trial":false,"path_per_floor":["M","$","?","M","M","E","R","E","T","M","E","?","M"],"character_chosen":"DEFECT","items_purchased":[],"campfire_rested":1,"item_purchase_floors":[],"current_hp_per_floor":[52,52,52,49,46,37,58,27,27,7,1,1,0],"gold":648,"neow_bonus":"RANDOM_COMMON_RELIC","is_prod":false,"is_daily":false,"chose_seed":false,"campfire_upgraded":0,"win_rate":0,"timestamp":1567944126,"path_taken":["M","$","?","M","M","E","R","E","T","?","E","?","M"],"build_version":"2019-07-17","purchased_purges":1,"victory":false,"max_hp_per_floor":[71,71,71,71,71,71,71,71,71,71,71,71,71],"card_choices":[{"not_picked":["Compile Driver","Tempest"],"picked":"Doom and Gloom","floor":1.0},{"not_picked":["Melter","Sweeping Beam"],"picked":"Beam Cell","floor":4.0},{"not_picked":["Leap","Gash"],"picked":"Chill","floor":5.0},{"not_picked":["Stack","Barrage"],"picked":"Coolheaded","floor":6.0},{"not_picked":["Reprogram","Cold Snap"],"picked":"Static Discharge","floor":8.0},{"not_picked":["Tempest","Hologram"],"picked":"Turbo","floor":10.0},{"not_picked":["Leap","Force Field"],"picked":"Buffer","floor":11.0}],"player_experience":1332789,"relics_obtained":[{"floor":6.0,"key":"Singing Bowl"},{"floor":8.0,"key":"Bronze Scales"},{"floor":9.0,"key":"PreservedInsect"},{"floor":11.0,"key":"Mummified Hand"}],"event_choices":[{"damage_healed":0.0,"max_hp_gain":0.0,"max_hp_loss":0.0,"gold_gain":275.0,"event_name":"Golden Shrine","player_choice":"Desecrate","floor":3.0,"gold_loss":0.0,"damage_taken":0.0,"cards_obtained":["Regret"]},{"damage_healed":0.0,"max_hp_gain":0.0,"max_hp_loss":0.0,"gold_gain":150.0,"event_name":"Liars Game","player_choice":"AGREE","floor":12.0,"gold_loss":0.0,"damage_taken":0.0,"cards_obtained":["Doubt"]}],"is_beta":false,"boss_relics":[],"items_purged_floors":[2],"is_endless":false,"potions_floor_spawned":[4,11],"killed_by":"Large Slime","ascension_level":15}