{"gold_per_floor":[115,128,128,148,118,157,172,172,172,172],"floor_reached":10,"playtime":499,"items_purged":[],"score":95,"play_id":"e49eb05d-ca84-4615-8b53-e6588810c39a","local_time":"20190719123555","is_ascension_mode":true,"campfire_choices":[{"floor":8,"key":"REST"}],"neow_cost":"NONE","seed_source_timestamp":0,"circlet_count":0,"master_deck":["Strike_B","Strike_B","Strike_B","Strike_B","Defend_B","Defend_B","Defend_B","Defend_B","Zap","Dualcast","Creative AI","Turbo","Sunder","Auto Shields","Coolheaded","Barrage"],"relics":["Cracked Core","Golden Idol","Darkstone Periapt","Bottled Lightning"],"potions_floor_usage":[6],"damage_taken":[{"damage":1,"enemies":"Cultist","floor":1,"turns":4},{"damage":0,"enemies":"Small Slimes","floor":2,"turns":4},{"damage":0,"enemies":"2 Louse","floor":4,"turns":2},{"damage":41,"enemies":"Lagavulin","floor":6,"turns":9},{"damage":4,"enemies":"2 Fungi Beasts","floor":7,"turns":4}],"seed_played":"-8572742729414171860","potions_obtained":[{"floor":1,"key":"AttackPotion"},{"floor":2,"key":"SmokeBomb"},{"floor":5,"key":"SteroidPotion"},{"floor":5,"key":"Regen Potion"},{"floor":6,"key":"Fire Potion"}],"is_trial":false,"path_per_floor":["M","M","?","M","?","E","M","R","T","$"],"character_chosen":"DEFECT","items_purchased":[],"campfire_rested":1,"item_purchase_floors":[],"current_hp_per_floor":[67,67,49,49,49,23,19,41,41,41],"gold":172,"neow_bonus":"ONE_RANDOM_RARE_CARD","is_prod":false,"is_daily":false,"chose_seed":true,"campfire_upgraded":0,"win_rate":0,"timestamp":1563554155,"path_taken":["M","?","?","M","?","E","M","R","T","$"],"build_version":"2019-07-17","purchased_purges":0,"victory":false,"max_hp_per_floor":[75,75,75,75,75,75,75,75,75,75],"card_choices":[{"not_picked":["White Noise","Melter"],"picked":"Turbo","floor":1},{"not_picked":["Reinforced Body","Stack"],"picked":"Sunder","floor":2},{"not_picked":["Cold Snap","Conserve Battery"],"picked":"Auto Shields","floor":4},{"not_picked":["Aggregate","Blizzard"],"picked":"Coolheaded","floor":6},{"not_picked":["Streamline","Stack"],"picked":"Barrage","floor":7}],"player_experience":1002856,"relics_obtained":[{"floor":6,"key":"Darkstone Periapt"},{"floor":9,"key":"Bottled Lightning"}],"event_choices":[{"damage_healed":0,"gold_gain":0,"player_choice":"Take Damage","damage_taken":18,"relics_obtained":["Golden Idol"],"max_hp_gain":0,"max_hp_loss":0,"event_name":"Golden Idol","floor":3,"gold_loss":0},{"damage_healed":0,"gold_gain":0,"player_choice":"Bought 2 Potions","damage_taken":0,"max_hp_gain":0,"max_hp_loss":0,"event_name":"The Woman in Blue","floor":5,"gold_loss":0}],"is_beta":false,"boss_relics":[],"items_purged_floors":[],"is_endless":false,"potions_floor_spawned":[1,2,6],"ascension_level":8}