{"gold_per_floor":[17,17,17,34,47,73,73,90,90,102,120,120,149,23,23,118,118,136,136,147,147,26,37,70,70,142,156,156,38,38,38,38,134,134,153,78,178,194,205,205],"floor_reached":40,"playtime":5715,"items_purged":[],"score":431,"play_id":"750aee00-2539-4f02-962b-567e368a4a3c","local_time":"20190514234656","is_ascension_mode":false,"campfire_choices":[{"data":"Bash","floor":7,"key":"SMITH"},{"data":"Limit Break","floor":12,"key":"SMITH"},{"data":"Body Slam","floor":15,"key":"SMITH"},{"floor":25,"key":"REST"},{"floor":28,"key":"REST"},{"data":"Brutality","floor":30,"key":"SMITH"},{"floor":32,"key":"REST"}],"neow_cost":"NO_GOLD","seed_source_timestamp":364570769058766,"circlet_count":0,"master_deck":["Strike_R","Strike_R","Strike_R+1","Defend_R","Defend_R","Defend_R","Defend_R","Bash+1","Carnage","Entrench+1","Iron Wave+1","Headbutt","Reckless Charge","Limit Break+1","Rupture","Inflame","Body Slam+1","Iron Wave","Combust","Thunderclap","Brutality+1","Iron Wave+1","Shame","Body Slam+1","Clash","Limit Break","Headbutt","Blood for Blood+1","Sword Boomerang+1","Combust","Seeing Red","Anger+1","Dark Embrace","Burning Pact+1","Warcry","Sword Boomerang+1","Sword Boomerang+1","Anger+1","Heavy Blade+1"],"relics":["Black Blood","PreservedInsect","Centennial Puzzle","Odd Mushroom","Runic Cube","Matryoshka","Molten Egg 2","Self Forming Clay","Oddly Smooth Stone","Calipers"],"potions_floor_usage":[13,16,18,20,23,24,40],"damage_taken":[{"damage":15,"enemies":"Small Slimes","floor":1,"turns":3},{"damage":6,"enemies":"Cultist","floor":4,"turns":3},{"damage":0,"enemies":"2 Louse","floor":5,"turns":2},{"damage":10,"enemies":"3 Sentries","floor":6,"turns":8},{"damage":0,"enemies":"Exordium Wildlife","floor":8,"turns":3},{"damage":3,"enemies":"Looter","floor":10,"turns":3},{"damage":13,"enemies":"2 Fungi Beasts","floor":11,"turns":3},{"damage":23,"enemies":"The Mushroom Lair","floor":13,"turns":3},{"damage":11,"enemies":"Slime Boss","floor":16,"turns":5},{"damage":24,"enemies":"Shell Parasite","floor":18,"turns":5},{"damage":24,"enemies":"2 Thieves","floor":20,"turns":4},{"damage":21,"enemies":"Snake Plant","floor":23,"turns":3},{"damage":2,"enemies":"Gremlin Leader","floor":24,"turns":4},{"damage":34,"enemies":"Shelled Parasite and Fungi","floor":27,"turns":5},{"damage":51,"enemies":"Champ","floor":33,"turns":8},{"damage":30,"enemies":"3 Darklings","floor":35,"turns":4},{"damage":25,"enemies":"Mind Bloom Boss Battle","floor":37,"turns":5},{"damage":16,"enemies":"Orb Walker","floor":38,"turns":2},{"damage":32,"enemies":"Sphere and 2 Shapes","floor":39,"turns":4},{"damage":17,"enemies":"Giant Head","floor":40,"turns":5}],"seed_played":"-7343096687862240882","potions_obtained":[{"floor":4,"key":"LiquidBronze"},{"floor":6,"key":"Poison Potion"},{"floor":8,"key":"AttackPotion"},{"floor":16,"key":"Fire Potion"},{"floor":18,"key":"Explosive Potion"},{"floor":20,"key":"AttackPotion"},{"floor":39,"key":"Explosive Potion"}],"is_trial":false,"path_per_floor":["M","?","?","M","M","E","R","M","T","M","M","R","?","$","R","B",null,"M","?","M","?","$","M","E","R","T","M","R","$","R","?","R","B",null,"M","$","?","M","M","E"],"character_chosen":"IRONCLAD","items_purchased":["Combust","Thunderclap","Clash","Limit Break","Combust","Seeing Red","Warcry","Sword Boomerang+1"],"campfire_rested":3,"item_purchase_floors":[14,14,22,22,29,29,36,36],"current_hp_per_floor":[71,55,55,55,61,57,57,63,63,66,59,59,42,42,42,37,80,62,62,44,44,44,29,33,57,57,29,53,53,53,53,77,32,80,60,60,45,39,17,0],"gold":205,"neow_bonus":"TRANSFORM_TWO_CARDS","is_prod":false,"is_daily":false,"chose_seed":false,"campfire_upgraded":4,"win_rate":0.0,"timestamp":1557902816,"path_taken":["M","?","?","M","M","E","R","M","T","M","?","R","?","$","R","BOSS","M","?","M","?","$","M","E","R","T","M","R","$","R","?","R","BOSS","M","$","?","M","M","E"],"build_version":"2019-01-23","purchased_purges":0,"victory":false,"max_hp_per_floor":[80,80,80,80,80,80,80,80,80,80,80,80,80,80,80,80,80,80,80,80,80,80,80,80,80,80,80,80,80,80,80,80,80,80,80,80,80,80,80,80],"card_choices":[{"not_picked":["Pommel Strike","Perfected Strike"],"picked":"Iron Wave","floor":1},{"not_picked":["Feel No Pain","Clash"],"picked":"Headbutt","floor":4},{"not_picked":["Shrug It Off","Corruption"],"picked":"Reckless Charge","floor":5},{"not_picked":["Anger","True Grit"],"picked":"Limit Break","floor":6},{"not_picked":["Uppercut","Blood for Blood"],"picked":"Rupture","floor":8},{"not_picked":["Battle Trance","Cleave"],"picked":"Inflame","floor":10},{"not_picked":["Twin Strike","Metallicize"],"picked":"Body Slam","floor":11},{"not_picked":["Twin Strike","Feel No Pain"],"picked":"Iron Wave","floor":13},{"not_picked":["Feed","Juggernaut"],"picked":"Brutality","floor":16},{"not_picked":["Flame Barrier","Clothesline"],"picked":"Iron Wave+1","floor":18},{"not_picked":["Heavy Blade","Iron Wave"],"picked":"Body Slam+1","floor":20},{"not_picked":["Twin Strike","Bludgeon"],"picked":"Headbutt","floor":23},{"not_picked":["Headbutt","Berserk"],"picked":"Blood for Blood+1","floor":24},{"not_picked":["Flex+1","Iron Wave+1"],"picked":"Sword Boomerang+1","floor":27},{"not_picked":["Impervious","Bludgeon+1"],"picked":"Dark Embrace","floor":33},{"not_picked":["Battle Trance+1","Rampage+1"],"picked":"Burning Pact+1","floor":35},{"not_picked":["True Grit+1","Thunderclap+1"],"picked":"Sword Boomerang+1","floor":37},{"not_picked":["Twin Strike+1","Shockwave"],"picked":"Anger+1","floor":38},{"not_picked":["Clothesline+1","Whirlwind+1"],"picked":"Heavy Blade+1","floor":39}],"player_experience":135123,"relics_obtained":[{"floor":6,"key":"PreservedInsect"},{"floor":9,"key":"Centennial Puzzle"},{"floor":13,"key":"Odd Mushroom"},{"floor":24,"key":"Molten Egg 2"},{"floor":26,"key":"Self Forming Clay"},{"floor":26,"key":"Oddly Smooth Stone"},{"floor":37,"key":"Calipers"}],"event_choices":[{"damage_healed":0,"gold_gain":0,"player_choice":"Entered Light","damage_taken":16,"max_hp_gain":0,"max_hp_loss":0,"event_name":"Shining Light","floor":2,"gold_loss":0,"cards_upgraded":["Strike_R","Iron Wave"]},{"damage_healed":0,"gold_gain":0,"player_choice":"Upgraded","damage_taken":0,"max_hp_gain":0,"max_hp_loss":0,"event_name":"Upgrade Shrine","floor":3,"gold_loss":0,"cards_upgraded":["Entrench"]},{"damage_healed":0,"gold_gain":0,"player_choice":"Fought Mushrooms","damage_taken":0,"max_hp_gain":0,"max_hp_loss":0,"event_name":"Mushrooms","floor":13,"gold_loss":0},{"damage_healed":0,"gold_gain":0,"player_choice":"Stole Relic","damage_taken":0,"relics_obtained":["Matryoshka"],"max_hp_gain":0,"max_hp_loss":0,"event_name":"Addict","floor":19,"gold_loss":0,"cards_obtained":["Shame"]},{"damage_healed":0,"gold_gain":0,"player_choice":"Ignored","damage_taken":0,"max_hp_gain":0,"max_hp_loss":0,"event_name":"Ghosts","floor":21,"gold_loss":0},{"damage_healed":0,"gold_gain":0,"player_choice":"Read","damage_taken":0,"max_hp_gain":0,"max_hp_loss":0,"event_name":"The Library","floor":31,"gold_loss":0,"cards_obtained":["Anger"]},{"damage_healed":0,"gold_gain":0,"player_choice":"Fight","damage_taken":0,"max_hp_gain":0,"max_hp_loss":0,"event_name":"MindBloom","floor":37,"gold_loss":0}],"is_beta":false,"boss_relics":[{"not_picked":["Philosopher\u0027s Stone","White Beast Statue"],"picked":"Runic Cube"},{"not_picked":["Velvet Choker","Orrery"],"picked":"Black Blood"}],"items_purged_floors":[],"is_endless":false,"potions_floor_spawned":[4,6,8,11,16,18,20,39],"killed_by":"Giant Head","ascension_level":0}