{"gold_per_floor":[111,128,128,141,166,166,166,207,207,247,268,4,48,69,69,158,158,172,172,40,58,12,12,45,45,45,45,45],"floor_reached":28,"playtime":1770,"items_purged":["Injury"],"score":448,"play_id":"9f7301b8-9d31-4cc1-83e0-c490e0f42a22","local_time":"20190908115101","is_ascension_mode":true,"campfire_choices":[{"floor":6.0,"key":"REST"},{"floor":15,"key":"REST"},{"floor":23,"key":"REST"},{"data":"Zap","floor":25,"key":"SMITH"},{"floor":27,"key":"REST"}],"neow_cost":"NONE","seed_source_timestamp":54295167795417,"circlet_count":0,"master_deck":["AscendersBane","Strike_B","Strike_B","Strike_B","Strike_B","Defend_B","Defend_B","Defend_B","Defend_B","Zap+1","Dualcast","Rebound","Ball Lightning","Consume","Skim","Beam Cell","Hyperbeam","Skim","Leap","All For One","Reprogram","Reinforced Body","Lockon","Streamline","Gash","Echo Form","Stack","Glacier","Go for the Eyes","Turbo","Defragment"],"special_seed":0,"relics":["Cracked Core","Potion Belt","Golden Idol","Bag of Marbles","Anchor","Question Card","Ancient Tea Set","Nuclear Battery","Oddly Smooth Stone","DataDisk","Bottled Lightning"],"potions_floor_usage":[14,16,24],"damage_taken":[{"damage":3.0,"enemies":"2 Louse","floor":1.0,"turns":2.0},{"damage":12.0,"enemies":"Jaw Worm","floor":2.0,"turns":3.0},{"damage":0.0,"enemies":"Cultist","floor":4.0,"turns":3.0},{"damage":7.0,"enemies":"2 Fungi Beasts","floor":5.0,"turns":2.0},{"damage":10.0,"enemies":"3 Sentries","floor":8.0,"turns":4.0},{"damage":21.0,"enemies":"Lagavulin","floor":10.0,"turns":5.0},{"damage":10.0,"enemies":"Large Slime","floor":11.0,"turns":4.0},{"damage":8.0,"enemies":"Gremlin Nob","floor":13.0,"turns":3.0},{"damage":7,"enemies":"Gremlin Gang","floor":14,"turns":3},{"damage":34,"enemies":"The Guardian","floor":16,"turns":10},{"damage":48,"enemies":"2 Thieves","floor":18,"turns":4},{"damage":2,"enemies":"3 Byrds","floor":21,"turns":3},{"damage":6,"enemies":"Book of Stabbing","floor":24,"turns":5},{"damage":50,"enemies":"Gremlin Leader","floor":28,"turns":5}],"seed_played":"-4640070268296628429","potions_obtained":[{"floor":1.0,"key":"Ancient Potion"},{"floor":2.0,"key":"EssenceOfSteel"},{"floor":8.0,"key":"Fire Potion"},{"floor":10.0,"key":"SkillPotion"},{"floor":14,"key":"Regen Potion"},{"floor":16,"key":"Weak Potion"}],"is_trial":false,"path_per_floor":["M","M","?","M","M","R","?","E","T","E","M","$","E","M","R","B",null,"M","T","$","M","$","R","E","R","T","R","E"],"character_chosen":"DEFECT","items_purchased":["Reprogram","Reinforced Body","Lockon","Glacier","Go for the Eyes","Turbo"],"campfire_rested":4,"item_purchase_floors":[12,12,12,20,20,22],"current_hp_per_floor":[61,49,49,49,42,63,63,53,53,32,22,22,14,7,28,9,56,8,8,8,6,6,27,21,21,21,42,0],"gold":45,"neow_bonus":"RANDOM_COMMON_RELIC","is_prod":false,"is_daily":false,"chose_seed":false,"campfire_upgraded":1,"win_rate":0,"timestamp":1567957861,"path_taken":["M","M","?","M","M","R","?","E","T","E","M","$","E","M","R","BOSS","M","?","$","M","$","R","E","R","T","R","E"],"build_version":"2019-07-17","purchased_purges":1,"victory":false,"max_hp_per_floor":[71,71,71,71,71,71,71,71,71,71,71,71,71,71,71,71,71,71,71,71,71,71,71,71,71,71,71,71],"card_choices":[{"not_picked":["Capacitor","Redo"],"picked":"Rebound","floor":1.0},{"not_picked":["Stack","Redo"],"picked":"Ball Lightning","floor":2.0},{"not_picked":["Stack","Chaos"],"picked":"Consume","floor":4.0},{"not_picked":["Stack","Rebound"],"picked":"Skim","floor":5.0},{"not_picked":["Darkness","Double Energy"],"picked":"Skim","floor":8.0},{"not_picked":["Ball Lightning","Cold Snap"],"picked":"Leap","floor":10.0},{"not_picked":["Gash","Conserve Battery","Coolheaded"],"picked":"All For One","floor":11.0},{"not_picked":["Storm","Cold Snap","Barrage"],"picked":"Streamline","floor":13.0},{"not_picked":["FTL","Darkness","Melter"],"picked":"Gash","floor":14},{"not_picked":["Electrodynamics","Amplify","Biased Cognition"],"picked":"Echo Form","floor":16},{"not_picked":["Ball Lightning","Compile Driver+1","Sweeping Beam"],"picked":"Stack","floor":18},{"not_picked":["Leap","Melter","Ball Lightning","Force Field"],"picked":"SKIP","floor":21},{"not_picked":["Hello World","Ball Lightning","Static Discharge"],"picked":"Defragment","floor":24}],"player_experience":1340560,"relics_obtained":[{"floor":8.0,"key":"Bag of Marbles"},{"floor":9.0,"key":"Anchor"},{"floor":10.0,"key":"Question Card"},{"floor":13.0,"key":"Ancient Tea Set"},{"floor":19,"key":"Oddly Smooth Stone"},{"floor":24,"key":"DataDisk"},{"floor":26,"key":"Bottled Lightning"}],"event_choices":[{"damage_healed":0.0,"max_hp_gain":0.0,"max_hp_loss":0.0,"gold_gain":0.0,"event_name":"Golden Idol","player_choice":"Take Wound","floor":3.0,"gold_loss":0.0,"damage_taken":0.0,"relics_obtained":["Golden Idol"],"cards_obtained":["Injury"]},{"damage_healed":0.0,"max_hp_gain":0.0,"max_hp_loss":0.0,"gold_gain":0.0,"event_name":"Match and Keep!","player_choice":"2 cards matched","floor":7.0,"gold_loss":0.0,"damage_taken":0.0,"cards_obtained":["Beam Cell","Hyperbeam"]}],"is_beta":false,"boss_relics":[{"not_picked":["Ectoplasm","Runic Pyramid"],"picked":"Nuclear Battery"}],"items_purged_floors":[12],"is_endless":false,"potions_floor_spawned":[1,2,8,10,14,16],"killed_by":"Gremlin Leader","ascension_level":15}