{"gold_per_floor":[133,28,61,100,30,30,60,60,112,151,151,151,205,237,237,372,372,412,392,430,2,2,37,37],"floor_reached":24,"playtime":2056,"items_purged":[],"score":216,"play_id":"6be3b3ba-0112-40a6-a31a-0414811b1bd4","local_time":"20191020164826","is_ascension_mode":false,"campfire_choices":[{"data":"Tools of the Trade","floor":6,"key":"SMITH"},{"data":"Well Laid Plans","floor":8,"key":"SMITH"},{"data":"Well Laid Plans","floor":11,"key":"SMITH"},{"data":"Outmaneuver","floor":15,"key":"SMITH"}],"neow_cost":"PERCENT_DAMAGE","seed_source_timestamp":107101324139700,"circlet_count":0,"master_deck":["Strike_G","Strike_G","Strike_G","Strike_G","Strike_G","Defend_G","Defend_G+1","Defend_G","Defend_G","Defend_G","Survivor","Neutralize","Dark Shackles","HandOfGreed","Sucker Punch","Well Laid Plans+1","Flechettes","Acrobatics","Dagger Throw","Tools of the Trade+1","Reflex","Well Laid Plans+1","Underhanded Strike","Outmaneuver+1","Night Terror","Blade Dance+1","Tactician","Noxious Fumes+1","Panache+1","Caltrops+1"],"relics":["Ring of the Snake","Bag of Marbles","Bag of Preparation","Frozen Egg 2","Black Star","PrismaticShard","Potion Belt","War Paint"],"potions_floor_usage":[16,23,23,23],"damage_taken":[{"damage":0,"enemies":"Jaw Worm","floor":1,"turns":2},{"damage":0,"enemies":"2 Louse","floor":3,"turns":3},{"damage":0,"enemies":"Cultist","floor":4,"turns":4},{"damage":4,"enemies":"Red Slaver","floor":7,"turns":3},{"damage":6,"enemies":"Gremlin Gang","floor":10,"turns":4},{"damage":8,"enemies":"Lagavulin","floor":13,"turns":5},{"damage":4,"enemies":"Blue Slaver","floor":14,"turns":3},{"damage":20,"enemies":"Slime Boss","floor":16,"turns":8},{"damage":31,"enemies":"Spheric Guardian","floor":18,"turns":6},{"damage":0,"enemies":"Chosen","floor":20,"turns":5},{"damage":35,"enemies":"Book of Stabbing","floor":23,"turns":5},{"damage":20,"enemies":"3 Cultists","floor":24,"turns":3}],"seed_played":"4480931927214733184","potions_obtained":[{"floor":4,"key":"Poison Potion"},{"floor":7,"key":"Explosive Potion"},{"floor":14,"key":"FairyPotion"},{"floor":16,"key":"Regen Potion"},{"floor":19,"key":"FearPotion"},{"floor":20,"key":"Energy Potion"}],"is_trial":false,"path_per_floor":["M","$","M","M","$","R","M","R","T","M","R","?","E","M","R","B",null,"M","?","M","$","$","E","M"],"character_chosen":"THE_SILENT","items_purchased":["Well Laid Plans","Flechettes","Tools of the Trade","PrismaticShard","Noxious Fumes+1","Panache+1"],"campfire_rested":0,"item_purchase_floors":[2,2,5,21,21,21],"current_hp_per_floor":[49,49,49,49,49,49,45,45,45,39,39,32,24,20,20,7,70,39,39,39,39,39,16,0],"gold":37,"neow_bonus":"RANDOM_COLORLESS_2","is_prod":false,"is_daily":false,"chose_seed":false,"campfire_upgraded":4,"win_rate":0.0,"timestamp":1571604506,"path_taken":["M","$","M","M","$","R","M","R","T","M","R","?","E","M","R","BOSS","M","?","?","?","$","E","M"],"build_version":"2019-07-17","purchased_purges":0,"victory":false,"max_hp_per_floor":[70,70,70,70,70,70,70,70,70,70,70,70,70,70,70,70,70,70,70,70,70,70,70,70],"card_choices":[{"not_picked":["Prepared","Backflip"],"picked":"Sucker Punch","floor":1},{"not_picked":["Dagger Spray","Bane"],"picked":"Acrobatics","floor":3},{"not_picked":["Heel Hook","Footwork"],"picked":"Dagger Throw","floor":4},{"not_picked":["Dagger Throw","Distraction"],"picked":"Reflex","floor":7},{"not_picked":["Quick Slash","Deadly Poison"],"picked":"Well Laid Plans","floor":10},{"not_picked":["Dodge and Roll","Poisoned Stab"],"picked":"Underhanded Strike","floor":13},{"not_picked":["Bouncing Flask","Quick Slash"],"picked":"Outmaneuver","floor":14},{"not_picked":["Wraith Form v2+1","Glass Knife"],"picked":"Night Terror","floor":16},{"not_picked":["Acrobatics+1","Backflip"],"picked":"Blade Dance","floor":18},{"not_picked":["Sucker Punch","PiercingWail"],"picked":"Tactician","floor":20},{"not_picked":["Clothesline","Leap"],"picked":"Caltrops+1","floor":23}],"player_experience":17979,"relics_obtained":[{"floor":9,"key":"Bag of Marbles"},{"floor":13,"key":"Frozen Egg 2"},{"floor":23,"key":"Potion Belt"},{"floor":23,"key":"War Paint"}],"event_choices":[{"damage_healed":0,"gold_gain":0,"player_choice":"Success","damage_taken":7,"relics_obtained":["Bag of Preparation"],"max_hp_gain":0,"max_hp_loss":0,"event_name":"Scrap Ooze","floor":12,"gold_loss":0},{"damage_healed":0,"gold_gain":0,"player_choice":"Bought 1 Potion","damage_taken":0,"max_hp_gain":0,"max_hp_loss":0,"event_name":"The Woman in Blue","floor":19,"gold_loss":0}],"is_beta":false,"boss_relics":[{"not_picked":["Busted Crown","Calling Bell"],"picked":"Black Star"}],"items_purged_floors":[],"is_endless":false,"potions_floor_spawned":[4,7,14,16,20],"killed_by":"3 Cultists","ascension_level":0}