{"gold_per_floor":[113,182,202,222,234,264,284,319,319,319,353,353,353,371,371,468,468,482,500,167,167,167,198,198,198,273,290,315,315,315],"floor_reached":30,"playtime":7046,"items_purged":[],"score":335,"play_id":"60f4b7d5-ef32-46c4-a4e0-7aa65ba47158","local_time":"20190629084801","is_ascension_mode":true,"campfire_choices":[{"floor":12.0,"key":"REST"},{"data":"Neutralize","floor":15.0,"key":"SMITH"},{"data":"Well Laid Plans","floor":24.0,"key":"SMITH"}],"neow_cost":"NONE","seed_source_timestamp":0,"circlet_count":0,"master_deck":["Defend_G","Defend_G","Defend_G","Defend_G","Defend_G","Strike_G","Strike_G","Strike_G","Strike_G","Survivor","Neutralize+1","Dash","Expertise","Bouncing Flask","Choke","Accuracy","All Out Attack","Backflip","Skewer","Well Laid Plans+1","Tactician+1","Burst+1","Blade Dance+1","Crippling Poison+1","Forethought+1","Shame","PiercingWail+1","Backflip+1"],"special_seed":0,"relics":["HoveringKite","Dodecahedron","Omamori","Regal Pillow","Toxic Egg 2","Ninja Scroll","Letter Opener","WristBlade","Matryoshka","Nunchaku","Question Card","Pantograph","Pen Nib","Paper Crane","Dream Catcher"],"potions_floor_usage":[],"damage_taken":[{"damage":0.0,"enemies":"Cultist","floor":1.0,"turns":4.0},{"damage":3.0,"enemies":"Jaw Worm","floor":3.0,"turns":4.0},{"damage":4.0,"enemies":"2 Louse","floor":4.0,"turns":3.0},{"damage":1.0,"enemies":"Red Slaver","floor":5.0,"turns":4.0},{"damage":6.0,"enemies":"Lagavulin","floor":6.0,"turns":6.0},{"damage":2.0,"enemies":"2 Fungi Beasts","floor":7.0,"turns":3.0},{"damage":34.0,"enemies":"Gremlin Nob","floor":8.0,"turns":5.0},{"damage":17.0,"enemies":"3 Sentries","floor":11.0,"turns":9.0},{"damage":0.0,"enemies":"3 Louse","floor":14.0,"turns":3.0},{"damage":19.0,"enemies":"Hexaghost","floor":16.0,"turns":9.0},{"damage":13.0,"enemies":"Spheric Guardian","floor":18.0,"turns":5.0},{"damage":12.0,"enemies":"2 Thieves","floor":19.0,"turns":2.0},{"damage":3.0,"enemies":"Slavers","floor":23.0,"turns":2.0},{"damage":14.0,"enemies":"Snake Plant","floor":27.0,"turns":4.0},{"damage":11,"enemies":"Centurion and Healer","floor":30,"turns":4}],"seed_played":"6419099766541286410","potions_obtained":[{"floor":4.0,"key":"Regen Potion"},{"floor":8.0,"key":"Weak Potion"},{"floor":11.0,"key":"Regen Potion"},{"floor":16.0,"key":"Poison Potion"},{"floor":18.0,"key":"PowerPotion"}],"is_trial":false,"path_per_floor":["M","T","M","M","M","E","M","E","T","?","E","R","?","M","R","B",null,"M","M","$","?","?","E","R","?","T","M","T","?","M"],"character_chosen":"THE_SILENT","items_purchased":["Forethought+1","Matryoshka"],"campfire_rested":1,"item_purchase_floors":[20,20],"current_hp_per_floor":[70,70,67,63,62,66,64,30,30,30,13,49,49,49,49,45,64,51,39,39,39,39,36,36,23,23,9,9,9,0],"gold":315,"neow_bonus":"BOSS_RELIC","is_prod":false,"is_daily":false,"chose_seed":false,"campfire_upgraded":2,"win_rate":0,"timestamp":1561812481,"path_taken":["M","?","M","M","M","E","M","E","T","?","E","R","?","M","R","BOSS","M","M","$","?","?","E","R","?","T","?","?","?","M"],"build_version":"2019-01-23","purchased_purges":0,"victory":false,"max_hp_per_floor":[70,70,70,70,70,70,70,70,70,70,70,70,70,70,70,70,70,70,70,70,70,70,70,70,75,75,75,75,75,75],"card_choices":[{"not_picked":["Underhanded Strike","Eviscerate"],"picked":"Dash","floor":1.0},{"not_picked":["Underhanded Strike","Deflect"],"picked":"Expertise","floor":3.0},{"not_picked":["Backstab","Distraction"],"picked":"Bouncing Flask","floor":4.0},{"not_picked":["Endless Agony","Prepared"],"picked":"Choke","floor":5.0},{"not_picked":["Flying Knee","Glass Knife"],"picked":"Accuracy","floor":6.0},{"not_picked":["Setup","Backstab"],"picked":"All Out Attack","floor":7.0},{"not_picked":["Distraction","Backstab"],"picked":"Backflip","floor":8.0},{"not_picked":["PiercingWail+1","Backstab"],"picked":"Skewer","floor":11.0},{"not_picked":["Eviscerate","Quick Slash"],"picked":"Tactician+1","floor":14.0},{"not_picked":["Venomology+1","Tools of the Trade"],"picked":"Burst+1","floor":16.0},{"not_picked":["Concentrate+1","Heel Hook"],"picked":"Blade Dance+1","floor":18.0},{"not_picked":["Poisoned Stab","Deadly Poison+1"],"picked":"Crippling Poison+1","floor":19.0},{"not_picked":["Catalyst+1","Noxious Fumes","Dagger Throw"],"picked":"PiercingWail+1","floor":23.0},{"not_picked":["Sucker Punch","Riddle With Holes","Deadly Poison+1"],"picked":"Backflip+1","floor":27.0}],"player_experience":689876,"relics_obtained":[{"floor":2.0,"key":"Dodecahedron"},{"floor":6.0,"key":"Omamori"},{"floor":8.0,"key":"Regal Pillow"},{"floor":9.0,"key":"Toxic Egg 2"},{"floor":11.0,"key":"Letter Opener"},{"floor":23.0,"key":"Pantograph"},{"floor":26.0,"key":"Pen Nib"},{"floor":26.0,"key":"Paper Crane"},{"floor":28.0,"key":"Dream Catcher"}],"event_choices":[{"damage_healed":0.0,"max_hp_gain":0.0,"max_hp_loss":0.0,"gold_gain":0.0,"event_name":"Big Fish","player_choice":"Box","floor":10.0,"gold_loss":0.0,"damage_taken":0.0,"relics_obtained":["Ninja Scroll"],"cards_obtained":["Regret"]},{"damage_healed":0.0,"max_hp_gain":0.0,"max_hp_loss":0.0,"gold_gain":0.0,"cards_transformed":["Strike_G"],"event_name":"Transmorgrifier","player_choice":"Transformed","floor":13.0,"gold_loss":0.0,"damage_taken":0.0,"cards_obtained":["Well Laid Plans"]},{"damage_healed":0.0,"max_hp_gain":0.0,"max_hp_loss":0.0,"gold_gain":0.0,"event_name":"The Mausoleum","player_choice":"Opened","floor":21.0,"gold_loss":0.0,"damage_taken":0.0,"relics_obtained":["Nunchaku"],"cards_obtained":["Writhe"]},{"damage_healed":0.0,"max_hp_gain":0.0,"max_hp_loss":0.0,"gold_gain":0.0,"event_name":"Addict","player_choice":"Stole Relic","floor":22.0,"gold_loss":0.0,"damage_taken":0.0,"relics_obtained":["Question Card"],"cards_obtained":["Shame"]},{"damage_healed":0.0,"max_hp_gain":5.0,"max_hp_loss":0.0,"gold_gain":0.0,"event_name":"Forgotten Altar","player_choice":"Shed Blood","floor":25.0,"gold_loss":0.0,"damage_taken":18.0},{"damage_healed":0.0,"max_hp_gain":0.0,"max_hp_loss":0.0,"gold_gain":0.0,"event_name":"Cursed Tome","player_choice":"Ignored","floor":29.0,"gold_loss":0.0,"damage_taken":0.0}],"is_beta":false,"boss_relics":[{"not_picked":["Fusion Hammer","Philosopher\u0027s Stone"],"picked":"WristBlade"}],"items_purged_floors":[],"is_endless":false,"potions_floor_spawned":[4,8,11,16,18],"killed_by":"Centurion and Healer","ascension_level":5}