{"gold_per_floor":[366,386,401,50,70,104,179,179,228,228],"floor_reached":10,"playtime":2270,"items_purged":["Strike_R"],"score":88,"play_id":"50c0b000-bd68-4afa-9f9d-832970c32385","local_time":"20190704174255","is_ascension_mode":true,"campfire_choices":[{"data":"Metallicize","floor":8,"key":"SMITH"}],"neow_cost":"TEN_PERCENT_HP_LOSS","seed_source_timestamp":0,"circlet_count":0,"master_deck":["Strike_R","Strike_R","Strike_R","Strike_R","Defend_R","Defend_R","Defend_R","Defend_R","Bash","Burning Pact","Reckless Charge","Havoc","Metallicize+1","Feel No Pain","Offering"],"relics":["Burning Blood","MealTicket","Pear","Art of War"],"potions_floor_usage":[10],"damage_taken":[{"damage":4,"enemies":"Small Slimes","floor":1,"turns":3},{"damage":12,"enemies":"Jaw Worm","floor":2,"turns":3},{"damage":11,"enemies":"Cultist","floor":3,"turns":4},{"damage":13,"enemies":"3 Louse","floor":5,"turns":4},{"damage":15,"enemies":"3 Sentries","floor":6,"turns":19},{"damage":52,"enemies":"Gremlin Nob","floor":10,"turns":4}],"seed_played":"-7370519316931156249","potions_obtained":[{"floor":1,"key":"Energy Potion"},{"floor":3,"key":"Block Potion"}],"is_trial":false,"path_per_floor":["M","M","M","$","M","E","?","R","T","E"],"character_chosen":"IRONCLAD","items_purchased":["Metallicize","MealTicket"],"campfire_rested":0,"item_purchase_floors":[4,4],"current_hp_per_floor":[72,66,61,61,54,55,44,44,44,0],"gold":228,"neow_bonus":"TWO_FIFTY_GOLD","is_prod":false,"is_daily":false,"chose_seed":true,"campfire_upgraded":1,"win_rate":0,"timestamp":1562276575,"path_taken":["M","M","M","$","M","E","?","R","T","E"],"build_version":"2019-07-01","purchased_purges":1,"victory":false,"max_hp_per_floor":[72,72,72,72,72,82,82,82,82,82],"card_choices":[{"not_picked":["Perfected Strike","Inflame"],"picked":"Burning Pact","floor":1},{"not_picked":["Clash","Armaments"],"picked":"Reckless Charge","floor":2},{"not_picked":["Sever Soul","Pommel Strike"],"picked":"Havoc","floor":3},{"not_picked":["Metallicize","Clash"],"picked":"Feel No Pain","floor":5},{"not_picked":["Armaments","Headbutt"],"picked":"Offering","floor":6}],"player_experience":780912,"relics_obtained":[{"floor":6,"key":"Pear"},{"floor":9,"key":"Art of War"}],"event_choices":[{"damage_healed":0,"gold_gain":75,"player_choice":"Gather Gold","damage_taken":11,"max_hp_gain":0,"max_hp_loss":0,"event_name":"World of Goop","floor":7,"gold_loss":0}],"is_beta":false,"boss_relics":[],"items_purged_floors":[4],"is_endless":false,"potions_floor_spawned":[1,3],"killed_by":"Gremlin Nob","ascension_level":6}