{"gold_per_floor":[116,291,301,301,320,320,355,372,372,447,447,447,15,40,40,138,138,151,151,151,22,22,22,52,52,52,77,95,95,111,125,125,222,222,237,35,45,45,91,91,91,91,91,91,57,57,76,76],"floor_reached":48,"playtime":6924,"items_purged":["Regret"],"score":546,"play_id":"3e36bd43-1a17-4eeb-b456-741d1efdf9bd","local_time":"20190531222132","is_ascension_mode":true,"campfire_choices":[{"data":"Neutralize","floor":6.0,"key":"SMITH"},{"floor":12.0,"key":"REST"},{"floor":15.0,"key":"REST"},{"data":"Tools of the Trade","floor":23.0,"key":"SMITH"},{"data":"Burst","floor":25.0,"key":"SMITH"},{"data":"Calculated Gamble","floor":29.0,"key":"SMITH"},{"data":"Outmaneuver","floor":32.0,"key":"SMITH"},{"floor":40,"key":"RECALL"},{"data":"Magnetism","floor":42,"key":"SMITH"},{"data":"Madness","floor":44,"key":"SMITH"},{"data":"Madness","floor":46,"key":"SMITH"}],"neow_cost":"NONE","seed_source_timestamp":0,"circlet_count":0,"master_deck":["Defend_G","Defend_G","Defend_G","Defend_G","Defend_G","Strike_G","Strike_G+1","Survivor","Neutralize+1","Dramatic Entrance","Deadly Poison","Dagger Spray+1","Deflect","Tools of the Trade+1","A Thousand Cuts","Quick Slash","Burst+1","Deflect+1","Sucker Punch+1","Backflip+1","Noxious Fumes+1","Acrobatics","Infinite Blades","Ghostly","Ghostly","Ghostly","Ghostly","Ghostly","Outmaneuver+1","Outmaneuver+1","Calculated Gamble+1","Terror","Escape Plan","Adrenaline","Masterful Stab+1","Violence","Magnetism+1","Madness+1","Madness+1","Footwork"],"special_seed":0,"relics":["Ring of the Snake","Ninja Scroll","Sundial","HandDrill","Whetstone","Astrolabe","Nilry\u0027s Codex","Gremlin Horn","Molten Egg 2","Bottled Lightning","HoveringKite","Frozen Eye","Turnip","Paper Crane"],"potions_floor_usage":[39,48],"damage_taken":[{"damage":1.0,"enemies":"Jaw Worm","floor":1.0,"turns":5.0},{"damage":0.0,"enemies":"Small Slimes","floor":3.0,"turns":4.0},{"damage":2.0,"enemies":"Cultist","floor":5.0,"turns":5.0},{"damage":40.0,"enemies":"Lagavulin","floor":7.0,"turns":8.0},{"damage":9.0,"enemies":"Blue Slaver","floor":8.0,"turns":3.0},{"damage":9.0,"enemies":"3 Sentries","floor":14.0,"turns":6.0},{"damage":23.0,"enemies":"Slime Boss","floor":16.0,"turns":9.0},{"damage":5.0,"enemies":"Shell Parasite","floor":18.0,"turns":5.0},{"damage":14.0,"enemies":"Slavers","floor":24.0,"turns":5.0},{"damage":4.0,"enemies":"Gremlin Leader","floor":27.0,"turns":8.0},{"damage":2.0,"enemies":"2 Thieves","floor":28.0,"turns":4.0},{"damage":0.0,"enemies":"3 Cultists","floor":30.0,"turns":6.0},{"damage":3.0,"enemies":"Snake Plant","floor":31.0,"turns":6.0},{"damage":5.0,"enemies":"Collector","floor":33.0,"turns":10.0},{"damage":3.0,"enemies":"3 Shapes","floor":35.0,"turns":4.0},{"damage":3.0,"enemies":"3 Darklings","floor":37.0,"turns":5.0},{"damage":2,"enemies":"2 Orb Walkers","floor":39,"turns":7},{"damage":3,"enemies":"Transient","floor":47,"turns":5},{"damage":17,"enemies":"Reptomancer","floor":48,"turns":2}],"seed_played":"-3797703858295803659","potions_obtained":[{"floor":3.0,"key":"AttackPotion"},{"floor":8.0,"key":"Swift Potion"},{"floor":14.0,"key":"Weak Potion"},{"floor":18.0,"key":"Swift Potion"},{"floor":30.0,"key":"Block Potion"},{"floor":33.0,"key":"AttackPotion"},{"floor":37.0,"key":"Poison Potion"}],"is_trial":false,"path_per_floor":["M","?","M","?","M","R","E","M","T","?","?","R","$","E","R","B",null,"M","?","?","$","?","R","E","R","T","E","M","R","M","M","R","B",null,"M","$","M","?","?","R","?","R","T","R","$","R","M","E"],"character_chosen":"THE_SILENT","items_purchased":["A Thousand Cuts","HandDrill","Acrobatics","Infinite Blades","Frozen Eye","Footwork"],"campfire_rested":2,"item_purchase_floors":[13,13,21,21,36,45],"current_hp_per_floor":[69,69,69,70,68,68,28,19,19,8,8,29,29,20,41,18,70,65,65,49,49,35,35,21,21,21,17,15,15,15,12,12,7,35,32,32,29,24,22,22,18,18,18,18,18,18,15,0],"gold":76,"neow_bonus":"RANDOM_COLORLESS","is_prod":false,"is_daily":false,"chose_seed":false,"campfire_upgraded":8,"win_rate":0,"timestamp":1559366492,"path_taken":["M","?","M","?","M","R","E","?","T","?","?","R","$","E","R","BOSS","M","?","?","$","?","R","E","R","T","E","M","R","M","M","R","BOSS","M","$","M","?","?","R","?","R","T","R","$","R","M","E"],"build_version":"2019-01-23","purchased_purges":1,"victory":false,"max_hp_per_floor":[70,70,70,70,70,70,70,70,70,70,70,70,70,70,70,70,70,70,70,70,70,35,35,35,35,35,35,35,35,35,35,35,35,35,35,35,35,35,35,35,35,35,35,35,35,35,35,35],"card_choices":[{"not_picked":["Escape Plan","Flying Knee"],"picked":"Prepared","floor":1.0},{"not_picked":["Underhanded Strike","Prepared"],"picked":"Deadly Poison","floor":3.0},{"not_picked":["Sucker Punch","Blade Dance"],"picked":"Dagger Spray","floor":5.0},{"not_picked":["Bouncing Flask","Underhanded Strike"],"picked":"Deflect","floor":7.0},{"not_picked":["Infinite Blades","Dagger Throw"],"picked":"Tools of the Trade","floor":8.0},{"not_picked":["Eviscerate","Dash"],"picked":"Quick Slash","floor":14.0},{"not_picked":["Malaise","Tools of the Trade"],"picked":"Burst","floor":16.0},{"not_picked":["Flying Knee","Dash"],"picked":"Noxious Fumes+1","floor":18.0},{"not_picked":["Predator+1","Finisher+1"],"picked":"Outmaneuver+1","floor":24.0},{"not_picked":["Infinite Blades","Distraction+1"],"picked":"Outmaneuver","floor":27.0},{"not_picked":["Cloak And Dagger+1","Riddle With Holes+1"],"picked":"Calculated Gamble","floor":28.0},{"not_picked":["All Out Attack+1","Prepared"],"picked":"Terror","floor":30.0},{"not_picked":["Acrobatics","Dagger Spray+1"],"picked":"Escape Plan","floor":31.0},{"not_picked":["Wraith Form v2","Phantasmal Killer"],"picked":"Adrenaline","floor":33.0},{"not_picked":["Quick Slash+1","Dagger Throw+1"],"picked":"Masterful Stab+1","floor":35.0},{"not_picked":["Dagger Spray+1","Sucker Punch+1","Poisoned Stab+1"],"picked":"SKIP","floor":37.0},{"not_picked":["Jack Of All Trades","Good Instincts"],"picked":"Violence","floor":38.0},{"not_picked":["Mind Blast+1","Enlightenment"],"picked":"Magnetism","floor":38.0},{"not_picked":["Cloak And Dagger","Leg Sweep","Masterful Stab+1"],"picked":"SKIP","floor":47}],"player_experience":319003,"relics_obtained":[{"floor":7.0,"key":"Ninja Scroll"},{"floor":14.0,"key":"Whetstone"},{"floor":20.0,"key":"Nilry\u0027s Codex"},{"floor":24.0,"key":"Gremlin Horn"},{"floor":26.0,"key":"Molten Egg 2"},{"floor":27.0,"key":"Bottled Lightning"},{"floor":39,"key":"Turnip"},{"floor":43,"key":"Paper Crane"}],"event_choices":[{"damage_healed":0.0,"max_hp_gain":0.0,"max_hp_loss":0.0,"gold_gain":175.0,"event_name":"Liars Game","player_choice":"AGREE","floor":2.0,"gold_loss":0.0,"damage_taken":0.0,"cards_obtained":["Doubt"]},{"cards_removed":["Prepared"],"damage_healed":5.0,"max_hp_gain":0.0,"max_hp_loss":0.0,"gold_gain":0.0,"event_name":"Bonfire Elementals","player_choice":"Offered Common","floor":4.0,"gold_loss":0.0,"damage_taken":0.0},{"cards_removed":["Prepared"],"damage_healed":5.0,"max_hp_gain":0.0,"max_hp_loss":0.0,"gold_gain":0.0,"event_name":"Bonfire Elementals","player_choice":"Offered Special","floor":4.0,"gold_loss":0.0,"damage_taken":0.0},{"damage_healed":0.0,"max_hp_gain":0.0,"max_hp_loss":0.0,"gold_gain":75.0,"event_name":"World of Goop","player_choice":"Gather Gold","floor":10.0,"gold_loss":0.0,"damage_taken":11.0},{"damage_healed":0.0,"max_hp_gain":0.0,"max_hp_loss":0.0,"gold_gain":0.0,"event_name":"Big Fish","player_choice":"Box","floor":11.0,"gold_loss":0.0,"damage_taken":0.0,"relics_obtained":["Sundial"],"cards_obtained":["Regret"]},{"cards_removed":["Doubt"],"damage_healed":0.0,"max_hp_gain":0.0,"max_hp_loss":0.0,"gold_gain":0.0,"event_name":"Back to Basics","player_choice":"Elegance","floor":19.0,"gold_loss":0.0,"damage_taken":0.0},{"damage_healed":0.0,"max_hp_gain":0.0,"max_hp_loss":0.0,"gold_gain":0.0,"event_name":"Cursed Tome","player_choice":"Obtained Book","floor":20.0,"gold_loss":0.0,"damage_taken":16.0},{"damage_healed":0.0,"max_hp_gain":0.0,"max_hp_loss":35.0,"gold_gain":0.0,"event_name":"Ghosts","player_choice":"Became a Ghost","floor":22.0,"gold_loss":0.0,"damage_taken":0.0,"cards_obtained":["Ghostly","Ghostly","Ghostly","Ghostly","Ghostly"]},{"damage_healed":0.0,"max_hp_gain":0.0,"max_hp_loss":0.0,"gold_gain":0.0,"event_name":"SensoryStone","player_choice":"Memory 2","floor":38.0,"gold_loss":0.0,"damage_taken":5.0},{"damage_healed":0,"gold_gain":0,"player_choice":"Fight","damage_taken":0,"max_hp_gain":0,"max_hp_loss":0,"event_name":"Mysterious Sphere","floor":39,"gold_loss":0},{"damage_healed":0,"gold_gain":0,"player_choice":"Embrace Madness","damage_taken":4,"max_hp_gain":0,"max_hp_loss":0,"event_name":"Winding Halls","floor":41,"gold_loss":0,"cards_obtained":["Madness","Madness"]}],"is_beta":false,"boss_relics":[{"not_picked":["Ectoplasm","Cursed Key"],"picked":"Astrolabe"},{"not_picked":["Orrery","Lizard Tail"],"picked":"HoveringKite"}],"items_purged_floors":[13],"is_endless":false,"potions_floor_spawned":[3,8,14,18,30,33,37],"killed_by":"Reptomancer","ascension_level":1}