{"gold_per_floor":[115,115,126,36,51,86,86,99,99,130,145,176,176,192,192,293,293,313,326,326,358,374,374,387,0,0,0,0,0,0,15,15,15],"floor_reached":33,"playtime":5241,"items_purged":[],"score":317,"play_id":"7d835947-0cd3-4462-a9ec-e07539efd3be","local_time":"20191020123715","is_ascension_mode":false,"campfire_choices":[{"floor":13,"key":"REST"},{"data":"Battle Trance","floor":15,"key":"SMITH"},{"data":"Body Slam","floor":23,"key":"SMITH"},{"data":"Ghostly","floor":32,"key":"SMITH"}],"neow_cost":"NONE","seed_source_timestamp":88849921872400,"circlet_count":0,"master_deck":["Strike_R","Strike_R","Strike_R","Strike_R","Strike_R","Defend_R","Defend_R","Defend_R","Defend_R","Bash+1","Battle Trance+1","Body Slam+1","Armaments+1","Shrug It Off","Twin Strike","Flame Barrier","Dropkick","Iron Wave","Body Slam","Dropkick","Headbutt","Reaper","Cleave+1","Blood for Blood+1","Anger","Feel No Pain","Ghostly Armor","Shrug It Off","Body Slam","Rage","Swift Strike","Ghostly+1","Ghostly","Ghostly","Ghostly","Ghostly","Entrench+1"],"relics":["Burning Blood","Champion Belt","Letter Opener","Dodecahedron","Regal Pillow","Coffee Dripper","MutagenicStrength","Red Mask","Oddly Smooth Stone","Ornamental Fan","Enchiridion"],"potions_floor_usage":[10],"damage_taken":[{"damage":10,"enemies":"Jaw Worm","floor":1,"turns":4},{"damage":10,"enemies":"Small Slimes","floor":3,"turns":4},{"damage":0,"enemies":"Cultist","floor":5,"turns":5},{"damage":29,"enemies":"Lagavulin","floor":6,"turns":8},{"damage":3,"enemies":"Lots of Slimes","floor":8,"turns":6},{"damage":53,"enemies":"Gremlin Nob","floor":10,"turns":5},{"damage":5,"enemies":"Looter","floor":11,"turns":3},{"damage":32,"enemies":"3 Sentries","floor":12,"turns":9},{"damage":5,"enemies":"Blue Slaver","floor":14,"turns":3},{"damage":35,"enemies":"The Guardian","floor":16,"turns":9},{"damage":1,"enemies":"Chosen","floor":18,"turns":3},{"damage":7,"enemies":"Shell Parasite","floor":19,"turns":4},{"damage":15,"enemies":"Masked Bandits","floor":21,"turns":4},{"damage":14,"enemies":"Sentry and Sphere","floor":22,"turns":3},{"damage":1,"enemies":"Cultist and Chosen","floor":24,"turns":6},{"damage":0,"enemies":"Centurion and Healer","floor":31,"turns":7},{"damage":49,"enemies":"Champ","floor":33,"turns":14}],"seed_played":"-965652706063451827","potions_obtained":[{"floor":1,"key":"Strength Potion"},{"floor":6,"key":"BloodPotion"},{"floor":10,"key":"Strength Potion"},{"floor":12,"key":"SmokeBomb"},{"floor":19,"key":"LiquidBronze"},{"floor":22,"key":"AttackPotion"}],"is_trial":false,"path_per_floor":["M","?","M","$","M","E","?","M","T","E","M","E","R","M","R","B",null,"M","M","?","?","M","R","M","$","T","?","?","?","$","M","R","B"],"character_chosen":"IRONCLAD","items_purchased":["Armaments","Shrug It Off","Oddly Smooth Stone","Shrug It Off","Body Slam","Rage","Swift Strike"],"campfire_rested":1,"item_purchase_floors":[4,4,25,25,25,25,25],"current_hp_per_floor":[84,84,80,80,86,63,63,66,66,41,42,16,57,58,58,29,88,88,87,87,78,70,70,75,75,75,75,59,44,44,44,44,0],"gold":15,"neow_bonus":"TEN_PERCENT_HP_BONUS","is_prod":false,"is_daily":false,"chose_seed":false,"campfire_upgraded":3,"win_rate":0.0,"timestamp":1571589435,"path_taken":["M","?","M","$","M","E","?","M","T","E","M","E","R","?","R","BOSS","M","?","?","?","?","R","M","$","T","?","?","?","?","?","R","BOSS"],"build_version":"2019-07-17","purchased_purges":0,"victory":false,"max_hp_per_floor":[88,88,88,88,88,88,88,88,88,88,88,88,88,88,88,88,88,88,88,88,88,88,88,88,88,88,88,88,44,44,44,44,44],"card_choices":[{"not_picked":["True Grit","Dual Wield"],"picked":"Battle Trance","floor":1},{"not_picked":["Infernal Blade","Clothesline"],"picked":"Body Slam","floor":3},{"not_picked":["Clash","Flex"],"picked":"Twin Strike","floor":5},{"not_picked":["Body Slam","Clash"],"picked":"Flame Barrier","floor":6},{"not_picked":["Thunderclap","Combust"],"picked":"Dropkick","floor":8},{"not_picked":["Combust","Flex"],"picked":"Iron Wave","floor":10},{"not_picked":["Carnage","Flex"],"picked":"Body Slam","floor":11},{"not_picked":["Clothesline","Whirlwind"],"picked":"Dropkick","floor":12},{"not_picked":["Reckless Charge","Brutality"],"picked":"Headbutt","floor":14},{"not_picked":["Demon Form","Double Tap"],"picked":"Reaper","floor":16},{"not_picked":["Reckless Charge","Thunderclap"],"picked":"Cleave+1","floor":18},{"not_picked":["Pommel Strike","Dual Wield"],"picked":"Blood for Blood+1","floor":19},{"not_picked":["Uppercut","Warcry"],"picked":"Anger","floor":21},{"not_picked":["True Grit","Second Wind"],"picked":"Feel No Pain","floor":22},{"not_picked":["Shrug It Off","Burning Pact+1"],"picked":"Ghostly Armor","floor":24},{"not_picked":["Cleave","Corruption"],"picked":"Entrench+1","floor":31}],"player_experience":0,"relics_obtained":[{"floor":6,"key":"Champion Belt"},{"floor":9,"key":"Letter Opener"},{"floor":10,"key":"Dodecahedron"},{"floor":12,"key":"Regal Pillow"},{"floor":21,"key":"Red Mask"},{"floor":26,"key":"Ornamental Fan"},{"floor":28,"key":"Enchiridion"}],"event_choices":[{"damage_healed":0,"gold_gain":0,"player_choice":"Grow","damage_taken":0,"max_hp_gain":0,"max_hp_loss":0,"event_name":"Living Wall","floor":2,"gold_loss":0,"cards_upgraded":["Bash"]},{"damage_healed":0,"gold_gain":0,"player_choice":"Upgraded","damage_taken":0,"max_hp_gain":0,"max_hp_loss":0,"event_name":"Upgrade Shrine","floor":7,"gold_loss":0,"cards_upgraded":["Armaments"]},{"damage_healed":0,"gold_gain":0,"player_choice":"Inject Mutagens","damage_taken":0,"relics_obtained":["MutagenicStrength"],"max_hp_gain":0,"max_hp_loss":0,"event_name":"Drug Dealer","floor":20,"gold_loss":0},{"damage_healed":0,"gold_gain":0,"player_choice":"Fought Bandits","damage_taken":0,"max_hp_gain":0,"max_hp_loss":0,"event_name":"Masked Bandits","floor":21,"gold_loss":0},{"damage_healed":0,"gold_gain":0,"player_choice":"Obtained Book","damage_taken":16,"max_hp_gain":0,"max_hp_loss":0,"event_name":"Cursed Tome","floor":28,"gold_loss":0},{"damage_healed":0,"gold_gain":0,"player_choice":"Became a Ghost","damage_taken":0,"max_hp_gain":0,"max_hp_loss":44,"event_name":"Ghosts","floor":29,"gold_loss":0,"cards_obtained":["Ghostly","Ghostly","Ghostly","Ghostly","Ghostly"]}],"is_beta":false,"boss_relics":[{"not_picked":["Lizard Tail","Runic Pyramid"],"picked":"Coffee Dripper"}],"items_purged_floors":[],"is_endless":false,"potions_floor_spawned":[1,6,10,12,19,22],"killed_by":"Champ","ascension_level":0}