{"gold_per_floor":[117,117,128,144,144,176,176,207,207,224,15,15,25,54,54,152,452,464,476,487,33,33,33,63,63,63,90,10,10,39,52,52,156,156,170,217,11,111,127,127,127,127,127,127,158,158,185,203,203,203,203,203,11,45,45],"floor_reached":56,"playtime":11599,"items_purged":["Pain","Strike_G"],"score":1675,"play_id":"edc0245f-1dae-4506-a59a-46e08578420d","local_time":"20190611232509","is_ascension_mode":true,"campfire_choices":[{"floor":7.0,"key":"REST"},{"data":"Calculated Gamble","floor":15.0,"key":"SMITH"},{"floor":23.0,"key":"REST"},{"data":"Tools of the Trade","floor":25.0,"key":"SMITH"},{"data":"Well Laid Plans","floor":29.0,"key":"SMITH"},{"data":"Acrobatics","floor":32.0,"key":"SMITH"},{"data":"Phantasmal Killer","floor":40,"key":"SMITH"},{"data":"Reflex","floor":42,"key":"SMITH"},{"data":"Impatience","floor":44,"key":"SMITH"},{"floor":49,"key":"RECALL"},{"data":"Chrysalis","floor":52,"key":"SMITH"}],"neow_cost":"NONE","seed_source_timestamp":0,"circlet_count":0,"master_deck":["Defend_G+1","Defend_G+1","Defend_G","Defend_G","Defend_G","Strike_G","Strike_G","Strike_G","Strike_G","Survivor","Neutralize+1","Leg Sweep","Venomology","Dagger Spray","Caltrops","Backflip","Blur","Setup","Calculated Gamble+1","Tools of the Trade+1","Pain","Writhe","Eviscerate+1","Acrobatics+1","Prepared+1","Well Laid Plans+1","Backflip","Caltrops","Tools of the Trade","Concentrate","Phantasmal Killer+1","Reflex+1","Backflip","Acrobatics","Tactician","Flechettes+1","Impatience+1","Chrysalis+1","Dark Shackles","Prepared+1","Apotheosis","Backflip"],"special_seed":0,"relics":["Ring of the Snake","NeowsBlessing","Strawberry","Tough Bandages","Singing Bowl","Toy Ornithopter","Du-Vu Doll","Calling Bell","Vajra","Molten Egg 2","Old Coin","Dodecahedron","Boot","The Courier","Juzu Bracelet","Bottled Lightning","HoveringKite","Tingsha","StoneCalendar","Shuriken","Letter Opener","Orichalcum","Pen Nib"],"potions_floor_usage":[45,47,48,50,50,54,55,55,55],"damage_taken":[{"damage":0.0,"enemies":"2 Louse","floor":1.0,"turns":1.0},{"damage":0.0,"enemies":"Small Slimes","floor":3.0,"turns":1.0},{"damage":0.0,"enemies":"Cultist","floor":4.0,"turns":1.0},{"damage":54.0,"enemies":"3 Sentries","floor":6.0,"turns":18.0},{"damage":20.0,"enemies":"Gremlin Nob","floor":8.0,"turns":5.0},{"damage":0.0,"enemies":"Red Slaver","floor":10.0,"turns":6.0},{"damage":0.0,"enemies":"Blue Slaver","floor":13.0,"turns":7.0},{"damage":10.0,"enemies":"3 Sentries","floor":14.0,"turns":12.0},{"damage":0.0,"enemies":"The Guardian","floor":16.0,"turns":20.0},{"damage":15.0,"enemies":"Shell Parasite","floor":18.0,"turns":9.0},{"damage":9.0,"enemies":"Spheric Guardian","floor":19.0,"turns":6.0},{"damage":19.0,"enemies":"Snake Plant","floor":20.0,"turns":5.0},{"damage":10.0,"enemies":"Book of Stabbing","floor":24.0,"turns":8.0},{"damage":0.0,"enemies":"Slavers","floor":27.0,"turns":7.0},{"damage":0.0,"enemies":"Gremlin Leader","floor":30.0,"turns":9.0},{"damage":0.0,"enemies":"Snecko","floor":31.0,"turns":6.0},{"damage":5.0,"enemies":"Automaton","floor":33.0,"turns":12.0},{"damage":4.0,"enemies":"3 Shapes","floor":35.0,"turns":7.0},{"damage":14.0,"enemies":"2 Orb Walkers","floor":36.0,"turns":9.0},{"damage":1.0,"enemies":"Mind Bloom Boss Battle","floor":38.0,"turns":5.0},{"damage":15,"enemies":"3 Darklings","floor":39,"turns":5},{"damage":1,"enemies":"Giant Head","floor":45,"turns":4},{"damage":0,"enemies":"Nemesis","floor":47,"turns":5},{"damage":1,"enemies":"Maw","floor":48,"turns":5},{"damage":19,"enemies":"Time Eater","floor":50,"turns":12},{"damage":15,"enemies":"Shield and Spear","floor":54,"turns":6},{"damage":8,"enemies":"The Heart","floor":55,"turns":8}],"seed_played":"-22603524027966629","potions_obtained":[{"floor":1.0,"key":"LiquidBronze"},{"floor":4.0,"key":"GamblersBrew"},{"floor":13.0,"key":"PowerPotion"},{"floor":16.0,"key":"SpeedPotion"},{"floor":19.0,"key":"GamblersBrew"},{"floor":27.0,"key":"GamblersBrew"},{"floor":31.0,"key":"GhostInAJar"},{"floor":33.0,"key":"AttackPotion"},{"floor":45,"key":"AttackPotion"},{"floor":47,"key":"AttackPotion"},{"floor":54,"key":"SpeedPotion"}],"is_trial":false,"path_per_floor":["M","?","M","M","?","E","R","E","T","M","$","?","M","E","R","B",null,"M","M","M","$","?","R","E","R","T","E","$","R","E","M","R","B",null,"M","?","$","?","M","R","?","R","T","R","E","?","E","M","R","B",null,"R","$","E","B",null],"character_chosen":"THE_SILENT","items_purchased":["Toy Ornithopter","Dodecahedron","Well Laid Plans","Backflip","Backflip","Acrobatics","Tactician","Flechettes+1","Apotheosis","Regen Potion"],"campfire_rested":2,"item_purchase_floors":[11,21,21,21,37,37,37,37,53,53],"current_hp_per_floor":[70,56,56,56,56,9,32,12,12,12,12,5,5,5,5,15,77,67,68,54,54,54,77,67,67,67,72,72,72,77,79,79,77,79,75,81,81,82,69,69,59,59,59,59,65,65,70,76,76,67,89,89,89,88,81],"gold":45,"neow_bonus":"THREE_ENEMY_KILL","is_prod":false,"is_daily":false,"chose_seed":false,"campfire_upgraded":8,"win_rate":0,"timestamp":1560320709,"path_taken":["M","?","M","M","?","E","R","E","T","?","?","?","M","E","R","BOSS","M","?","M","$","?","R","E","R","T","E","?","R","E","M","R","BOSS","M","?","$","?","M","R","?","R","T","R","E","?","E","M","R","BOSS","R","$","E","BOSS"],"build_version":"2019-01-23","purchased_purges":2,"victory":true,"max_hp_per_floor":[70,70,70,70,70,77,77,77,77,77,77,77,77,77,77,77,77,77,77,77,77,77,77,77,77,77,77,77,77,77,79,79,79,79,79,81,81,83,85,85,85,85,85,85,87,87,87,89,89,89,89,89,89,89,89],"card_choices":[{"not_picked":["Outmaneuver","Flying Knee"],"picked":"Leg Sweep","floor":1.0},{"not_picked":["Acrobatics","Sucker Punch"],"picked":"Venomology","floor":3.0},{"not_picked":["Flechettes","Slice"],"picked":"Dagger Spray","floor":4.0},{"not_picked":["Distraction","Concentrate"],"picked":"Caltrops","floor":6.0},{"not_picked":["Heel Hook","Noxious Fumes"],"picked":"Backflip","floor":8.0},{"not_picked":["Leg Sweep","Slice"],"picked":"Blur","floor":10.0},{"not_picked":["Expertise","All Out Attack"],"picked":"Setup","floor":13.0},{"not_picked":["Acrobatics","Underhanded Strike"],"picked":"Calculated Gamble","floor":14.0},{"not_picked":["Glass Knife","Wraith Form v2"],"picked":"Tools of the Trade","floor":16.0},{"not_picked":["Dash+1","Slice+1"],"picked":"Eviscerate+1","floor":18.0},{"not_picked":["Flying Knee+1","Catalyst"],"picked":"Acrobatics","floor":19.0},{"not_picked":["Flying Knee+1","Poisoned Stab+1"],"picked":"Prepared+1","floor":20.0},{"not_picked":["Blade Dance","Underhanded Strike+1"],"picked":"Caltrops","floor":24.0},{"not_picked":["Riddle With Holes+1","Dodge and Roll+1"],"picked":"Tools of the Trade","floor":27.0},{"not_picked":["Endless Agony+1","Setup"],"picked":"Concentrate","floor":30.0},{"not_picked":["Deflect","Bane+1","Skewer+1"],"picked":"Singing Bowl","floor":31.0},{"not_picked":["Envenom","Adrenaline"],"picked":"Phantasmal Killer","floor":33.0},{"not_picked":["Distraction","Catalyst+1"],"picked":"Reflex","floor":35.0},{"not_picked":["Prepared","Poisoned Stab+1","Cloak And Dagger"],"picked":"Singing Bowl","floor":36.0},{"not_picked":["Flying Knee+1","Bouncing Flask+1","Prepared"],"picked":"Singing Bowl","floor":38},{"not_picked":["Outmaneuver+1","Slice+1","Bane+1"],"picked":"Singing Bowl","floor":39},{"not_picked":["Forethought","Purity"],"picked":"Impatience","floor":41},{"not_picked":["Metamorphosis","Discovery"],"picked":"Chrysalis","floor":41},{"not_picked":["Trip","Metamorphosis"],"picked":"Dark Shackles","floor":41},{"not_picked":["Riddle With Holes+1","Dagger Throw+1","All Out Attack+1"],"picked":"Singing Bowl","floor":45},{"not_picked":["Skewer+1","Heel Hook+1"],"picked":"Prepared+1","floor":47},{"not_picked":["Infinite Blades+1","Poisoned Stab+1","Sucker Punch+1"],"picked":"Singing Bowl","floor":48},{"not_picked":["Bouncing Flask","Bane+1"],"picked":"Backflip","floor":54}],"player_experience":582409,"relics_obtained":[{"floor":6.0,"key":"Strawberry"},{"floor":8.0,"key":"Tough Bandages"},{"floor":9.0,"key":"Singing Bowl"},{"floor":14.0,"key":"Du-Vu Doll"},{"floor":17.0,"key":"Vajra"},{"floor":17.0,"key":"Molten Egg 2"},{"floor":17.0,"key":"Old Coin"},{"floor":24.0,"key":"The Courier"},{"floor":27.0,"key":"Juzu Bracelet"},{"floor":30.0,"key":"Bottled Lightning"},{"floor":36.0,"key":"Tingsha"},{"floor":38,"key":"StoneCalendar"},{"floor":43,"key":"Shuriken"},{"floor":45,"key":"Letter Opener"},{"floor":47,"key":"Orichalcum"},{"floor":54,"key":"Pen Nib"}],"event_choices":[{"damage_healed":0.0,"max_hp_gain":0.0,"max_hp_loss":0.0,"gold_gain":0.0,"event_name":"Shining Light","player_choice":"Entered Light","floor":2.0,"gold_loss":0.0,"damage_taken":14.0,"cards_upgraded":["Defend_G","Defend_G"]},{"damage_healed":0.0,"max_hp_gain":0.0,"max_hp_loss":0.0,"gold_gain":0.0,"event_name":"Accursed Blacksmith","player_choice":"Forge","floor":5.0,"gold_loss":0.0,"damage_taken":0.0,"cards_upgraded":["Neutralize"]},{"damage_healed":0.0,"max_hp_gain":0.0,"max_hp_loss":0.0,"gold_gain":0.0,"event_name":"Wheel of Change","player_choice":"Damaged","floor":12.0,"gold_loss":0.0,"damage_taken":7.0},{"damage_healed":0.0,"max_hp_gain":0.0,"max_hp_loss":0.0,"gold_gain":0.0,"event_name":"WeMeetAgain","player_choice":"Gave Potion","floor":22.0,"gold_loss":0.0,"damage_taken":0.0,"relics_obtained":["Boot"]},{"damage_healed":0.0,"max_hp_gain":0.0,"max_hp_loss":0.0,"gold_gain":0.0,"event_name":"Mysterious Sphere","player_choice":"Fight","floor":36.0,"gold_loss":0.0,"damage_taken":0.0},{"damage_healed":0.0,"max_hp_gain":0.0,"max_hp_loss":0.0,"gold_gain":0.0,"event_name":"MindBloom","player_choice":"Fight","floor":38.0,"gold_loss":0.0,"damage_taken":0.0},{"damage_healed":0,"gold_gain":0,"player_choice":"Memory 3","damage_taken":10,"max_hp_gain":0,"max_hp_loss":0,"event_name":"SensoryStone","floor":41,"gold_loss":0},{"damage_healed":0,"gold_gain":0,"player_choice":"Bought 0 Potions","damage_taken":0,"max_hp_gain":0,"max_hp_loss":0,"event_name":"The Woman in Blue","floor":46,"gold_loss":0}],"is_beta":false,"boss_relics":[{"not_picked":["Fusion Hammer","Lizard Tail"],"picked":"Calling Bell"},{"not_picked":["Ring of the Serpent","Snecko Eye"],"picked":"HoveringKite"}],"items_purged_floors":[21,28],"is_endless":false,"potions_floor_spawned":[1,4,13,16,19,27,31,33,45,47,54],"ascension_level":4}