{"gold_per_floor":[219,237,19,33,33,33,45,78,78,78,78,78],"floor_reached":12,"playtime":634,"items_purged":[],"score":109,"play_id":"e4ec98c9-e3f9-4603-babb-6cf1e2c93fa9","local_time":"20190715214646","is_ascension_mode":true,"campfire_choices":[{"data":"Zap","floor":6,"key":"SMITH"},{"floor":10,"key":"REST"}],"neow_cost":"NONE","seed_source_timestamp":0,"circlet_count":0,"master_deck":["Strike_B+1","Strike_B","Strike_B","Strike_B+1","Defend_B","Defend_B","Defend_B","Defend_B","Zap+1","Dualcast","Rebound","Turbo","Steam","Defragment","Self Repair","Genetic Algorithm","Regret"],"relics":["Cracked Core","Runic Capacitor","Letter Opener","Sundial","Ornamental Fan"],"potions_floor_usage":[8,12],"damage_taken":[{"damage":2,"enemies":"2 Louse","floor":1,"turns":3},{"damage":2,"enemies":"Jaw Worm","floor":2,"turns":3},{"damage":0,"enemies":"Cultist","floor":4,"turns":3},{"damage":1,"enemies":"2 Fungi Beasts","floor":7,"turns":3},{"damage":44,"enemies":"3 Sentries","floor":8,"turns":11},{"damage":35,"enemies":"Gremlin Nob","floor":12,"turns":4}],"seed_played":"-293094395809278703","potions_obtained":[{"floor":2,"key":"Weak Potion"},{"floor":4,"key":"AttackPotion"}],"is_trial":false,"path_per_floor":["M","M","$","M","?","R","M","E","T","R","?","E"],"character_chosen":"DEFECT","items_purchased":["Runic Capacitor","Steam"],"campfire_rested":1,"item_purchase_floors":[3,3],"current_hp_per_floor":[66,64,64,64,49,49,48,11,11,33,33,0],"gold":78,"neow_bonus":"HUNDRED_GOLD","is_prod":false,"is_daily":false,"chose_seed":true,"campfire_upgraded":1,"win_rate":0,"timestamp":1563241606,"path_taken":["M","M","$","M","?","R","M","E","T","R","?","E"],"build_version":"2019-07-05","purchased_purges":0,"victory":false,"max_hp_per_floor":[75,75,75,75,75,75,75,75,75,75,75,75],"card_choices":[{"not_picked":["Compile Driver","Ball Lightning"],"picked":"Rebound","floor":1},{"not_picked":["Conserve Battery","Cold Snap"],"picked":"Turbo","floor":2},{"not_picked":["Auto Shields","Chill"],"picked":"Defragment","floor":4},{"not_picked":["Beam Cell","Coolheaded"],"picked":"Self Repair","floor":7},{"not_picked":["Compile Driver","Biased Cognition"],"picked":"Genetic Algorithm","floor":8}],"player_experience":950124,"relics_obtained":[{"floor":8,"key":"Letter Opener"},{"floor":9,"key":"Sundial"}],"event_choices":[{"damage_healed":0,"gold_gain":0,"player_choice":"Entered Light","damage_taken":15,"max_hp_gain":0,"max_hp_loss":0,"event_name":"Shining Light","floor":5,"gold_loss":0,"cards_upgraded":["Strike_B","Strike_B"]},{"damage_healed":0,"gold_gain":0,"player_choice":"Box","damage_taken":0,"relics_obtained":["Ornamental Fan"],"max_hp_gain":0,"max_hp_loss":0,"event_name":"Big Fish","floor":11,"gold_loss":0,"cards_obtained":["Regret"]}],"is_beta":false,"boss_relics":[],"items_purged_floors":[],"is_endless":false,"potions_floor_spawned":[2,4],"killed_by":"Gremlin Nob","ascension_level":8}