{"gold_per_floor":[109,71,81,91,111,137,137,170,220,255,273,548,0,16,16,116,116,136,156,156,156,5,5,37,37,60,60,60],"floor_reached":28,"playtime":3166,"items_purged":["Regret","Shame"],"score":269,"play_id":"d51610af-5c3f-477b-bd81-fb09ac0fee9e","local_time":"20190531202249","is_ascension_mode":true,"campfire_choices":[{"data":"Footwork","floor":7.0,"key":"SMITH"},{"data":"Metamorphosis","floor":15.0,"key":"SMITH"},{"floor":23,"key":"REST"},{"floor":27,"key":"REST"}],"neow_cost":"NONE","seed_source_timestamp":0,"circlet_count":0,"master_deck":["Survivor","Neutralize","Blade Dance","Footwork+1","Infinite Blades","Sucker Punch","Corpse Explosion","Prepared","Blade Dance","Tools of the Trade","Well Laid Plans","Metamorphosis+1","Bane","Underhanded Strike","Die Die Die","Deflect","Quick Slash","Escape Plan","Dodge and Roll","Caltrops","Deadly Poison","Tools of the Trade","Backflip","Night Terror","Doppelganger","Cloak And Dagger","Expertise+1","Acrobatics","Dramatic Entrance+1"],"special_seed":0,"relics":["WristBlade","Strawberry","Dodecahedron","Art of War","PrismaticShard","Pandora\u0027s Box","Snake Skull","Pen Nib","Bag of Marbles"],"potions_floor_usage":[24],"damage_taken":[{"damage":0.0,"enemies":"Cultist","floor":1.0,"turns":4.0},{"damage":3.0,"enemies":"Small Slimes","floor":3.0,"turns":3.0},{"damage":0.0,"enemies":"2 Louse","floor":4.0,"turns":3.0},{"damage":3.0,"enemies":"Looter","floor":5.0,"turns":4.0},{"damage":5.0,"enemies":"Lagavulin","floor":6.0,"turns":8.0},{"damage":19.0,"enemies":"3 Sentries","floor":8.0,"turns":4.0},{"damage":18.0,"enemies":"Gremlin Nob","floor":10.0,"turns":4.0},{"damage":0.0,"enemies":"Exordium Wildlife","floor":11.0,"turns":2.0},{"damage":1.0,"enemies":"2 Fungi Beasts","floor":14.0,"turns":3.0},{"damage":20.0,"enemies":"Hexaghost","floor":16.0,"turns":6.0},{"damage":21.0,"enemies":"Chosen","floor":18.0,"turns":5.0},{"damage":22,"enemies":"3 Byrds","floor":19,"turns":3},{"damage":36,"enemies":"Slavers","floor":24,"turns":3},{"damage":42,"enemies":"Shelled Parasite and Fungi","floor":28,"turns":4}],"seed_played":"7047929550662297099","potions_obtained":[{"floor":3.0,"key":"Regen Potion"},{"floor":5.0,"key":"Fire Potion"},{"floor":10.0,"key":"SteroidPotion"},{"floor":11.0,"key":"PowerPotion"},{"floor":19,"key":"Block Potion"}],"is_trial":false,"path_per_floor":["M","$","M","M","M","E","R","E","T","E","M","?","$","M","R","B",null,"M","M","?","?","$","R","E","?","T","R","M"],"character_chosen":"THE_SILENT","items_purchased":["Footwork","PrismaticShard","Well Laid Plans","Metamorphosis","Bane","Acrobatics"],"campfire_rested":2,"item_purchase_floors":[2,13,13,13,13,22],"current_hp_per_floor":[70,70,67,67,64,66,66,47,47,38,38,38,38,37,37,17,77,56,34,34,34,34,57,21,7,7,31,0],"gold":60,"neow_bonus":"BOSS_RELIC","is_prod":false,"is_daily":false,"chose_seed":false,"campfire_upgraded":2,"win_rate":0,"timestamp":1559359369,"path_taken":["M","$","M","M","M","E","R","E","T","E","M","?","$","?","R","BOSS","M","M","?","?","$","R","E","?","T","R","M"],"build_version":"2019-01-23","purchased_purges":2,"victory":false,"max_hp_per_floor":[70,70,70,70,70,77,77,77,77,77,77,77,77,77,77,77,77,77,77,77,77,77,77,77,82,82,82,82],"card_choices":[{"not_picked":["Prepared","Quick Slash"],"picked":"Blade Dance","floor":1.0},{"not_picked":["Blur","Acrobatics"],"picked":"Infinite Blades","floor":3.0},{"not_picked":["Bane","Flying Knee"],"picked":"Sucker Punch","floor":4.0},{"not_picked":["Quick Slash","PiercingWail"],"picked":"Underhanded Strike","floor":5.0},{"not_picked":["Masterful Stab","Eviscerate"],"picked":"Corpse Explosion","floor":6.0},{"not_picked":["Dagger Throw","Outmaneuver"],"picked":"Prepared","floor":8.0},{"not_picked":["Sucker Punch","Dagger Spray"],"picked":"Blade Dance","floor":10.0},{"not_picked":["Bane","Dash"],"picked":"Tools of the Trade","floor":11.0},{"not_picked":["Havoc","Compile Driver"],"picked":"Underhanded Strike","floor":14.0},{"not_picked":["Violence","Bludgeon"],"picked":"Die Die Die","floor":16.0},{"not_picked":["Auto Shields","Thunderclap"],"picked":"Cloak And Dagger","floor":18.0},{"not_picked":["Seeing Red","Barrage"],"picked":"Expertise+1","floor":19},{"not_picked":["Cold Snap+1","Havoc+1"],"picked":"Dramatic Entrance+1","floor":24}],"player_experience":315837,"relics_obtained":[{"floor":6.0,"key":"Strawberry"},{"floor":8.0,"key":"Dodecahedron"},{"floor":10.0,"key":"Art of War"},{"floor":24,"key":"Pen Nib"},{"floor":26,"key":"Bag of Marbles"}],"event_choices":[{"damage_healed":0.0,"max_hp_gain":0.0,"max_hp_loss":0.0,"gold_gain":275.0,"event_name":"Golden Shrine","player_choice":"Desecrate","floor":12.0,"gold_loss":0.0,"damage_taken":0.0,"cards_obtained":["Regret"]},{"cards_removed":["Underhanded Strike"],"damage_healed":0,"gold_gain":0,"player_choice":"Elegance","damage_taken":0,"max_hp_gain":0,"max_hp_loss":0,"event_name":"Back to Basics","floor":20,"gold_loss":0},{"damage_healed":0,"gold_gain":0,"player_choice":"Stole Relic","damage_taken":0,"relics_obtained":["Snake Skull"],"max_hp_gain":0,"max_hp_loss":0,"event_name":"Addict","floor":21,"gold_loss":0,"cards_obtained":["Shame"]},{"damage_healed":0,"gold_gain":0,"player_choice":"Shed Blood","damage_taken":19,"max_hp_gain":5,"max_hp_loss":0,"event_name":"Forgotten Altar","floor":25,"gold_loss":0}],"is_beta":false,"boss_relics":[{"not_picked":["Snecko Eye","Coffee Dripper"],"picked":"Pandora\u0027s Box"}],"items_purged_floors":[13,22],"is_endless":false,"potions_floor_spawned":[3,5,10,11,19],"killed_by":"Shelled Parasite and Fungi","ascension_level":1}