{"gold_per_floor":[218,235,235,253,253,253,86,98,182,27,47,63,63,91,91,168,168,182,165,77,77],"floor_reached":21,"playtime":2072,"items_purged":[],"score":361,"play_id":"3dfd5836-6046-47f2-8a0e-d87c6493d63d","local_time":"20190903234715","is_ascension_mode":true,"campfire_choices":[{"data":"Sunder","floor":6.0,"key":"SMITH"},{"floor":13.0,"key":"REST"},{"data":"Beam Cell","floor":15.0,"key":"SMITH"}],"neow_cost":"NONE","seed_source_timestamp":106259797633373,"circlet_count":0,"master_deck":["AscendersBane","Strike_B","Strike_B","Strike_B","Defend_B","Defend_B","Defend_B","Defend_B","Zap","Dualcast","Gash","Sunder+1","Creative AI","Ball Lightning","Glacier","Heatsinks","Auto Shields","Beam Cell+1","Echo Form","Gash","Go for the Eyes","Enlightenment"],"special_seed":0,"relics":["Cracked Core","FaceOfCleric","Oddly Smooth Stone","Tiny Chest","PreservedInsect","Orichalcum","Eternal Feather"],"potions_floor_usage":[21],"damage_taken":[{"damage":4.0,"enemies":"2 Louse","floor":1.0,"turns":2.0},{"damage":8.0,"enemies":"Jaw Worm","floor":2.0,"turns":4.0},{"damage":0.0,"enemies":"Cultist","floor":4.0,"turns":2.0},{"damage":18.0,"enemies":"Gremlin Gang","floor":8.0,"turns":3.0},{"damage":8.0,"enemies":"Red Slaver","floor":11.0,"turns":4.0},{"damage":6.0,"enemies":"Large Slime","floor":12.0,"turns":5.0},{"damage":0.0,"enemies":"Lagavulin","floor":14.0,"turns":4.0},{"damage":20.0,"enemies":"Slime Boss","floor":16.0,"turns":15.0},{"damage":23.0,"enemies":"Spheric Guardian","floor":18.0,"turns":5.0},{"damage":28.0,"enemies":"2 Thieves","floor":19.0,"turns":4.0},{"damage":13,"enemies":"Centurion and Healer","floor":21,"turns":3}],"seed_played":"7125470146769713244","potions_obtained":[{"floor":2.0,"key":"AttackPotion"},{"floor":11.0,"key":"Fire Potion"},{"floor":19.0,"key":"Dexterity Potion"}],"is_trial":false,"path_per_floor":["M","M","?","M","?","R","$","M","T","$","M","M","R","E","R","B",null,"M","M","$","M"],"character_chosen":"DEFECT","items_purchased":["Ball Lightning","Oddly Smooth Stone","PreservedInsect","Enlightenment"],"campfire_rested":1,"item_purchase_floors":[7,7,10,20],"current_hp_per_floor":[60,52,45,45,45,45,45,28,28,28,21,16,38,39,39,20,62,40,13,13,0],"gold":77,"neow_bonus":"HUNDRED_GOLD","is_prod":false,"is_daily":false,"chose_seed":false,"campfire_upgraded":2,"win_rate":0,"timestamp":1567568835,"path_taken":["M","M","?","M","?","R","$","M","T","$","M","?","R","E","R","BOSS","M","?","?","M"],"build_version":"2019-07-17","purchased_purges":0,"victory":false,"max_hp_per_floor":[71,71,71,71,71,71,71,72,72,72,73,74,74,75,75,76,76,77,78,78,78],"card_choices":[{"not_picked":["Barrage","Rebound"],"picked":"Gash","floor":1.0},{"not_picked":["Blizzard","Barrage"],"picked":"Sunder","floor":2.0},{"not_picked":["Turbo","Stack"],"picked":"Creative AI","floor":4.0},{"not_picked":["Conserve Battery","Undo"],"picked":"Glacier","floor":8.0},{"not_picked":["Cold Snap","Coolheaded"],"picked":"Heatsinks","floor":11.0},{"not_picked":["Gash","Barrage"],"picked":"Auto Shields","floor":12.0},{"not_picked":["Gash","White Noise"],"picked":"Beam Cell","floor":14.0},{"not_picked":["Meteor Strike","Machine Learning"],"picked":"Echo Form","floor":16.0},{"not_picked":["Steam","Cold Snap"],"picked":"Gash","floor":18.0},{"not_picked":["Lockon","Cold Snap+1"],"picked":"Go for the Eyes","floor":19.0}],"player_experience":1308695,"relics_obtained":[{"floor":9.0,"key":"Tiny Chest"},{"floor":14.0,"key":"Orichalcum"}],"event_choices":[{"cards_removed":["Strike_B"],"damage_healed":0.0,"max_hp_gain":0.0,"max_hp_loss":0.0,"gold_gain":0.0,"event_name":"Golden Wing","player_choice":"Card Removal","floor":3.0,"gold_loss":0.0,"damage_taken":7.0},{"damage_healed":0.0,"max_hp_gain":0.0,"max_hp_loss":0.0,"gold_gain":0.0,"event_name":"FaceTrader","player_choice":"Trade","floor":5.0,"gold_loss":0.0,"damage_taken":0.0,"relics_obtained":["FaceOfCleric"]}],"is_beta":false,"boss_relics":[{"not_picked":["Fusion Hammer","Inserter"],"picked":"Eternal Feather"}],"items_purged_floors":[],"is_endless":false,"potions_floor_spawned":[2,11,19],"killed_by":"Centurion and Healer","ascension_level":15}