{"gold_per_floor":[111,81,96,113,133,160,160,190,213,213,213,245,0,30,30,130,130,140,140,156,167,58,58,88,88,88,88,88],"floor_reached":28,"playtime":2259,"items_purged":[],"score":383,"play_id":"de42145e-89a6-44eb-a59a-92d32ffe4d33","local_time":"20191017194818","is_ascension_mode":true,"campfire_choices":[{"data":"Barricade","floor":7.0,"key":"SMITH"},{"data":"Bash","floor":10.0,"key":"SMITH"},{"floor":15.0,"key":"REST"},{"data":"Corruption","floor":23.0,"key":"SMITH"},{"floor":25.0,"key":"REST"},{"data":"Rupture","floor":27.0,"key":"SMITH"}],"neow_cost":"NONE","seed_source_timestamp":117262174535854,"circlet_count":0,"master_deck":["Strike_R","Strike_R","Strike_R","Strike_R","Strike_R+1","Defend_R","Defend_R","Defend_R","Defend_R","Bash+1","Blind","Feel No Pain","Disarm","Flame Barrier","Corruption+1","Barricade+1","Spot Weakness","Rupture+1","Pommel Strike+1","Rage","Sword Boomerang","Brutality","Body Slam","Shockwave","Twin Strike+1","Reckless Charge","Evolve","Sword Boomerang"],"special_seed":0,"relics":["Burning Blood","Letter Opener","Boot","Juzu Bracelet","Happy Flower","InkBottle","OrangePellets","Whetstone","Sozu","StrikeDummy","Matryoshka","Strawberry","Art of War"],"potions_floor_usage":[28,28],"damage_taken":[{"damage":6.0,"enemies":"Small Slimes","floor":1.0,"turns":4.0},{"damage":6.0,"enemies":"Cultist","floor":3.0,"turns":4.0},{"damage":5.0,"enemies":"Jaw Worm","floor":4.0,"turns":4.0},{"damage":10.0,"enemies":"2 Fungi Beasts","floor":5.0,"turns":5.0},{"damage":49.0,"enemies":"Gremlin Nob","floor":6.0,"turns":6.0},{"damage":5.0,"enemies":"Lagavulin","floor":8.0,"turns":14.0},{"damage":9.0,"enemies":"Gremlin Nob","floor":12.0,"turns":5.0},{"damage":23.0,"enemies":"3 Sentries","floor":14.0,"turns":8.0},{"damage":11.0,"enemies":"The Guardian","floor":16.0,"turns":13.0},{"damage":22.0,"enemies":"3 Byrds","floor":18.0,"turns":5.0},{"damage":16.0,"enemies":"2 Thieves","floor":20.0,"turns":4.0},{"damage":16.0,"enemies":"Snake Plant","floor":21.0,"turns":4.0},{"damage":27.0,"enemies":"Book of Stabbing","floor":24.0,"turns":5.0},{"damage":48,"enemies":"Slavers","floor":28,"turns":3}],"seed_played":"8464173875946097033","potions_obtained":[{"floor":1.0,"key":"Ancient Potion"},{"floor":2.0,"key":"Fruit Juice"},{"floor":2.0,"key":"Fire Potion"},{"floor":3.0,"key":"FearPotion"},{"floor":6.0,"key":"CultistPotion"},{"floor":12.0,"key":"Swift Potion"},{"floor":14.0,"key":"Explosive Potion"}],"is_trial":false,"path_per_floor":["M","?","M","M","M","E","R","E","T","R","?","E","$","E","R","B",null,"M","T","M","M","$","R","E","R","T","R","E"],"character_chosen":"IRONCLAD","items_purchased":["Pommel Strike","Rage","OrangePellets","Reckless Charge","Evolve"],"campfire_rested":2,"item_purchase_floors":[13,13,13,22,22],"current_hp_per_floor":[72,77,77,78,74,31,31,32,32,32,32,29,29,12,37,32,72,56,56,46,36,36,36,15,40,47,47,0],"gold":88,"neow_bonus":"RANDOM_COLORLESS","is_prod":false,"is_daily":false,"chose_seed":false,"campfire_upgraded":4,"win_rate":0,"timestamp":1571356098,"path_taken":["M","?","M","M","M","E","R","E","T","R","?","E","?","E","R","BOSS","M","?","M","M","$","R","E","R","T","R","E"],"build_version":"2019-10-17","purchased_purges":0,"victory":false,"max_hp_per_floor":[80,85,85,85,85,85,85,85,85,85,85,85,85,85,85,85,85,85,85,85,85,85,85,85,85,92,92,92],"card_choices":[{"not_picked":["Jack Of All Trades","Deep Breath"],"picked":"Blind","floor":0.0},{"not_picked":["True Grit","Clothesline"],"picked":"Feel No Pain","floor":1.0},{"not_picked":["Seeing Red","Second Wind"],"picked":"Disarm","floor":3.0},{"not_picked":["Carnage","Headbutt"],"picked":"Flame Barrier","floor":4.0},{"not_picked":["Armaments","Twin Strike"],"picked":"Corruption","floor":5.0},{"not_picked":["Seeing Red","Flex"],"picked":"Barricade","floor":6.0},{"not_picked":["Anger","Clash"],"picked":"Spot Weakness","floor":8.0},{"not_picked":["Ghostly Armor","Combust"],"picked":"Rupture","floor":12.0},{"not_picked":["Thunderclap","Hemokinesis"],"picked":"Sword Boomerang","floor":14.0},{"not_picked":["Juggernaut","Impervious"],"picked":"Brutality","floor":16.0},{"not_picked":["Cleave","Headbutt"],"picked":"Body Slam","floor":18.0},{"not_picked":["Flame Barrier","Inflame"],"picked":"Shockwave","floor":20.0},{"not_picked":["Havoc","Entrench+1"],"picked":"Twin Strike+1","floor":21.0},{"not_picked":["Intimidate","Flex"],"picked":"Sword Boomerang","floor":24.0}],"player_experience":1791386,"relics_obtained":[{"floor":6.0,"key":"Letter Opener"},{"floor":8.0,"key":"Boot"},{"floor":9.0,"key":"Juzu Bracelet"},{"floor":12.0,"key":"InkBottle"},{"floor":14.0,"key":"Whetstone"},{"floor":19.0,"key":"StrikeDummy"},{"floor":24.0,"key":"Matryoshka"},{"floor":26.0,"key":"Strawberry"},{"floor":26.0,"key":"Art of War"}],"event_choices":[{"damage_healed":0.0,"max_hp_gain":0.0,"max_hp_loss":0.0,"gold_gain":0.0,"event_name":"The Woman in Blue","player_choice":"Bought 2 Potions","floor":2.0,"gold_loss":0.0,"damage_taken":0.0},{"damage_healed":0.0,"max_hp_gain":0.0,"max_hp_loss":0.0,"gold_gain":0.0,"event_name":"WeMeetAgain","player_choice":"Gave Potion","floor":11.0,"gold_loss":0.0,"damage_taken":0.0,"relics_obtained":["Happy Flower"]}],"is_beta":true,"boss_relics":[{"not_picked":["SacredBark","Tiny House"],"picked":"Sozu"}],"items_purged_floors":[],"is_endless":false,"potions_floor_spawned":[1,3,6,12,14],"killed_by":"Slavers","ascension_level":9}