{"gold_per_floor":[118,118,132,148,148,183,195,208,254,254,279,309],"floor_reached":12,"playtime":3072,"items_purged":[],"score":140,"play_id":"3d44cc2d-f830-4784-bc9c-e0d69a8820a7","local_time":"20190813140013","is_ascension_mode":true,"campfire_choices":[{"floor":10,"key":"DIG"}],"neow_cost":"NONE","seed_source_timestamp":88620861591876,"circlet_count":0,"master_deck":["AscendersBane","Strike_B","Strike_B","Strike_B","Defend_B","Defend_B","Defend_B","Defend_B","Zap","Dualcast","Self Repair","Beam Cell","Conserve Battery","Multi-Cast","Turbo","Fusion","Glacier","Double Energy"],"relics":["Cracked Core","Potion Belt","Shovel","Sundial","PreservedInsect"],"potions_floor_usage":[6,11,11,12],"damage_taken":[{"damage":8,"enemies":"Jaw Worm","floor":1,"turns":4},{"damage":0,"enemies":"Cultist","floor":3,"turns":4},{"damage":0,"enemies":"Small Slimes","floor":4,"turns":3},{"damage":21,"enemies":"Lagavulin","floor":6,"turns":5},{"damage":20,"enemies":"Exordium Thugs","floor":7,"turns":4},{"damage":22,"enemies":"Large Slime","floor":8,"turns":7},{"damage":43,"enemies":"3 Sentries","floor":11,"turns":10},{"damage":16,"enemies":"3 Sentries","floor":12,"turns":8}],"seed_played":"-5617818492518756740","potions_obtained":[{"floor":1,"key":"SkillPotion"},{"floor":2,"key":"Regen Potion"},{"floor":2,"key":"Strength Potion"},{"floor":2,"key":"GamblersBrew"},{"floor":4,"key":"Explosive Potion"},{"floor":11,"key":"Swift Potion"}],"is_trial":false,"path_per_floor":["M","?","M","M","?","E","M","M","T","R","E","?"],"character_chosen":"DEFECT","items_purchased":[],"campfire_rested":0,"item_purchase_floors":[],"current_hp_per_floor":[60,60,67,74,74,60,47,32,32,32,11,0],"gold":309,"neow_bonus":"RANDOM_COMMON_RELIC","is_prod":false,"is_daily":false,"chose_seed":true,"campfire_upgraded":0,"win_rate":0,"timestamp":1565719213,"path_taken":["M","?","M","?","?","E","M","?","T","R","E","?"],"build_version":"2019-07-17","purchased_purges":0,"victory":false,"max_hp_per_floor":[75,75,75,75,75,75,75,75,75,75,75,75],"card_choices":[{"not_picked":["Glacier","Hologram"],"picked":"Self Repair","floor":1},{"not_picked":["Compile Driver","Leap"],"picked":"Beam Cell","floor":3},{"not_picked":["Cold Snap","Leap"],"picked":"Conserve Battery","floor":4},{"not_picked":["Lockon","Barrage"],"picked":"Turbo","floor":6},{"not_picked":["Barrage","Sweeping Beam"],"picked":"Fusion","floor":7},{"not_picked":["Sunder","Compile Driver"],"picked":"Glacier","floor":8},{"not_picked":["Cold Snap","Conserve Battery"],"picked":"Double Energy","floor":11}],"player_experience":1137353,"relics_obtained":[{"floor":6,"key":"Shovel"},{"floor":10,"key":"Sundial"},{"floor":11,"key":"PreservedInsect"}],"event_choices":[{"damage_healed":0,"gold_gain":0,"player_choice":"Got Potions","damage_taken":0,"max_hp_gain":0,"max_hp_loss":0,"event_name":"Lab","floor":2,"gold_loss":0},{"damage_healed":0,"gold_gain":0,"cards_transformed":["Strike_B"],"player_choice":"Transformed","damage_taken":0,"max_hp_gain":0,"max_hp_loss":0,"event_name":"Transmorgrifier","floor":5,"gold_loss":0,"cards_obtained":["Multi-Cast"]},{"damage_healed":0,"gold_gain":30,"player_choice":"Searched \u00272\u0027 times","damage_taken":0,"max_hp_gain":0,"max_hp_loss":0,"event_name":"Dead Adventurer","floor":12,"gold_loss":0}],"is_beta":false,"boss_relics":[],"items_purged_floors":[],"is_endless":false,"potions_floor_spawned":[1,4,11],"killed_by":"3 Sentries","ascension_level":11}