{"gold_per_floor":[118,43,43,43,62,62,92,107,107,127,127,91,105,139,139,239,239,249,349,18,31,50,50,84,102,129,147,147,160,160,177,177,177],"floor_reached":33,"playtime":3130,"items_purged":["Strike_B"],"score":486,"play_id":"dac071e7-15ec-4428-a0f5-95e4f26b923d","local_time":"20190828091638","is_ascension_mode":true,"campfire_choices":[{"data":"Zap","floor":6.0,"key":"SMITH"},{"floor":15,"key":"REST"},{"floor":23,"key":"REST"},{"floor":28,"key":"REST"},{"floor":32,"key":"REST"}],"neow_cost":"TEN_PERCENT_HP_LOSS","seed_source_timestamp":63401045202484,"circlet_count":0,"master_deck":["AscendersBane","Defend_B","Defend_B","Defend_B","Zap+1","Dualcast","Heatsinks","Sweeping Beam+1","Heatsinks","Chill","White Noise","Storm","Capacitor","Meteor Strike+1","Loop","Capacitor","Hologram","Conserve Battery","Reprogram","Electrodynamics","Tempest","Barrage+1","Lockon"],"special_seed":0,"relics":["FrozenCore","Torii","Mummified Hand","Matryoshka","Bottled Tornado","TheAbacus","Whetstone","Regal Pillow"],"potions_floor_usage":[14,16,24,24,31],"damage_taken":[{"damage":10.0,"enemies":"Small Slimes","floor":1.0,"turns":3.0},{"damage":7.0,"enemies":"Jaw Worm","floor":5.0,"turns":3.0},{"damage":21.0,"enemies":"3 Sentries","floor":7.0,"turns":7.0},{"damage":1.0,"enemies":"2 Louse","floor":8.0,"turns":2.0},{"damage":7.0,"enemies":"Blue Slaver","floor":10.0,"turns":4.0},{"damage":7.0,"enemies":"3 Louse","floor":13.0,"turns":2.0},{"damage":0,"enemies":"Gremlin Nob","floor":14,"turns":2},{"damage":27,"enemies":"Hexaghost","floor":16,"turns":11},{"damage":37,"enemies":"3 Byrds","floor":18,"turns":5},{"damage":12,"enemies":"2 Thieves","floor":21,"turns":3},{"damage":1,"enemies":"Snake Plant","floor":22,"turns":3},{"damage":8,"enemies":"Slavers","floor":24,"turns":4},{"damage":0,"enemies":"Centurion and Healer","floor":25,"turns":3},{"damage":0,"enemies":"3 Cultists","floor":27,"turns":2},{"damage":16,"enemies":"Snake Plant","floor":29,"turns":4},{"damage":0,"enemies":"Snecko","floor":31,"turns":2},{"damage":73,"enemies":"Champ","floor":33,"turns":7}],"seed_played":"6528223962260790148","potions_obtained":[{"floor":1.0,"key":"AttackPotion"},{"floor":10.0,"key":"FocusPotion"},{"floor":14,"key":"SpeedPotion"},{"floor":21,"key":"Block Potion"},{"floor":22,"key":"Fire Potion"},{"floor":24,"key":"SpeedPotion"},{"floor":27,"key":"Energy Potion"}],"is_trial":false,"path_per_floor":["M","$","?","?","M","R","E","M","T","M","?","$","M","E","R","B",null,"M","?","$","M","M","R","E","M","T","M","R","M","?","M","R","B"],"character_chosen":"DEFECT","items_purchased":["Storm","Capacitor","Hologram","TheAbacus"],"campfire_rested":4,"item_purchase_floors":[12,20,20,20],"current_hp_per_floor":[58,58,46,46,39,39,18,17,17,10,15,15,8,8,29,2,55,18,18,18,6,5,26,18,18,18,18,54,38,38,38,73,0],"gold":177,"neow_bonus":"REMOVE_TWO","is_prod":false,"is_daily":false,"chose_seed":false,"campfire_upgraded":1,"win_rate":0,"timestamp":1566998198,"path_taken":["M","$","?","?","M","R","E","M","T","M","?","?","M","E","R","BOSS","M","?","$","M","?","R","E","M","T","M","R","?","?","M","R","BOSS"],"build_version":"2019-07-17","purchased_purges":1,"victory":false,"max_hp_per_floor":[68,68,68,68,68,68,68,68,68,68,73,73,73,73,73,73,73,73,73,73,73,73,73,73,73,73,73,73,73,73,73,73,73],"card_choices":[{"not_picked":["Stack","Cold Snap"],"picked":"Heatsinks","floor":1.0},{"not_picked":["Fusion","Turbo"],"picked":"Sweeping Beam","floor":5.0},{"not_picked":["Coolheaded","Compile Driver"],"picked":"Heatsinks","floor":7.0},{"not_picked":["Barrage","Fusion"],"picked":"Chill","floor":8.0},{"not_picked":["Lockon","FTL"],"picked":"White Noise","floor":10.0},{"not_picked":["Rebound","Redo","Turbo"],"picked":"SKIP","floor":13.0},{"not_picked":["Static Discharge","Reprogram"],"picked":"Capacitor","floor":14},{"not_picked":["Multi-Cast","Fission"],"picked":"Meteor Strike","floor":16},{"not_picked":["Fusion+1","Sunder+1"],"picked":"Loop","floor":18},{"not_picked":["Leap","Darkness"],"picked":"Conserve Battery","floor":21},{"not_picked":["Genetic Algorithm","Coolheaded"],"picked":"Reprogram","floor":22},{"not_picked":["Coolheaded","Go for the Eyes+1"],"picked":"Electrodynamics","floor":24},{"not_picked":["Beam Cell","Lockon"],"picked":"Tempest","floor":25},{"not_picked":["Reinforced Body","Redo","Rebound"],"picked":"SKIP","floor":27},{"not_picked":["Sweeping Beam","Conserve Battery"],"picked":"Barrage+1","floor":29},{"not_picked":["Steam Power","Beam Cell"],"picked":"Lockon","floor":31}],"player_experience":1213598,"relics_obtained":[{"floor":7.0,"key":"Mummified Hand"},{"floor":9.0,"key":"Matryoshka"},{"floor":14,"key":"Bottled Tornado"},{"floor":24,"key":"Whetstone"},{"floor":26,"key":"Regal Pillow"}],"event_choices":[{"damage_healed":0.0,"max_hp_gain":0.0,"max_hp_loss":0.0,"gold_gain":0.0,"event_name":"Scrap Ooze","player_choice":"Success","floor":3.0,"gold_loss":0.0,"damage_taken":12.0,"relics_obtained":["Torii"]},{"cards_removed":["Strike_B"],"damage_healed":0.0,"max_hp_gain":0.0,"max_hp_loss":0.0,"gold_gain":0.0,"event_name":"Living Wall","player_choice":"Forget","floor":4.0,"gold_loss":0.0,"damage_taken":0.0},{"damage_healed":0.0,"max_hp_gain":5.0,"max_hp_loss":0.0,"gold_gain":0.0,"event_name":"Big Fish","player_choice":"Donut","floor":11.0,"gold_loss":0.0,"damage_taken":0.0},{"damage_healed":0,"gold_gain":100,"player_choice":"Pray","damage_taken":0,"max_hp_gain":0,"max_hp_loss":0,"event_name":"Golden Shrine","floor":19,"gold_loss":0},{"cards_removed":["Strike_B"],"damage_healed":0,"gold_gain":0,"player_choice":"Offered Basic","damage_taken":0,"max_hp_gain":0,"max_hp_loss":0,"event_name":"Bonfire Elementals","floor":30,"gold_loss":0}],"is_beta":false,"boss_relics":[{"not_picked":["Busted Crown","Lizard Tail"],"picked":"FrozenCore"}],"items_purged_floors":[2],"is_endless":false,"potions_floor_spawned":[1,10,14,21,22,24,27],"killed_by":"Champ","ascension_level":12}