{"gold_per_floor":[116,146,76,87,87,87,12,42,42,57,108,124,299,319,319,414,414,427,427,440,16,30,57,57,89,114,114],"floor_reached":27,"playtime":2018,"items_purged":["Regret","Strike_R"],"score":331,"play_id":"3c1859aa-9da5-4104-9b50-450c704f83bf","local_time":"20190610001345","is_ascension_mode":true,"campfire_choices":[{"data":"Feel No Pain","floor":6.0,"key":"SMITH"},{"data":"Demon Form","floor":15.0,"key":"SMITH"},{"data":"Trip","floor":24.0,"key":"SMITH"}],"neow_cost":"NONE","seed_source_timestamp":0,"circlet_count":0,"master_deck":["Strike_R","Strike_R","Strike_R","Strike_R","Defend_R","Defend_R","Defend_R","Defend_R","Bash","Dual Wield","Feel No Pain+1","Seeing Red","Pummel","Metallicize","Battle Trance","Cleave","Flame Barrier","Demon Form+1","Headbutt","Offering","Armaments","Sword Boomerang","Metallicize","Burning Pact","Shrug It Off","Metallicize","Trip+1","Power Through","Searing Blow","Rampage+1","Dark Embrace","Normality"],"special_seed":0,"relics":["Burning Blood","NeowsBlessing","Tiny Chest","Meat on the Bone","Ancient Tea Set","Prayer Wheel","Smiling Mask","Cursed Key","Medical Kit","Ginger","Anchor"],"potions_floor_usage":[],"damage_taken":[{"damage":0.0,"enemies":"Small Slimes","floor":1.0,"turns":1.0},{"damage":0.0,"enemies":"Jaw Worm","floor":4.0,"turns":1.0},{"damage":0.0,"enemies":"3 Sentries","floor":8.0,"turns":2.0},{"damage":7.0,"enemies":"2 Louse","floor":10.0,"turns":2.0},{"damage":35.0,"enemies":"Exordium Thugs","floor":12.0,"turns":8.0},{"damage":13.0,"enemies":"Looter","floor":14.0,"turns":3.0},{"damage":31.0,"enemies":"Slime Boss","floor":16.0,"turns":5.0},{"damage":42.0,"enemies":"2 Thieves","floor":18.0,"turns":3.0},{"damage":30.0,"enemies":"Spheric Guardian","floor":20.0,"turns":6.0},{"damage":21.0,"enemies":"Centurion and Healer","floor":22.0,"turns":7.0},{"damage":20.0,"enemies":"Book of Stabbing","floor":23.0,"turns":5.0},{"damage":33.0,"enemies":"Slavers","floor":25.0,"turns":8.0},{"damage":25,"enemies":"Book of Stabbing","floor":27,"turns":7}],"seed_played":"3329669468985414635","potions_obtained":[{"floor":1.0,"key":"FearPotion"},{"floor":8.0,"key":"Swift Potion"},{"floor":10.0,"key":"Swift Potion"},{"floor":23.0,"key":"Block Potion"}],"is_trial":false,"path_per_floor":["M","?","$","M","?","R","$","E","T","M","T","M","?","M","R","B",null,"M","?","M","$","M","E","R","E","T","E"],"character_chosen":"IRONCLAD","items_purchased":["Feel No Pain","Medical Kit","Shrug It Off","Metallicize","Trip"],"campfire_rested":0,"item_purchase_floors":[3,21,21,21,21],"current_hp_per_floor":[80,80,80,80,77,77,77,80,80,79,79,50,50,55,55,42,80,56,56,44,44,41,39,39,24,24,0],"gold":114,"neow_bonus":"THREE_ENEMY_KILL","is_prod":false,"is_daily":false,"chose_seed":false,"campfire_upgraded":3,"win_rate":0,"timestamp":1560150825,"path_taken":["M","?","?","M","?","R","$","E","T","M","?","?","?","M","R","BOSS","M","?","M","$","M","E","R","E","T","E"],"build_version":"2019-01-23","purchased_purges":2,"victory":false,"max_hp_per_floor":[80,80,80,80,80,80,80,80,80,80,80,80,80,80,80,80,80,80,80,80,80,80,80,80,80,80,80],"card_choices":[{"not_picked":["Pommel Strike","Twin Strike"],"picked":"Dual Wield","floor":1.0},{"not_picked":["Dropkick","Clothesline"],"picked":"Seeing Red","floor":4.0},{"not_picked":["Entrench","Havoc"],"picked":"Pummel","floor":8.0},{"not_picked":["Body Slam","Sword Boomerang"],"picked":"Metallicize","floor":10.0},{"not_picked":["Clothesline","Second Wind"],"picked":"Battle Trance","floor":10.0},{"not_picked":["Searing Blow","Clothesline"],"picked":"Cleave","floor":12.0},{"not_picked":["Uppercut","Havoc"],"picked":"Flame Barrier","floor":12.0},{"not_picked":["Rampage","Sword Boomerang"],"picked":"Demon Form","floor":14.0},{"not_picked":["Iron Wave","Blood for Blood"],"picked":"Headbutt","floor":14.0},{"not_picked":["Demon Form","Brutality"],"picked":"Offering","floor":16.0},{"not_picked":["Body Slam","Carnage"],"picked":"Armaments","floor":18.0},{"not_picked":["Anger","Clash"],"picked":"Sword Boomerang","floor":18.0},{"not_picked":["Twin Strike","Flex"],"picked":"Metallicize","floor":20.0},{"not_picked":["Clothesline","Sever Soul+1"],"picked":"Burning Pact","floor":20.0},{"not_picked":["Pommel Strike","Shrug It Off"],"picked":"Power Through","floor":22.0},{"not_picked":["Armaments+1","Burning Pact"],"picked":"Searing Blow","floor":22.0},{"not_picked":["Carnage","Sentinel"],"picked":"Rampage+1","floor":23.0},{"not_picked":["Iron Wave+1","Warcry"],"picked":"Dark Embrace","floor":25.0}],"player_experience":542638,"relics_obtained":[{"floor":8.0,"key":"Ancient Tea Set"},{"floor":9.0,"key":"Prayer Wheel"},{"floor":11.0,"key":"Smiling Mask"},{"floor":23.0,"key":"Ginger"},{"floor":25.0,"key":"Anchor"}],"event_choices":[{"damage_healed":0.0,"max_hp_gain":0.0,"max_hp_loss":0.0,"gold_gain":0.0,"event_name":"Big Fish","player_choice":"Box","floor":2.0,"gold_loss":0.0,"damage_taken":0.0,"relics_obtained":["Tiny Chest"],"cards_obtained":["Regret"]},{"damage_healed":0.0,"max_hp_gain":0.0,"max_hp_loss":0.0,"gold_gain":0.0,"event_name":"Scrap Ooze","player_choice":"Success","floor":5.0,"gold_loss":0.0,"damage_taken":3.0,"relics_obtained":["Meat on the Bone"]},{"damage_healed":0.0,"max_hp_gain":0.0,"max_hp_loss":0.0,"gold_gain":175.0,"event_name":"Liars Game","player_choice":"AGREE","floor":13.0,"gold_loss":0.0,"damage_taken":0.0,"cards_obtained":["Doubt"]},{"cards_removed":["Doubt"],"damage_healed":0.0,"max_hp_gain":0.0,"max_hp_loss":0.0,"gold_gain":0.0,"event_name":"Back to Basics","player_choice":"Elegance","floor":19.0,"gold_loss":0.0,"damage_taken":0.0}],"is_beta":false,"boss_relics":[{"not_picked":["Mark of Pain","Lizard Tail"],"picked":"Cursed Key"}],"items_purged_floors":[7,21],"is_endless":false,"potions_floor_spawned":[1,8,10,23],"killed_by":"Book of Stabbing","ascension_level":4}