{"gold_per_floor":[119,139,139,152,227,227,237,272,272,447,447],"floor_reached":11,"playtime":915,"items_purged":[],"score":77,"play_id":"9e74afe3-93a9-4183-961a-44745e556894","local_time":"20190604113147","is_ascension_mode":true,"campfire_choices":[{"data":"Dualcast","floor":6,"key":"SMITH"}],"neow_cost":"PERCENT_DAMAGE","seed_source_timestamp":63584646288750,"circlet_count":0,"master_deck":["Strike_B","Strike_B","Strike_B","Strike_B","Defend_B","Defend_B","Defend_B","Defend_B","Zap","Dualcast+1","Amplify","Loop","Doom and Gloom","Conserve Battery","Steam Power","Steam","Doubt"],"relics":["Cracked Core","Sundial","Question Card"],"potions_floor_usage":[8],"damage_taken":[{"damage":6,"enemies":"Cultist","floor":1,"turns":3},{"damage":6,"enemies":"Jaw Worm","floor":2,"turns":3},{"damage":3,"enemies":"Small Slimes","floor":4,"turns":3},{"damage":8,"enemies":"Looter","floor":7,"turns":3},{"damage":13,"enemies":"3 Sentries","floor":8,"turns":5},{"damage":7,"enemies":"Blue Slaver","floor":11,"turns":1}],"seed_played":"-8127371249609187284","potions_obtained":[{"floor":4,"key":"GamblersBrew"}],"is_trial":false,"path_per_floor":["M","M","T","M","?","R","M","E","T","?","M"],"character_chosen":"DEFECT","items_purchased":[],"campfire_rested":0,"item_purchase_floors":[],"current_hp_per_floor":[48,42,42,39,28,28,20,7,7,7,0],"gold":447,"neow_bonus":"THREE_RARE_CARDS","is_prod":false,"is_daily":false,"chose_seed":false,"campfire_upgraded":1,"win_rate":0,"timestamp":1559673107,"path_taken":["M","M","?","M","?","R","M","E","T","?","M"],"build_version":"2019-01-23","purchased_purges":0,"victory":false,"max_hp_per_floor":[75,75,75,75,75,75,75,75,75,75,75],"card_choices":[{"not_picked":["Rainbow","Multi-Cast"],"picked":"Amplify","floor":0},{"not_picked":["Ball Lightning","Aggregate"],"picked":"Loop","floor":1},{"not_picked":["Ball Lightning","Turbo"],"picked":"Doom and Gloom","floor":2},{"not_picked":["Go for the Eyes","Gash"],"picked":"Conserve Battery","floor":4},{"not_picked":["Ball Lightning","Rebound"],"picked":"Steam Power","floor":7},{"not_picked":["Go for the Eyes","Force Field"],"picked":"Steam","floor":8}],"player_experience":396547,"relics_obtained":[{"floor":8,"key":"Sundial"},{"floor":9,"key":"Question Card"}],"event_choices":[{"damage_healed":0,"gold_gain":75,"player_choice":"Gather Gold","damage_taken":11,"max_hp_gain":0,"max_hp_loss":0,"event_name":"World of Goop","floor":5,"gold_loss":0},{"damage_healed":0,"gold_gain":175,"player_choice":"AGREE","damage_taken":0,"max_hp_gain":0,"max_hp_loss":0,"event_name":"Liars Game","floor":10,"gold_loss":0,"cards_obtained":["Doubt"]}],"is_beta":false,"boss_relics":[],"items_purged_floors":[],"is_endless":false,"potions_floor_spawned":[4],"killed_by":"Blue Slaver","ascension_level":1}