{"gold_per_floor":[117,127,127,43,62,93,10,25,74,74,149,149,162,193,193,294,294,308,324,324,341,341],"floor_reached":22,"playtime":1770,"items_purged":[],"score":304,"play_id":"0b70de77-fb35-4580-99ba-63818c056a97","local_time":"20190814050620","is_ascension_mode":true,"campfire_choices":[{"data":"Zap","floor":10.0,"key":"SMITH"},{"floor":15.0,"key":"REST"}],"neow_cost":"TEN_PERCENT_HP_LOSS","seed_source_timestamp":38215764589430,"circlet_count":0,"master_deck":["AscendersBane","Zap+1","Dualcast","Reprogram","Stack","Capacitor","Gash","Gash","Multi-Cast","Gash","Rip and Tear","Beam Cell","Consume","Machine Learning","Echo Form","Streamline","Capacitor","Hologram","All For One","Turbo","Force Field","Steam","Hologram+1","All For One","BootSequence+1"],"special_seed":0,"relics":["Cracked Core","Du-Vu Doll","Pear","Boot","Orichalcum","Pandora\u0027s Box"],"potions_floor_usage":[16,21],"damage_taken":[{"damage":1.0,"enemies":"Cultist","floor":1.0,"turns":3.0},{"damage":7.0,"enemies":"Small Slimes","floor":2.0,"turns":3.0},{"damage":8.0,"enemies":"2 Louse","floor":5.0,"turns":3.0},{"damage":27.0,"enemies":"3 Sentries","floor":6.0,"turns":8.0},{"damage":8.0,"enemies":"Blue Slaver","floor":8.0,"turns":3.0},{"damage":0.0,"enemies":"Large Slime","floor":13.0,"turns":3.0},{"damage":10.0,"enemies":"Gremlin Nob","floor":14.0,"turns":3.0},{"damage":26,"enemies":"The Guardian","floor":16,"turns":9},{"damage":24,"enemies":"2 Thieves","floor":18,"turns":3},{"damage":19,"enemies":"Spheric Guardian","floor":19,"turns":4},{"damage":12,"enemies":"Snecko","floor":21,"turns":3},{"damage":17,"enemies":"Shelled Parasite and Fungi","floor":22,"turns":2}],"seed_played":"-6066059463338413972","potions_obtained":[{"floor":1.0,"key":"FocusPotion"},{"floor":2.0,"key":"PowerPotion"},{"floor":6.0,"key":"Block Potion"},{"floor":16,"key":"Dexterity Potion"},{"floor":19,"key":"FocusPotion"},{"floor":21,"key":"Fruit Juice"}],"is_trial":false,"path_per_floor":["M","M","$","$","M","E","$","M","T","R","?","?","M","E","R","B",null,"M","M","?","M","M"],"character_chosen":"DEFECT","items_purchased":["Capacitor","Gash","Gash","Rip and Tear"],"campfire_rested":1,"item_purchase_floors":[4,4,7,7],"current_hp_per_floor":[67,60,60,60,52,35,35,27,27,27,16,16,16,6,29,3,59,35,16,16,9,0],"gold":341,"neow_bonus":"ONE_RARE_RELIC","is_prod":false,"is_daily":false,"chose_seed":false,"campfire_upgraded":1,"win_rate":0,"timestamp":1565773580,"path_taken":["M","?","?","$","M","E","$","M","T","R","?","?","M","E","R","BOSS","M","M","?","M","M"],"build_version":"2019-07-17","purchased_purges":0,"victory":false,"max_hp_per_floor":[68,68,68,68,68,78,78,78,78,78,78,78,78,78,78,78,78,78,78,78,83,83],"card_choices":[{"not_picked":["Steam Power","Rebound"],"picked":"Reprogram","floor":1.0},{"not_picked":["Leap","Cold Snap"],"picked":"Stack","floor":2.0},{"not_picked":["Rebound","Storm"],"picked":"Gash","floor":5.0},{"not_picked":["Darkness","Force Field"],"picked":"Multi-Cast","floor":6.0},{"not_picked":["Conserve Battery","Sweeping Beam"],"picked":"Beam Cell","floor":8.0},{"not_picked":["BootSequence","Hologram"],"picked":"Consume","floor":13.0},{"not_picked":["Conserve Battery","Multi-Cast"],"picked":"Machine Learning","floor":14.0},{"not_picked":["Core Surge","Multi-Cast"],"picked":"Echo Form","floor":16},{"not_picked":["Lockon","Ball Lightning"],"picked":"Steam","floor":18},{"not_picked":["Static Discharge","Steam Power+1"],"picked":"Hologram+1","floor":19},{"not_picked":["Turbo","Stack+1"],"picked":"BootSequence+1","floor":21}],"player_experience":1141159,"relics_obtained":[{"floor":6.0,"key":"Pear"},{"floor":9.0,"key":"Boot"},{"floor":14.0,"key":"Orichalcum"}],"event_choices":[{"damage_healed":0.0,"max_hp_gain":0.0,"max_hp_loss":0.0,"gold_gain":75.0,"event_name":"World of Goop","player_choice":"Gather Gold","floor":11.0,"gold_loss":0.0,"damage_taken":11.0},{"cards_removed":["Strike_B"],"damage_healed":0.0,"max_hp_gain":0.0,"max_hp_loss":0.0,"gold_gain":0.0,"event_name":"Purifier","player_choice":"Purged","floor":12.0,"gold_loss":0.0,"damage_taken":0.0},{"damage_healed":0,"gold_gain":0,"cards_transformed":["Darkness"],"player_choice":"Transformed","damage_taken":0,"max_hp_gain":0,"max_hp_loss":0,"event_name":"Transmorgrifier","floor":20,"gold_loss":0,"cards_obtained":["All For One"]}],"is_beta":false,"boss_relics":[{"not_picked":["Nuclear Battery","Orrery"],"picked":"Pandora\u0027s Box"}],"items_purged_floors":[],"is_endless":false,"potions_floor_spawned":[1,2,5,6,16,19,21],"killed_by":"Shelled Parasite and Fungi","ascension_level":11}