{"gold_per_floor":[17,17,31,31,44,44,75,75,75,105,67,67,81,94,94,94],"floor_reached":16,"playtime":2087,"items_purged":[],"score":154,"play_id":"899ca147-2a0a-461a-a9ba-55a42a810254","local_time":"20190715233121","is_ascension_mode":true,"campfire_choices":[{"data":"Genetic Algorithm","floor":6,"key":"SMITH"},{"data":"Buffer","floor":8,"key":"SMITH"},{"data":"Zap","floor":12,"key":"SMITH"},{"floor":15,"key":"REST"}],"neow_cost":"NO_GOLD","seed_source_timestamp":96051877247329,"circlet_count":0,"master_deck":["Strike_B","Strike_B","Strike_B","Defend_B","Defend_B","Defend_B","Defend_B","Zap+1","Dualcast","Buffer+1","Auto Shields","Glacier","Genetic Algorithm+1","Turbo","FTL","Hologram","Beam Cell","Loop"],"relics":["Cracked Core","Kunai","The Courier","Pear"],"potions_floor_usage":[],"damage_taken":[{"damage":4,"enemies":"2 Louse","floor":1,"turns":2},{"damage":1,"enemies":"Cultist","floor":3,"turns":4},{"damage":0,"enemies":"Small Slimes","floor":5,"turns":5},{"damage":28,"enemies":"Gremlin Nob","floor":7,"turns":7},{"damage":11,"enemies":"3 Sentries","floor":10,"turns":14},{"damage":3,"enemies":"Looter","floor":13,"turns":3},{"damage":3,"enemies":"Red Slaver","floor":14,"turns":4},{"damage":53,"enemies":"Hexaghost","floor":16,"turns":16}],"seed_played":"81976772260470377","potions_obtained":[{"floor":5,"key":"Dexterity Potion"},{"floor":7,"key":"Strength Potion"}],"is_trial":false,"path_per_floor":["M","?","M","$","M","R","E","R","T","E","$","R","M","M","R","B"],"character_chosen":"DEFECT","items_purchased":["Hologram"],"campfire_rested":1,"item_purchase_floors":[11],"current_hp_per_floor":[64,64,63,63,63,63,35,35,35,34,34,34,31,28,53,0],"gold":94,"neow_bonus":"THREE_RARE_CARDS","is_prod":false,"is_daily":false,"chose_seed":false,"campfire_upgraded":3,"win_rate":0,"timestamp":1563247881,"path_taken":["M","?","M","?","?","R","E","R","T","E","?","R","M","M","R","BOSS"],"build_version":"2019-07-05","purchased_purges":0,"victory":false,"max_hp_per_floor":[75,75,75,75,75,75,75,75,75,85,85,85,85,85,85,85],"card_choices":[{"not_picked":["Fission","Meteor Strike"],"picked":"Buffer","floor":0},{"not_picked":["Cold Snap","Go for the Eyes"],"picked":"Auto Shields","floor":1},{"not_picked":["Redo","Rip and Tear"],"picked":"Glacier","floor":3},{"not_picked":["Consume","Capacitor"],"picked":"Genetic Algorithm","floor":5},{"not_picked":["Lockon","Barrage"],"picked":"Turbo","floor":7},{"not_picked":["Redo","Reinforced Body"],"picked":"FTL","floor":10},{"not_picked":["Undo","Darkness"],"picked":"Beam Cell","floor":13},{"not_picked":["Ball Lightning","Heatsinks"],"picked":"Loop","floor":14}],"player_experience":950758,"relics_obtained":[{"floor":7,"key":"Kunai"},{"floor":9,"key":"The Courier"},{"floor":10,"key":"Pear"}],"event_choices":[{"cards_removed":["Strike_B"],"damage_healed":0,"gold_gain":0,"player_choice":"Purged","damage_taken":0,"max_hp_gain":0,"max_hp_loss":0,"event_name":"Purifier","floor":2,"gold_loss":0}],"is_beta":false,"boss_relics":[],"items_purged_floors":[],"is_endless":false,"potions_floor_spawned":[5,7],"killed_by":"Hexaghost","ascension_level":8}