{"gold_per_floor":[117,47,322,247,260,286,301,301,301,315,332,332,357,368,368,368],"floor_reached":16,"playtime":717,"items_purged":["Regret"],"score":212,"play_id":"aa24f27a-7066-4175-be02-dcb9d1bb859d","local_time":"20190822104635","is_ascension_mode":true,"campfire_choices":[{"data":"Redo","floor":12,"key":"SMITH"},{"data":"Beam Cell","floor":15,"key":"SMITH"}],"neow_cost":"NONE","seed_source_timestamp":0,"circlet_count":0,"master_deck":["AscendersBane","Strike_B","Strike_B","Strike_B","Strike_B","Defend_B","Defend_B","Defend_B","Defend_B","Zap","Dualcast","BootSequence","Self Repair","Gash","Leap","Meteor Strike","Redo+1","Beam Cell+1","Loop"],"relics":["Cracked Core","NeowsBlessing","Mercury Hourglass","Singing Bowl","Happy Flower"],"potions_floor_usage":[13,16,16],"damage_taken":[{"damage":0,"enemies":"Jaw Worm","floor":1,"turns":1},{"damage":0,"enemies":"Cultist","floor":5,"turns":1},{"damage":0,"enemies":"3 Sentries","floor":6,"turns":1},{"damage":0,"enemies":"Small Slimes","floor":7,"turns":2},{"damage":15,"enemies":"Exordium Thugs","floor":10,"turns":6},{"damage":12,"enemies":"2 Fungi Beasts","floor":11,"turns":4},{"damage":37,"enemies":"Gremlin Nob","floor":13,"turns":5},{"damage":0,"enemies":"Large Slime","floor":14,"turns":5},{"damage":36,"enemies":"Hexaghost","floor":16,"turns":9}],"seed_played":"3014994968659757174","potions_obtained":[{"floor":1,"key":"FocusPotion"},{"floor":7,"key":"AttackPotion"},{"floor":10,"key":"Energy Potion"},{"floor":11,"key":"Energy Potion"},{"floor":14,"key":"GamblersBrew"}],"is_trial":false,"path_per_floor":["M","$","?","$","M","E","M","?","T","M","M","R","E","M","R","B"],"character_chosen":"DEFECT","items_purchased":["Self Repair"],"campfire_rested":0,"item_purchase_floors":[2],"current_hp_per_floor":[68,68,68,68,68,68,68,68,68,62,57,57,27,34,34,0],"gold":368,"neow_bonus":"THREE_ENEMY_KILL","is_prod":false,"is_daily":false,"chose_seed":true,"campfire_upgraded":2,"win_rate":0,"timestamp":1566485195,"path_taken":["M","$","?","$","?","E","M","?","T","M","M","R","E","M","R","BOSS"],"build_version":"2019-07-17","purchased_purges":1,"victory":false,"max_hp_per_floor":[75,75,75,75,75,75,75,75,75,77,77,77,77,77,77,77],"card_choices":[{"not_picked":["Doom and Gloom","Compile Driver"],"picked":"BootSequence","floor":1},{"not_picked":["Aggregate","Storm"],"picked":"Gash","floor":5},{"not_picked":["Stack","Rebound"],"picked":"Leap","floor":6},{"not_picked":["Sweeping Beam","Fusion"],"picked":"Meteor Strike","floor":7},{"not_picked":["Cold Snap","Force Field","Stack"],"picked":"Singing Bowl","floor":10},{"not_picked":["Steam Power","Leap"],"picked":"Redo","floor":11},{"not_picked":["Ball Lightning","Storm"],"picked":"Beam Cell","floor":13},{"not_picked":["Leap","Redo"],"picked":"Loop","floor":14}],"player_experience":1165638,"relics_obtained":[{"floor":6,"key":"Mercury Hourglass"},{"floor":13,"key":"Happy Flower"}],"event_choices":[{"damage_healed":0,"gold_gain":275,"player_choice":"Desecrate","damage_taken":0,"max_hp_gain":0,"max_hp_loss":0,"event_name":"Golden Shrine","floor":3,"gold_loss":0,"cards_obtained":["Regret"]},{"damage_healed":0,"gold_gain":0,"player_choice":"Gave Potion","damage_taken":0,"relics_obtained":["Singing Bowl"],"max_hp_gain":0,"max_hp_loss":0,"event_name":"WeMeetAgain","floor":8,"gold_loss":0}],"is_beta":false,"boss_relics":[],"items_purged_floors":[4],"is_endless":false,"potions_floor_spawned":[1,7,10,11,14],"killed_by":"Hexaghost","ascension_level":11}