{"gold_per_floor":[119,119,137,151,151,151,166,207,207,207,7,7,37,55,55,179,179,204,48,72,72,72,72,107,107,153,168,193,193,193,204,204,303,303,323,323,337,337,352,352,387,387,387,84,131,156,173,187,187,187,187,187,37,71,71],"floor_reached":56,"playtime":16567,"items_purged":[],"score":1403,"play_id":"7cb589cb-7b5a-4272-b22f-53ac77298726","local_time":"20190605193759","is_ascension_mode":true,"campfire_choices":[{"data":"Dualcast","floor":6.0,"key":"SMITH"},{"data":"Creative AI","floor":10.0,"key":"SMITH"},{"data":"Coolheaded","floor":12.0,"key":"SMITH"},{"floor":15.0,"key":"REST"},{"data":"Hologram","floor":23.0,"key":"SMITH"},{"data":"Defragment","floor":30.0,"key":"SMITH"},{"floor":32.0,"key":"REST"},{"data":"Seek","floor":40.0,"key":"SMITH"},{"data":"White Noise","floor":42.0,"key":"SMITH"},{"floor":49.0,"key":"RECALL"},{"data":"Capacitor","floor":52.0,"key":"SMITH"}],"neow_cost":"NONE","seed_source_timestamp":0,"circlet_count":0,"master_deck":["Strike_B+1","Defend_B","Defend_B","Zap+1","Dualcast+1","Rebound","Conserve Battery","Coolheaded+1","Injury","Creative AI+1","Defragment+1","Steam","Panache","Capacitor+1","All For One","Redo+1","Steam+1","Turbo+1","Glacier","Force Field","Hologram+1","Capacitor","White Noise+1","Thunder Strike","Ball Lightning","Hello World","Self Repair","Self Repair","Force Field","Seek+1","Steam Power+1","Hologram+1","Chaos+1","Reprogram+1","Panache","Stack+1","Recycle+1","Coolheaded+1","Heatsinks","Hologram+1","Blizzard+1"],"special_seed":0,"relics":["Runic Dome","Bloody Idol","Letter Opener","Sundial","Tiny Chest","Astrolabe","Ornamental Fan","FossilizedHelix","Coffee Dripper","Bronze Scales","Mercury Hourglass","Gremlin Horn","Toxic Egg 2","Dream Catcher","Pocketwatch","Symbiotic Virus"],"potions_floor_usage":[55,55],"damage_taken":[{"damage":4.0,"enemies":"2 Louse","floor":1.0,"turns":3.0},{"damage":2.0,"enemies":"Jaw Worm","floor":3.0,"turns":2.0},{"damage":0.0,"enemies":"Cultist","floor":4.0,"turns":3.0},{"damage":14.0,"enemies":"2 Fungi Beasts","floor":7.0,"turns":5.0},{"damage":14.0,"enemies":"3 Sentries","floor":8.0,"turns":4.0},{"damage":6.0,"enemies":"Looter","floor":14.0,"turns":3.0},{"damage":4.0,"enemies":"Hexaghost","floor":16.0,"turns":10.0},{"damage":7.0,"enemies":"Chosen","floor":18.0,"turns":4.0},{"damage":16.0,"enemies":"2 Thieves","floor":20.0,"turns":4.0},{"damage":6.0,"enemies":"Slavers","floor":24.0,"turns":5.0},{"damage":16.0,"enemies":"Shelled Parasite and Fungi","floor":27.0,"turns":5.0},{"damage":0.0,"enemies":"Centurion and Healer","floor":28.0,"turns":5.0},{"damage":0.0,"enemies":"Snecko","floor":31.0,"turns":6.0},{"damage":0.0,"enemies":"Collector","floor":33.0,"turns":8.0},{"damage":17.0,"enemies":"3 Darklings","floor":35.0,"turns":5.0},{"damage":0.0,"enemies":"Orb Walker","floor":37.0,"turns":4.0},{"damage":0.0,"enemies":"Maw","floor":39.0,"turns":8.0},{"damage":23.0,"enemies":"Nemesis","floor":41.0,"turns":7.0},{"damage":6.0,"enemies":"Reptomancer","floor":46.0,"turns":4.0},{"damage":0.0,"enemies":"Spire Growth","floor":47.0,"turns":5.0},{"damage":0.0,"enemies":"3 Darklings","floor":48.0,"turns":1.0},{"damage":30.0,"enemies":"Time Eater","floor":50.0,"turns":10.0},{"damage":30.0,"enemies":"Shield and Spear","floor":54.0,"turns":3.0},{"damage":0,"enemies":"The Heart","floor":55,"turns":5}],"seed_played":"-293094395809278703","potions_obtained":[{"floor":3.0,"key":"Weak Potion"},{"floor":8.0,"key":"SkillPotion"},{"floor":14.0,"key":"AttackPotion"},{"floor":24.0,"key":"FocusPotion"},{"floor":27.0,"key":"EssenceOfSteel"},{"floor":31.0,"key":"GamblersBrew"},{"floor":35.0,"key":"Fire Potion"},{"floor":39.0,"key":"Block Potion"},{"floor":47.0,"key":"Block Potion"},{"floor":54.0,"key":"AttackPotion"}],"is_trial":false,"path_per_floor":["M","?","M","M","?","R","M","E","T","R","$","R","T","M","R","B",null,"M","$","M","?","?","R","E","T","T","M","M","?","R","M","R","B",null,"M","?","M","T","M","R","E","R","T","$","T","E","M","M","R","B",null,"R","$","E","B",null],"character_chosen":"DEFECT","items_purchased":["Steam","Panache","Force Field","Hologram","Capacitor","Reprogram+1","Panache","Stack+1","Heatsinks","Hologram+1","PowerPotion"],"campfire_rested":2,"item_purchase_floors":[11,11,19,19,19,44,44,44,53,53,53],"current_hp_per_floor":[71,56,54,54,54,54,40,26,26,26,26,26,26,20,42,38,75,68,68,52,52,52,52,46,46,46,30,37,37,37,56,75,75,75,75,75,75,75,75,75,71,71,71,71,75,75,75,75,75,45,75,75,75,57,64],"gold":71,"neow_bonus":"BOSS_RELIC","is_prod":false,"is_daily":false,"chose_seed":false,"campfire_upgraded":8,"win_rate":0,"timestamp":1559788679,"path_taken":["M","?","M","M","?","R","M","E","T","R","$","R","?","M","R","BOSS","M","$","?","?","?","R","E","?","T","M","M","?","R","M","R","BOSS","M","?","?","?","M","R","E","R","T","$","?","E","?","M","R","BOSS","R","$","E","BOSS"],"build_version":"2019-01-23","purchased_purges":0,"victory":true,"max_hp_per_floor":[75,75,75,75,75,75,75,75,75,75,75,75,75,75,75,75,75,75,75,75,75,75,75,75,75,75,75,75,75,75,75,75,75,75,75,75,75,75,75,75,75,75,75,75,75,75,75,75,75,75,75,75,75,75,75],"card_choices":[{"not_picked":["Compile Driver","Ball Lightning"],"picked":"Rebound","floor":1.0},{"not_picked":["Turbo","Cold Snap"],"picked":"Conserve Battery","floor":3.0},{"not_picked":["Compile Driver","Turbo"],"picked":"Coolheaded","floor":4.0},{"not_picked":["Sweeping Beam","Compile Driver"],"picked":"Creative AI","floor":7.0},{"not_picked":["Barrage","Conserve Battery"],"picked":"Defragment","floor":8.0},{"not_picked":["Undo","Barrage"],"picked":"Capacitor","floor":14.0},{"not_picked":["Buffer","Hyperbeam"],"picked":"All For One","floor":16.0},{"not_picked":["Go for the Eyes","Rebound+1"],"picked":"Glacier","floor":18.0},{"not_picked":["Barrage","Coolheaded"],"picked":"White Noise","floor":20.0},{"not_picked":["Genetic Algorithm","Storm"],"picked":"Hello World","floor":24.0},{"not_picked":["Coolheaded+1","Streamline"],"picked":"Self Repair","floor":27.0},{"not_picked":["Cold Snap","Go for the Eyes"],"picked":"Self Repair","floor":28.0},{"not_picked":["Conserve Battery","Compile Driver"],"picked":"Force Field","floor":31.0},{"not_picked":["Multi-Cast","Hyperbeam"],"picked":"Seek","floor":33.0},{"not_picked":["Double Energy","Streamline+1"],"picked":"Steam Power+1","floor":35.0},{"not_picked":["Compile Driver+1","Cold Snap+1","Conserve Battery+1"],"picked":"SKIP","floor":37.0},{"not_picked":["Compile Driver+1","Gash"],"picked":"Hologram+1","floor":39.0},{"not_picked":["Loop","White Noise"],"picked":"Chaos+1","floor":41.0},{"not_picked":["Loop+1","Cold Snap"],"picked":"Recycle+1","floor":46.0},{"not_picked":["White Noise+1","Genetic Algorithm+1"],"picked":"Coolheaded+1","floor":47.0},{"not_picked":["Lockon","Rebound","Compile Driver+1"],"picked":"SKIP","floor":48.0},{"not_picked":["Leap+1","Chaos+1"],"picked":"Blizzard+1","floor":54.0}],"player_experience":427707,"relics_obtained":[{"floor":8.0,"key":"Letter Opener"},{"floor":9.0,"key":"Sundial"},{"floor":13.0,"key":"Tiny Chest"},{"floor":24.0,"key":"Ornamental Fan"},{"floor":25.0,"key":"FossilizedHelix"},{"floor":38.0,"key":"Mercury Hourglass"},{"floor":41.0,"key":"Gremlin Horn"},{"floor":43.0,"key":"Toxic Egg 2"},{"floor":45.0,"key":"Dream Catcher"},{"floor":46.0,"key":"Pocketwatch"},{"floor":54.0,"key":"Symbiotic Virus"}],"event_choices":[{"damage_healed":0.0,"max_hp_gain":0.0,"max_hp_loss":0.0,"gold_gain":0.0,"event_name":"Shining Light","player_choice":"Entered Light","floor":2.0,"gold_loss":0.0,"damage_taken":15.0,"cards_upgraded":["Zap","Strike_B"]},{"damage_healed":0.0,"max_hp_gain":0.0,"max_hp_loss":0.0,"gold_gain":0.0,"event_name":"Golden Idol","player_choice":"Take Wound","floor":5.0,"gold_loss":0.0,"damage_taken":0.0,"relics_obtained":["Golden Idol"],"cards_obtained":["Injury"]},{"damage_healed":0.0,"max_hp_gain":0.0,"max_hp_loss":0.0,"gold_gain":0.0,"event_name":"Beggar","player_choice":"Ignored","floor":21.0,"gold_loss":0.0,"damage_taken":0.0},{"damage_healed":0.0,"max_hp_gain":0.0,"max_hp_loss":0.0,"gold_gain":0.0,"cards_transformed":["Defend_B","Defend_B"],"event_name":"Drug Dealer","player_choice":"Became Test Subject","floor":22.0,"gold_loss":0.0,"damage_taken":0.0,"cards_obtained":["Thunder Strike","Ball Lightning"]},{"damage_healed":0.0,"max_hp_gain":0.0,"max_hp_loss":0.0,"gold_gain":0.0,"event_name":"Forgotten Altar","player_choice":"Gave Idol","floor":29.0,"relics_lost":["Golden Idol"],"gold_loss":0.0,"damage_taken":0.0,"relics_obtained":["Bloody Idol"]},{"damage_healed":0.0,"max_hp_gain":0.0,"max_hp_loss":0.0,"gold_gain":0.0,"event_name":"WeMeetAgain","player_choice":"Gave Potion","floor":36.0,"gold_loss":0.0,"damage_taken":0.0,"relics_obtained":["Bronze Scales"]}],"is_beta":false,"boss_relics":[{"not_picked":["Empty Cage","Fusion Hammer"],"picked":"Astrolabe"},{"not_picked":["Velvet Choker","Lizard Tail"],"picked":"Coffee Dripper"}],"items_purged_floors":[],"is_endless":false,"potions_floor_spawned":[3,8,14,24,27,31,35,39,47,54],"ascension_level":2}