{"gold_per_floor":[117,117,128,139,151,176,176,191,191,203,83,83,83,83],"floor_reached":14,"playtime":1091,"items_purged":["Strike_B"],"score":129,"play_id":"88831394-0a57-42a6-9102-1b4edc5d60b3","local_time":"20190716201043","is_ascension_mode":true,"campfire_choices":[{"data":"Consume","floor":7,"key":"SMITH"},{"data":"Loop","floor":13,"key":"SMITH"}],"neow_cost":"NONE","seed_source_timestamp":171410156362085,"circlet_count":0,"master_deck":["Strike_B","Strike_B","Defend_B","Defend_B","Defend_B","Defend_B","Zap","Dualcast","Coolheaded","BootSequence","Aggregate","Cold Snap","Consume+1","Darkness","Beam Cell","Beam Cell","Loop+1","FTL","Redo","Redo","Loop","Regret"],"relics":["Orrery","Smiling Mask","Bag of Marbles","Anchor"],"potions_floor_usage":[6],"damage_taken":[{"damage":0,"enemies":"Small Slimes","floor":1,"turns":6},{"damage":0,"enemies":"Cultist","floor":3,"turns":4},{"damage":1,"enemies":"2 Louse","floor":4,"turns":3},{"damage":2,"enemies":"2 Fungi Beasts","floor":5,"turns":5},{"damage":20,"enemies":"Gremlin Nob","floor":6,"turns":10},{"damage":2,"enemies":"Exordium Thugs","floor":8,"turns":3},{"damage":16,"enemies":"Blue Slaver","floor":10,"turns":4},{"damage":29,"enemies":"Lagavulin","floor":14,"turns":5}],"seed_played":"-9194420074309887772","potions_obtained":[{"floor":1,"key":"FocusPotion"},{"floor":3,"key":"LiquidBronze"},{"floor":5,"key":"Strength Potion"},{"floor":6,"key":"FearPotion"}],"is_trial":false,"path_per_floor":["M","?","M","M","M","E","R","M","T","M","$","?","R","E"],"character_chosen":"DEFECT","items_purchased":["Loop"],"campfire_rested":0,"item_purchase_floors":[11],"current_hp_per_floor":[68,68,68,67,65,45,45,43,43,27,27,27,27,0],"gold":83,"neow_bonus":"BOSS_RELIC","is_prod":false,"is_daily":false,"chose_seed":false,"campfire_upgraded":2,"win_rate":0,"timestamp":1563322243,"path_taken":["M","?","?","M","M","E","R","M","T","M","$","?","R","E"],"build_version":"2019-07-05","purchased_purges":1,"victory":false,"max_hp_per_floor":[75,75,75,75,75,75,75,75,75,75,75,75,75,75],"card_choices":[{"not_picked":["Reinforced Body","Ball Lightning"],"picked":"Coolheaded","floor":0},{"not_picked":["Cold Snap","Chaos"],"picked":"BootSequence","floor":0},{"not_picked":["Recycle","Tempest"],"picked":"Aggregate","floor":0},{"not_picked":["Ball Lightning","Compile Driver"],"picked":"Cold Snap","floor":0},{"not_picked":["Scrape","Go for the Eyes"],"picked":"Consume","floor":0},{"not_picked":["Barrage","Heatsinks"],"picked":"Darkness","floor":1},{"not_picked":["Ball Lightning","Force Field"],"picked":"Beam Cell","floor":3},{"not_picked":["Meteor Strike","Streamline"],"picked":"Beam Cell","floor":4},{"not_picked":["Steam","Turbo"],"picked":"Loop","floor":5},{"not_picked":["Rip and Tear","Reinforced Body"],"picked":"FTL","floor":6},{"not_picked":["Hologram","Streamline"],"picked":"Redo","floor":8},{"not_picked":["Go for the Eyes","Beam Cell"],"picked":"Redo","floor":10}],"player_experience":964496,"relics_obtained":[{"floor":6,"key":"Smiling Mask"},{"floor":9,"key":"Bag of Marbles"}],"event_choices":[{"cards_removed":["Strike_B"],"damage_healed":0,"gold_gain":0,"player_choice":"Purged","damage_taken":0,"max_hp_gain":0,"max_hp_loss":0,"event_name":"Purifier","floor":2,"gold_loss":0},{"damage_healed":0,"gold_gain":0,"player_choice":"Box","damage_taken":0,"relics_obtained":["Anchor"],"max_hp_gain":0,"max_hp_loss":0,"event_name":"Big Fish","floor":12,"gold_loss":0,"cards_obtained":["Regret"]}],"is_beta":false,"boss_relics":[],"items_purged_floors":[11],"is_endless":false,"potions_floor_spawned":[1,3,5,6],"killed_by":"Lagavulin","ascension_level":8}