{"gold_per_floor":[117,191,191,203,15,190,220,220,220,255,255,255,307,44,44,44],"floor_reached":16,"playtime":929,"items_purged":["Doubt"],"score":104,"play_id":"64061542-4ac0-481a-b240-a5ea4eb5c624","local_time":"20190529144752","is_ascension_mode":false,"campfire_choices":[{"data":"Zap","floor":8,"key":"SMITH"},{"data":"Sunder","floor":11,"key":"SMITH"},{"floor":15,"key":"REST"}],"neow_cost":"NONE","seed_source_timestamp":230149561184759,"circlet_count":0,"master_deck":["Strike_B","Strike_B+1","Strike_B+1","Defend_B","Defend_B","Defend_B","Defend_B","Zap+1","Dualcast","Redo","Sweeping Beam","Panache","Turbo","Sunder+1","Injury","Panache","Barrage"],"relics":["Cracked Core","Sundial","Strawberry","Bottled Flame","Whetstone","Golden Idol","Omamori"],"potions_floor_usage":[16],"damage_taken":[{"damage":1,"enemies":"Cultist","floor":1,"turns":4},{"damage":6,"enemies":"Jaw Worm","floor":4,"turns":4},{"damage":26,"enemies":"3 Sentries","floor":7,"turns":7},{"damage":49,"enemies":"Lagavulin","floor":10,"turns":7},{"damage":36,"enemies":"Hexaghost","floor":16,"turns":9}],"seed_played":"2222551603621515960","potions_obtained":[{"floor":7,"key":"Energy Potion"}],"is_trial":false,"path_per_floor":["M","T","?","M","$","?","E","R","T","E","R","?","T","$","R","B"],"character_chosen":"DEFECT","items_purchased":["Panache","Panache","Barrage"],"campfire_rested":1,"item_purchase_floors":[5,14,14],"current_hp_per_floor":[81,81,81,75,75,75,56,56,56,7,7,7,7,7,33,0],"gold":44,"neow_bonus":"TEN_PERCENT_HP_BONUS","is_prod":false,"is_daily":false,"chose_seed":false,"campfire_upgraded":2,"win_rate":0.0,"timestamp":1559166472,"path_taken":["M","?","?","?","$","?","E","R","T","E","R","?","?","$","R","BOSS"],"build_version":"2019-01-23","purchased_purges":1,"victory":false,"max_hp_per_floor":[82,82,82,82,82,82,89,89,89,89,89,89,89,89,89,89],"card_choices":[{"not_picked":["Loop","Barrage"],"picked":"Redo","floor":1},{"not_picked":["Turbo","FTL"],"picked":"Sweeping Beam","floor":4},{"not_picked":["Thunder Strike","Beam Cell"],"picked":"Turbo","floor":7},{"not_picked":["Redo","Go for the Eyes"],"picked":"Sunder","floor":10}],"player_experience":276429,"relics_obtained":[{"floor":2,"key":"Sundial"},{"floor":7,"key":"Strawberry"},{"floor":9,"key":"Bottled Flame"},{"floor":10,"key":"Whetstone"},{"floor":13,"key":"Omamori"}],"event_choices":[{"cards_removed":["Strike_B"],"damage_healed":0,"gold_gain":0,"player_choice":"Purged","damage_taken":0,"max_hp_gain":0,"max_hp_loss":0,"event_name":"Purifier","floor":3,"gold_loss":0},{"damage_healed":0,"gold_gain":175,"player_choice":"AGREE","damage_taken":0,"max_hp_gain":0,"max_hp_loss":0,"event_name":"Liars Game","floor":6,"gold_loss":0,"cards_obtained":["Doubt"]},{"damage_healed":0,"gold_gain":0,"player_choice":"Take Wound","damage_taken":0,"relics_obtained":["Golden Idol"],"max_hp_gain":0,"max_hp_loss":0,"event_name":"Golden Idol","floor":12,"gold_loss":0,"cards_obtained":["Injury"]}],"is_beta":false,"boss_relics":[],"items_purged_floors":[14],"is_endless":false,"potions_floor_spawned":[7],"killed_by":"Hexaghost","ascension_level":0}