{"gold_per_floor":[115,115,115,115,390,423,423,434,434,469,489,439,439,439,439,540,540,553,553,89,99,99,124,143,169,169,181,226,238],"floor_reached":29,"playtime":2225,"items_purged":[],"score":359,"play_id":"a4984c3f-2663-4757-bee7-a94db89b4944","local_time":"20190609232614","is_ascension_mode":true,"campfire_choices":[{"data":"Dualcast","floor":7.0,"key":"SMITH"},{"floor":13.0,"key":"REST"},{"data":"Fission","floor":15.0,"key":"SMITH"},{"floor":27.0,"key":"REST"}],"neow_cost":"NONE","seed_source_timestamp":0,"circlet_count":0,"master_deck":["Strike_B+1","Strike_B+1","Defend_B","Defend_B","Defend_B","Defend_B","Zap","Dualcast+1","Gash","Scrape","Fission+1","Coolheaded","Steam","Turbo","Zap","Buffer","Creative AI","Reprogram+1","RitualDagger","Sadistic Nature","Stack","Gash+1","Glacier","Steam Power","Heatsinks","Fission","Undo"],"special_seed":0,"relics":["Cracked Core","NeowsBlessing","Happy Flower","Oddly Smooth Stone","Mango","Inserter","Mercury Hourglass","Unceasing Top","Centennial Puzzle","Dream Catcher","MawBank","Kunai"],"potions_floor_usage":[29],"damage_taken":[{"damage":0.0,"enemies":"Jaw Worm","floor":1.0,"turns":1.0},{"damage":0.0,"enemies":"Gremlin Nob","floor":6.0,"turns":1.0},{"damage":0.0,"enemies":"2 Louse","floor":8.0,"turns":1.0},{"damage":33.0,"enemies":"3 Sentries","floor":10.0,"turns":11.0},{"damage":3.0,"enemies":"Small Slimes","floor":11.0,"turns":4.0},{"damage":46.0,"enemies":"Hexaghost","floor":16.0,"turns":12.0},{"damage":12.0,"enemies":"Chosen","floor":18.0,"turns":6.0},{"damage":13.0,"enemies":"Spheric Guardian","floor":21.0,"turns":5.0},{"damage":10.0,"enemies":"Gremlin Leader","floor":23.0,"turns":9.0},{"damage":7.0,"enemies":"Snake Plant","floor":24.0,"turns":6.0},{"damage":30.0,"enemies":"Slavers","floor":25.0,"turns":8.0},{"damage":35.0,"enemies":"Book of Stabbing","floor":28.0,"turns":6.0},{"damage":6,"enemies":"Chosen and Byrds","floor":29,"turns":1}],"seed_played":"4108327884212472671","potions_obtained":[{"floor":8.0,"key":"Weak Potion"},{"floor":10.0,"key":"Ancient Potion"},{"floor":18.0,"key":"SneckoOil"},{"floor":28.0,"key":"Block Potion"}],"is_trial":false,"path_per_floor":["M","?","?","?","?","E","R","M","T","E","M","?","R","?","R","B",null,"M","?","$","M","T","E","M","E","T","R","E","M"],"character_chosen":"DEFECT","items_purchased":["Sadistic Nature","Stack","Mercury Hourglass"],"campfire_rested":2,"item_purchase_floors":[20,20,20],"current_hp_per_floor":[75,68,53,53,53,53,53,53,53,34,31,31,57,57,57,11,89,77,71,71,58,58,48,41,11,11,37,2,0],"gold":238,"neow_bonus":"THREE_ENEMY_KILL","is_prod":false,"is_daily":false,"chose_seed":false,"campfire_upgraded":2,"win_rate":0,"timestamp":1560147974,"path_taken":["M","?","?","?","?","E","R","?","T","E","M","?","R","?","R","BOSS","M","?","$","M","?","E","M","E","T","R","E","M"],"build_version":"2019-01-23","purchased_purges":0,"victory":false,"max_hp_per_floor":[75,75,75,75,75,75,75,75,75,89,89,89,89,89,89,89,89,89,89,89,89,89,89,89,89,89,89,89,89],"card_choices":[{"not_picked":["Undo","Hologram"],"picked":"Gash","floor":1.0},{"not_picked":["Stack","Go for the Eyes"],"picked":"Fission","floor":6.0},{"not_picked":["Sweeping Beam","Redo"],"picked":"Coolheaded","floor":8.0},{"not_picked":["Streamline","Coolheaded"],"picked":"Steam","floor":10.0},{"not_picked":["Genetic Algorithm","Cold Snap"],"picked":"Turbo","floor":11.0},{"not_picked":["Echo Form","Buffer"],"picked":"Creative AI","floor":16.0},{"not_picked":["Sunder+1","Storm"],"picked":"Reprogram+1","floor":18.0},{"not_picked":["Compile Driver","Redo"],"picked":"Gash+1","floor":21.0},{"not_picked":["Go for the Eyes+1","Conserve Battery+1"],"picked":"Glacier","floor":23.0},{"not_picked":["Stack","Capacitor"],"picked":"Steam Power","floor":24.0},{"not_picked":["BootSequence","Conserve Battery"],"picked":"Heatsinks","floor":25.0},{"not_picked":["Consume","Compile Driver"],"picked":"Fission","floor":27.0},{"not_picked":["Genetic Algorithm","Hello World"],"picked":"Undo","floor":28.0}],"player_experience":540413,"relics_obtained":[{"floor":6.0,"key":"Happy Flower"},{"floor":9.0,"key":"Oddly Smooth Stone"},{"floor":10.0,"key":"Mango"},{"floor":22.0,"key":"Unceasing Top"},{"floor":23.0,"key":"Centennial Puzzle"},{"floor":25.0,"key":"Dream Catcher"},{"floor":26.0,"key":"MawBank"},{"floor":28.0,"key":"Kunai"}],"event_choices":[{"cards_removed":["Strike_B"],"damage_healed":0.0,"max_hp_gain":0.0,"max_hp_loss":0.0,"gold_gain":0.0,"event_name":"Golden Wing","player_choice":"Card Removal","floor":2.0,"gold_loss":0.0,"damage_taken":7.0},{"damage_healed":0.0,"max_hp_gain":0.0,"max_hp_loss":0.0,"gold_gain":0.0,"event_name":"Shining Light","player_choice":"Entered Light","floor":3.0,"gold_loss":0.0,"damage_taken":15.0,"cards_upgraded":["Strike_B","Strike_B"]},{"damage_healed":0.0,"max_hp_gain":0.0,"max_hp_loss":0.0,"gold_gain":0.0,"cards_transformed":["Strike_B"],"event_name":"Living Wall","player_choice":"Change","floor":4.0,"gold_loss":0.0,"damage_taken":0.0,"cards_obtained":["Scrape"]},{"damage_healed":0.0,"max_hp_gain":0.0,"max_hp_loss":0.0,"gold_gain":275.0,"event_name":"Golden Shrine","player_choice":"Desecrate","floor":5.0,"gold_loss":0.0,"damage_taken":0.0,"cards_obtained":["Regret"]},{"cards_removed":["Regret"],"damage_healed":0.0,"max_hp_gain":0.0,"max_hp_loss":0.0,"gold_gain":0.0,"event_name":"The Cleric","player_choice":"Card Removal","floor":12.0,"gold_loss":50.0,"damage_taken":0.0},{"damage_healed":0.0,"max_hp_gain":0.0,"max_hp_loss":0.0,"gold_gain":0.0,"event_name":"Match and Keep!","player_choice":"2 cards matched","floor":14.0,"gold_loss":0.0,"damage_taken":0.0,"cards_obtained":["Zap","Buffer"]},{"damage_healed":0.0,"max_hp_gain":0.0,"max_hp_loss":0.0,"gold_gain":0.0,"event_name":"Nest","player_choice":"Joined the Cult","floor":19.0,"gold_loss":0.0,"damage_taken":6.0,"cards_obtained":["RitualDagger"]}],"is_beta":false,"boss_relics":[{"not_picked":["Fusion Hammer","White Beast Statue"],"picked":"Inserter"}],"items_purged_floors":[],"is_endless":false,"potions_floor_spawned":[8,10,18,28],"killed_by":"Chosen and Byrds","ascension_level":3}