{"gold_per_floor":[111,111,111,131,147,185,201,201,231,254,290,290,311,329,329,458,458,483,483,398,398,398,431,431,452,479,502,540,553,196,229,229,349,349,369,435,33,366,113,113],"floor_reached":40,"playtime":5199,"items_purged":["Hemokinesis"],"score":643,"play_id":"6d43d740-759e-4c77-856d-4bb31a17b23a","local_time":"20190609215850","is_ascension_mode":true,"campfire_choices":[{"floor":8.0,"key":"REST"},{"floor":12.0,"key":"REST"},{"floor":15.0,"key":"REST"},{"floor":24.0,"key":"REST"},{"data":"Barricade","floor":32,"key":"SMITH"}],"neow_cost":"TEN_PERCENT_HP_LOSS","seed_source_timestamp":0,"circlet_count":0,"master_deck":["Defend_R","Defend_R","Defend_R","Defend_R","Bash","Offering","Thunderclap","Rupture","Barricade+1","Metallicize","Flame Barrier","Seeing Red","Feel No Pain+1","Second Wind","Feed","Combust+1","Bite","Bite","Bite","Bite","Bite","RitualDagger","Shrug It Off+1","Whirlwind+1","Double Tap","Metallicize+1","Sentinel","Rupture+1","Blind","Whirlwind","Dual Wield+1","Limit Break","Iron Wave+1","Shrug It Off+1","Mayhem+1"],"special_seed":0,"relics":["Burning Blood","GremlinMask","Bronze Scales","Tiny Chest","Frozen Egg 2","Velvet Choker","Turnip","Ginger","Red Skull","Lantern","Orichalcum","Pantograph","White Beast Statue","Du-Vu Doll","Anchor","Paper Frog"],"potions_floor_usage":[28,28,31,36],"damage_taken":[{"damage":16.0,"enemies":"Cultist","floor":1.0,"turns":5.0},{"damage":6.0,"enemies":"2 Louse","floor":4.0,"turns":3.0},{"damage":10.0,"enemies":"Jaw Worm","floor":5.0,"turns":4.0},{"damage":37.0,"enemies":"Lagavulin","floor":6.0,"turns":5.0},{"damage":7.0,"enemies":"2 Fungi Beasts","floor":7.0,"turns":4.0},{"damage":4.0,"enemies":"3 Louse","floor":10.0,"turns":3.0},{"damage":23.0,"enemies":"3 Sentries","floor":11.0,"turns":6.0},{"damage":24.0,"enemies":"Exordium Wildlife","floor":13.0,"turns":4.0},{"damage":13.0,"enemies":"Large Slime","floor":14.0,"turns":8.0},{"damage":16.0,"enemies":"Hexaghost","floor":16.0,"turns":15.0},{"damage":28.0,"enemies":"Shell Parasite","floor":18.0,"turns":5.0},{"damage":46.0,"enemies":"Gremlin Leader","floor":23.0,"turns":9.0},{"damage":16.0,"enemies":"Spheric Guardian","floor":25.0,"turns":6.0},{"damage":26.0,"enemies":"Snake Plant","floor":27.0,"turns":3.0},{"damage":21,"enemies":"Slavers","floor":28,"turns":5},{"damage":2,"enemies":"Cultist and Chosen","floor":29,"turns":4},{"damage":33,"enemies":"Book of Stabbing","floor":31,"turns":5},{"damage":36,"enemies":"Collector","floor":33,"turns":9},{"damage":19,"enemies":"3 Darklings","floor":35,"turns":3},{"damage":42,"enemies":"2 Orb Walkers","floor":36,"turns":4},{"damage":39,"enemies":"Nemesis","floor":40,"turns":2}],"seed_played":"-497162800293330934","potions_obtained":[{"floor":5.0,"key":"GamblersBrew"},{"floor":6.0,"key":"SpeedPotion"},{"floor":7.0,"key":"Poison Potion"},{"floor":11.0,"key":"Ancient Potion"},{"floor":16.0,"key":"Poison Potion"},{"floor":23.0,"key":"BloodPotion"},{"floor":29,"key":"Swift Potion"},{"floor":33,"key":"Strength Potion"},{"floor":35,"key":"Dexterity Potion"},{"floor":36,"key":"Dexterity Potion"}],"is_trial":false,"path_per_floor":["M","?","?","M","M","E","M","R","T","M","E","R","M","M","R","B",null,"M","?","?","?","?","E","R","M","T","M","E","M","$","E","R","B",null,"M","?","$","?","$","E"],"character_chosen":"IRONCLAD","items_purchased":["Orichalcum","Rupture+1","Blind","Whirlwind","Anchor","Mayhem+1","Paper Frog"],"campfire_rested":4,"item_purchase_floors":[30,30,30,30,37,37,39],"current_hp_per_floor":[62,44,44,44,40,9,8,29,29,31,14,35,17,10,31,21,59,37,37,37,31,31,13,28,34,34,20,21,34,34,15,15,24,48,37,7,7,7,7,0],"gold":113,"neow_bonus":"THREE_RARE_CARDS","is_prod":false,"is_daily":false,"chose_seed":false,"campfire_upgraded":1,"win_rate":0,"timestamp":1560142730,"path_taken":["M","?","?","?","M","E","M","R","T","M","E","R","M","M","R","BOSS","M","?","?","?","?","E","R","M","T","?","E","M","$","E","R","BOSS","M","?","$","?","$","E"],"build_version":"2019-01-23","purchased_purges":1,"victory":false,"max_hp_per_floor":[72,72,72,72,72,72,72,72,72,72,72,72,72,72,72,72,72,72,50,50,50,50,50,50,50,50,50,53,56,56,56,56,56,56,56,56,56,56,56,56],"card_choices":[{"not_picked":["Brutality","Double Tap"],"picked":"Offering","floor":0.0},{"not_picked":["Havoc","Wild Strike"],"picked":"Thunderclap","floor":1.0},{"not_picked":["Body Slam","Cleave"],"picked":"Rupture","floor":4.0},{"not_picked":["Clothesline","Twin Strike"],"picked":"Hemokinesis","floor":5.0},{"not_picked":["Body Slam","Metallicize"],"picked":"Barricade","floor":6.0},{"not_picked":["Rupture","Uppercut"],"picked":"Metallicize","floor":7.0},{"not_picked":["Flex","Clothesline"],"picked":"Flame Barrier","floor":10.0},{"not_picked":["Iron Wave","True Grit"],"picked":"Seeing Red","floor":11.0},{"not_picked":["True Grit","Spot Weakness"],"picked":"Feel No Pain+1","floor":13.0},{"not_picked":["Body Slam","Clothesline"],"picked":"Second Wind","floor":14.0},{"not_picked":["Bludgeon","Immolate"],"picked":"Feed","floor":16.0},{"not_picked":["Armaments","Evolve+1"],"picked":"Combust+1","floor":18.0},{"not_picked":["Clothesline+1","Headbutt"],"picked":"Shrug It Off+1","floor":23.0},{"not_picked":["Twin Strike+1","Heavy Blade+1"],"picked":"Whirlwind+1","floor":25.0},{"not_picked":["Evolve+1","Perfected Strike+1"],"picked":"Double Tap","floor":27.0},{"not_picked":["Uppercut","Iron Wave"],"picked":"Metallicize+1","floor":28},{"not_picked":["Evolve+1","Carnage"],"picked":"Sentinel","floor":29},{"not_picked":["Havoc","Battle Trance"],"picked":"Dual Wield+1","floor":31},{"not_picked":["Barricade+1","Fiend Fire"],"picked":"Limit Break","floor":33},{"not_picked":["Uppercut+1","Sever Soul+1"],"picked":"Iron Wave+1","floor":35},{"not_picked":["Iron Wave","Dual Wield+1"],"picked":"Shrug It Off+1","floor":36}],"player_experience":533302,"relics_obtained":[{"floor":6.0,"key":"Bronze Scales"},{"floor":9.0,"key":"Tiny Chest"},{"floor":11.0,"key":"Frozen Egg 2"},{"floor":23.0,"key":"Ginger"},{"floor":26.0,"key":"Red Skull"},{"floor":28,"key":"Lantern"},{"floor":31,"key":"Pantograph"},{"floor":36,"key":"Du-Vu Doll"}],"event_choices":[{"damage_healed":0.0,"max_hp_gain":0.0,"max_hp_loss":0.0,"gold_gain":0.0,"event_name":"Golden Idol","player_choice":"Take Damage","floor":2.0,"gold_loss":0.0,"damage_taken":18.0,"relics_obtained":["Golden Idol"]},{"damage_healed":0.0,"max_hp_gain":0.0,"max_hp_loss":0.0,"gold_gain":0.0,"event_name":"FaceTrader","player_choice":"Trade","floor":3.0,"gold_loss":0.0,"damage_taken":0.0,"relics_obtained":["GremlinMask"]},{"damage_healed":0.0,"max_hp_gain":0.0,"max_hp_loss":22.0,"gold_gain":0.0,"event_name":"Vampires","player_choice":"Became a vampire","floor":19.0,"gold_loss":0.0,"damage_taken":0.0,"cards_obtained":["Bite","Bite","Bite","Bite","Bite"]},{"damage_healed":0.0,"max_hp_gain":0.0,"max_hp_loss":0.0,"gold_gain":0.0,"event_name":"Addict","player_choice":"Obtained Relic","floor":20.0,"gold_loss":85.0,"damage_taken":0.0,"relics_obtained":["Turnip"]},{"damage_healed":0.0,"max_hp_gain":0.0,"max_hp_loss":0.0,"gold_gain":0.0,"event_name":"Nest","player_choice":"Joined the Cult","floor":21.0,"gold_loss":0.0,"damage_taken":6.0,"cards_obtained":["RitualDagger"]},{"damage_healed":0.0,"max_hp_gain":0.0,"max_hp_loss":0.0,"gold_gain":0.0,"event_name":"Cursed Tome","player_choice":"Ignored","floor":22.0,"gold_loss":0.0,"damage_taken":0.0},{"damage_healed":0,"gold_gain":0,"player_choice":"Fight","damage_taken":0,"max_hp_gain":0,"max_hp_loss":0,"event_name":"Mysterious Sphere","floor":36,"gold_loss":0},{"damage_healed":0,"gold_gain":333,"player_choice":"Gave Idol","damage_taken":0,"max_hp_gain":0,"max_hp_loss":0,"event_name":"The Moai Head","floor":38,"relics_lost":["Golden Idol"],"gold_loss":0}],"is_beta":false,"boss_relics":[{"not_picked":["Orrery","Coffee Dripper"],"picked":"Velvet Choker"},{"not_picked":["Snecko Eye","Pandora\u0027s Box"],"picked":"White Beast Statue"}],"items_purged_floors":[37],"is_endless":false,"potions_floor_spawned":[5,6,7,11,16,23,29,33,35,36],"killed_by":"Nemesis","ascension_level":5}