{"gold_per_floor":[114,189,16,36,49,83,83,183,183,218,237,253,281,298,298,402,402,415,426,7,7,19,53,53,63,87,87,87,87,57,75,75,171,171,188,204,0,14,14,14,14,14,14,44,58,84,96,142,154,166],"floor_reached":50,"playtime":21640,"items_purged":[],"score":745,"play_id":"2ff0f35a-ddfd-428f-918f-02fd87821be7","local_time":"20190514024232","is_ascension_mode":false,"campfire_choices":[{"data":"Enlightenment","floor":7.0,"key":"SMITH"},{"floor":15.0,"key":"REST"},{"data":"Feed","floor":24.0,"key":"SMITH"},{"data":"Offering","floor":27.0,"key":"SMITH"},{"data":"Whirlwind","floor":29.0,"key":"SMITH"},{"data":"Dual Wield","floor":32.0,"key":"SMITH"},{"floor":40.0,"key":"REST"},{"data":"Fire Breathing","floor":42.0,"key":"SMITH"},{"data":"Reaper","floor":49,"key":"SMITH"}],"neow_cost":"NONE","seed_source_timestamp":0,"circlet_count":0,"master_deck":["Strike_R+1","Strike_R+1","Strike_R+1","Strike_R+1","Defend_R+1","Defend_R+1","Defend_R+1","Defend_R+1","Bash","Offering+1","Corruption","Cleave","Rupture","Enlightenment+1","Whirlwind+1","Headbutt","Rage","Rampage","Feel No Pain","Pommel Strike","Infernal Blade","Thunderclap","Barricade","Carnage","Pommel Strike+1","Flame Barrier","Metallicize","Body Slam+1","Feed+1","Flex+1","Dual Wield+1","Reaper+1","True Grit+1","Seeing Red+1","Fire Breathing+1","Burning Pact","Pommel Strike","Ghostly Armor","Offering","Flame Barrier+1","Dark Embrace","Clash"],"special_seed":0,"relics":["Burning Blood","Gambling Chip","Red Skull","Happy Flower","Runic Pyramid","Bird Faced Urn","Nloth\u0027s Gift","Bronze Scales","Juzu Bracelet","Eternal Feather","Pear","Orichalcum","MawBank","Shuriken"],"potions_floor_usage":[],"damage_taken":[{"damage":12.0,"enemies":"Jaw Worm","floor":1.0,"turns":3.0},{"damage":6.0,"enemies":"Cultist","floor":4.0,"turns":3.0},{"damage":6.0,"enemies":"Small Slimes","floor":5.0,"turns":2.0},{"damage":27.0,"enemies":"Lagavulin","floor":6.0,"turns":4.0},{"damage":6.0,"enemies":"Gremlin Nob","floor":10.0,"turns":2.0},{"damage":6.0,"enemies":"Red Slaver","floor":11.0,"turns":1.0},{"damage":7.0,"enemies":"Gremlin Gang","floor":12.0,"turns":3.0},{"damage":36.0,"enemies":"Lagavulin","floor":13.0,"turns":4.0},{"damage":6.0,"enemies":"2 Fungi Beasts","floor":14.0,"turns":1.0},{"damage":6.0,"enemies":"Slime Boss","floor":16.0,"turns":6.0},{"damage":4.0,"enemies":"3 Byrds","floor":18.0,"turns":5.0},{"damage":16.0,"enemies":"Chosen","floor":19.0,"turns":3.0},{"damage":17.0,"enemies":"Snecko","floor":22.0,"turns":5.0},{"damage":21.0,"enemies":"Gremlin Leader","floor":23.0,"turns":5.0},{"damage":17.0,"enemies":"3 Cultists","floor":25.0,"turns":4.0},{"damage":0.0,"enemies":"Snake Plant","floor":31.0,"turns":1.0},{"damage":31.0,"enemies":"Automaton","floor":33.0,"turns":11.0},{"damage":18.0,"enemies":"Orb Walker","floor":35.0,"turns":4.0},{"damage":41.0,"enemies":"3 Darklings","floor":36.0,"turns":3.0},{"damage":39.0,"enemies":"4 Shapes","floor":38.0,"turns":4.0},{"damage":49.0,"enemies":"Reptomancer","floor":44.0,"turns":5.0},{"damage":19.0,"enemies":"Transient","floor":45.0,"turns":5.0},{"damage":16.0,"enemies":"Giant Head","floor":46.0,"turns":4.0},{"damage":56,"enemies":"Reptomancer","floor":48,"turns":6},{"damage":66,"enemies":"Donu and Deca","floor":50,"turns":6}],"seed_played":"-1051659918823353558","potions_obtained":[{"floor":1.0,"key":"Poison Potion"},{"floor":4.0,"key":"Explosive Potion"},{"floor":6.0,"key":"SpeedPotion"},{"floor":12.0,"key":"GamblersBrew"},{"floor":14.0,"key":"Explosive Potion"},{"floor":19.0,"key":"SpeedPotion"},{"floor":22.0,"key":"Regen Potion"},{"floor":30.0,"key":"SpeedPotion"},{"floor":30.0,"key":"Fire Potion"},{"floor":33.0,"key":"SpeedPotion"},{"floor":35.0,"key":"SteroidPotion"},{"floor":45.0,"key":"SkillPotion"},{"floor":46.0,"key":"SpeedPotion"},{"floor":48,"key":"EssenceOfSteel"}],"is_trial":false,"path_per_floor":["M","?","$","M","M","E","R","?","T","E","M","M","E","M","R","B",null,"M","M","$","?","M","E","R","M","T","R","?","R","?","M","R","B",null,"M","M","$","M","?","R","$","R","T","E","M","E","$","E","R","B"],"character_chosen":"IRONCLAD","items_purchased":["Cleave","Rupture","Enlightenment","Bird Faced Urn","Flame Barrier","Metallicize","Fire Breathing","Burning Pact","Pommel Strike","Block Potion"],"campfire_rested":2,"item_purchase_floors":[3,3,3,20,20,20,37,37,37,37],"current_hp_per_floor":[74,66,66,66,66,45,45,45,45,45,45,44,14,14,38,38,80,80,70,70,70,67,65,65,64,64,64,64,64,64,70,70,57,88,86,53,53,32,32,83,83,100,110,103,108,114,114,72,96,38],"gold":166,"neow_bonus":"ONE_RANDOM_RARE_CARD","is_prod":false,"is_daily":false,"chose_seed":false,"campfire_upgraded":7,"win_rate":0.0,"timestamp":1557826952,"path_taken":["M","?","$","?","M","E","R","?","T","E","?","M","E","M","R","BOSS","M","M","$","?","?","E","R","M","T","R","?","R","?","M","R","BOSS","M","M","$","M","?","R","?","R","T","E","M","E","?","E","R","BOSS"],"build_version":"2019-01-23","purchased_purges":0,"victory":false,"max_hp_per_floor":[80,80,80,80,80,80,80,80,80,80,80,80,80,80,80,80,80,80,80,80,80,80,80,80,84,84,84,84,84,84,84,84,88,88,92,92,92,100,100,100,100,100,110,114,114,114,114,114,114,114],"card_choices":[{"not_picked":["Uppercut","Clothesline"],"picked":"Corruption","floor":1.0},{"not_picked":["Flex","Anger"],"picked":"Whirlwind","floor":4.0},{"not_picked":["Thunderclap","Searing Blow"],"picked":"Headbutt","floor":5.0},{"not_picked":["Body Slam","Reckless Charge"],"picked":"Rage","floor":6.0},{"not_picked":["Second Wind","Shockwave"],"picked":"Rampage","floor":10.0},{"not_picked":["Ghostly Armor","Clothesline"],"picked":"Feel No Pain","floor":11.0},{"not_picked":["Shrug It Off","Entrench"],"picked":"Pommel Strike","floor":12.0},{"not_picked":["Perfected Strike","Sword Boomerang"],"picked":"Infernal Blade","floor":13.0},{"not_picked":["Iron Wave","Flex"],"picked":"Thunderclap","floor":14.0},{"not_picked":["Juggernaut","Impervious"],"picked":"Barricade","floor":16.0},{"not_picked":["Ghostly Armor","Perfected Strike"],"picked":"Carnage","floor":18.0},{"not_picked":["Cleave","Flex"],"picked":"Pommel Strike+1","floor":19.0},{"not_picked":["Blood for Blood","Perfected Strike"],"picked":"Body Slam+1","floor":22.0},{"not_picked":["Berserk","Warcry"],"picked":"Feed","floor":23.0},{"not_picked":["Uppercut","Reckless Charge"],"picked":"Flex+1","floor":25.0},{"not_picked":["Blood for Blood","Thunderclap"],"picked":"Dual Wield","floor":31.0},{"not_picked":["Dark Embrace","Bludgeon"],"picked":"Reaper","floor":33.0},{"not_picked":["Iron Wave","Cleave"],"picked":"True Grit+1","floor":35.0},{"not_picked":["Clothesline","Power Through"],"picked":"Seeing Red+1","floor":36.0},{"not_picked":["True Grit+1","Cleave+1"],"picked":"Ghostly Armor","floor":38.0},{"not_picked":["Flex+1","Bloodletting+1"],"picked":"Offering","floor":44.0},{"not_picked":["Sword Boomerang","Pommel Strike"],"picked":"Flame Barrier+1","floor":45.0},{"not_picked":["Body Slam","Anger"],"picked":"Dark Embrace","floor":46.0},{"not_picked":["Iron Wave","True Grit"],"picked":"Clash","floor":48}],"player_experience":28718,"relics_obtained":[{"floor":6.0,"key":"Gambling Chip"},{"floor":9.0,"key":"Darkstone Periapt"},{"floor":10.0,"key":"Red Skull"},{"floor":13.0,"key":"Happy Flower"},{"floor":23.0,"key":"Bronze Scales"},{"floor":26.0,"key":"Juzu Bracelet"},{"floor":43.0,"key":"Pear"},{"floor":44.0,"key":"Orichalcum"},{"floor":46.0,"key":"MawBank"},{"floor":48,"key":"Shuriken"}],"event_choices":[{"damage_healed":0.0,"max_hp_gain":0.0,"max_hp_loss":0.0,"gold_gain":75.0,"event_name":"FaceTrader","player_choice":"Touch","floor":2.0,"gold_loss":0.0,"damage_taken":8.0},{"damage_healed":0.0,"max_hp_gain":0.0,"max_hp_loss":0.0,"gold_gain":100.0,"event_name":"Golden Shrine","player_choice":"Pray","floor":8.0,"gold_loss":0.0,"damage_taken":0.0},{"damage_healed":0.0,"max_hp_gain":0.0,"max_hp_loss":0.0,"gold_gain":0.0,"event_name":"N\u0027loth","player_choice":"Traded Relic","floor":21.0,"relics_lost":["Darkstone Periapt"],"gold_loss":0.0,"damage_taken":0.0,"relics_obtained":["Nloth\u0027s Gift"]},{"damage_healed":0.0,"max_hp_gain":0.0,"max_hp_loss":0.0,"gold_gain":0.0,"event_name":"Back to Basics","player_choice":"Simplicity","floor":28.0,"gold_loss":0.0,"damage_taken":0.0,"cards_upgraded":["Strike_R","Strike_R","Strike_R","Strike_R","Strike_R","Defend_R","Defend_R","Defend_R","Defend_R"]},{"damage_healed":0.0,"max_hp_gain":0.0,"max_hp_loss":0.0,"gold_gain":0.0,"event_name":"The Woman in Blue","player_choice":"Bought 2 Potions","floor":30.0,"gold_loss":0.0,"damage_taken":0.0},{"cards_removed":["Strike_R"],"damage_healed":0.0,"max_hp_gain":0.0,"max_hp_loss":0.0,"gold_gain":0.0,"event_name":"Purifier","player_choice":"Purged","floor":39.0,"gold_loss":0.0,"damage_taken":0.0}],"is_beta":false,"boss_relics":[{"not_picked":["Cursed Key","Empty Cage"],"picked":"Runic Pyramid"},{"not_picked":["Black Star","Runic Dome"],"picked":"Eternal Feather"}],"items_purged_floors":[],"is_endless":false,"potions_floor_spawned":[1,4,6,12,14,19,22,33,35,45,46,48],"killed_by":"Donu and Deca","ascension_level":0}