{"gold_per_floor":[118,138,156,169,169,169,195,195,195,12,44,44,23,23],"floor_reached":14,"playtime":2342,"items_purged":[],"score":98,"play_id":"eac64b9f-d712-4b5b-8bca-8ddf0ed46f57","local_time":"20190514174733","is_ascension_mode":false,"campfire_choices":[{"data":"Seek","floor":6,"key":"SMITH"},{"data":"Self Repair","floor":8,"key":"SMITH"}],"neow_cost":"NONE","seed_source_timestamp":167269794737551,"circlet_count":0,"master_deck":["Strike_B","Strike_B","Strike_B","Strike_B","Defend_B","Defend_B","Defend_B","Defend_B","Zap","Dualcast","Auto Shields","Static Discharge","Self Repair+1","Seek+1","Rip and Tear","Turbo","Double Energy","FTL","Scrape"],"relics":["Cracked Core","NeowsBlessing","Bronze Scales","Meat on the Bone","WingedGreaves","Ancient Tea Set"],"potions_floor_usage":[11,11],"damage_taken":[{"damage":0,"enemies":"Jaw Worm","floor":1,"turns":1},{"damage":0,"enemies":"Small Slimes","floor":2,"turns":1},{"damage":0,"enemies":"2 Louse","floor":3,"turns":1},{"damage":13,"enemies":"2 Fungi Beasts","floor":4,"turns":3},{"damage":36,"enemies":"3 Sentries","floor":7,"turns":8},{"damage":24,"enemies":"Lagavulin","floor":11,"turns":6},{"damage":16,"enemies":"3 Sentries","floor":14,"turns":6}],"seed_played":"3337263325748348224","potions_obtained":[{"floor":4,"key":"Swift Potion"},{"floor":7,"key":"SteroidPotion"}],"is_trial":false,"path_per_floor":["M","M","M","M","?","R","E","R","T","$","E","?","?","E"],"character_chosen":"DEFECT","items_purchased":["Turbo","Double Energy","FTL"],"campfire_rested":0,"item_purchase_floors":[10,10,10],"current_hp_per_floor":[75,75,75,62,62,62,33,33,33,33,31,13,13,0],"gold":23,"neow_bonus":"THREE_ENEMY_KILL","is_prod":false,"is_daily":false,"chose_seed":false,"campfire_upgraded":2,"win_rate":0.0,"timestamp":1557881253,"path_taken":["M","M","M","M","?","R","E","R","T","$","E","?","?","E"],"build_version":"2019-01-23","purchased_purges":0,"victory":false,"max_hp_per_floor":[75,75,75,75,75,75,75,75,75,75,75,75,75,75],"card_choices":[{"not_picked":["Cold Snap","Gash"],"picked":"Auto Shields","floor":1},{"not_picked":["Go for the Eyes","Defragment"],"picked":"Static Discharge","floor":2},{"not_picked":["Steam Power","Gash"],"picked":"Hello World","floor":3},{"not_picked":["Leap","Barrage"],"picked":"Self Repair","floor":4},{"not_picked":["Hologram","Consume"],"picked":"Rip and Tear","floor":7},{"not_picked":["Amplify","Melter"],"picked":"Scrape","floor":11}],"player_experience":51371,"relics_obtained":[{"floor":7,"key":"Bronze Scales"},{"floor":9,"key":"Meat on the Bone"},{"floor":11,"key":"WingedGreaves"}],"event_choices":[{"damage_healed":0,"gold_gain":0,"cards_transformed":["Hello World"],"player_choice":"Change","damage_taken":0,"max_hp_gain":0,"max_hp_loss":0,"event_name":"Living Wall","floor":5,"gold_loss":0,"cards_obtained":["Seek"]},{"damage_healed":0,"gold_gain":0,"player_choice":"Success","damage_taken":18,"relics_obtained":["Ancient Tea Set"],"max_hp_gain":0,"max_hp_loss":0,"event_name":"Scrap Ooze","floor":12,"gold_loss":0},{"damage_healed":0,"gold_gain":0,"player_choice":"Left Gold","damage_taken":0,"max_hp_gain":0,"max_hp_loss":0,"event_name":"World of Goop","floor":13,"gold_loss":21}],"is_beta":false,"boss_relics":[],"items_purged_floors":[],"is_endless":false,"potions_floor_spawned":[4,7],"killed_by":"3 Sentries","ascension_level":0}