{"gold_per_floor":[117,292,45,45,58,58,99,99,147,167,167,210,210,229,229,318,318,336,47,47,47,66,66,66],"floor_reached":24,"playtime":2173,"items_purged":[],"score":411,"play_id":"0f63ff90-c488-4a61-a581-dcb2616dda06","local_time":"20190903140702","is_ascension_mode":true,"campfire_choices":[{"data":"Defragment","floor":6.0,"key":"SMITH"},{"data":"Zap","floor":8.0,"key":"SMITH"},{"data":"Lockon","floor":11.0,"key":"SMITH"},{"data":"Dualcast","floor":13,"key":"SMITH"},{"floor":15,"key":"REST"},{"data":"Fission","floor":23,"key":"SMITH"}],"neow_cost":"NONE","seed_source_timestamp":0,"circlet_count":0,"master_deck":["AscendersBane","Defend_B","Defend_B","Defend_B","Defend_B","Zap+1","Dualcast+1","White Noise","Doubt","Lockon+1","Defragment+1","Self Repair","Sweeping Beam","All For One","Coolheaded","Fission+1","Defragment+1","Go for the Eyes+1","Bite+1","Bite+1","Bite+1","Bite+1","Bite+1","Defragment+1","Turbo"],"special_seed":0,"relics":["Cracked Core","NeowsBlessing","Chemical X","Golden Idol","Symbiotic Virus","Centennial Puzzle","Incense Burner","Black Star","Molten Egg 2"],"potions_floor_usage":[24],"damage_taken":[{"damage":0.0,"enemies":"2 Louse","floor":1.0,"turns":1.0},{"damage":0.0,"enemies":"Small Slimes","floor":5.0,"turns":1.0},{"damage":0.0,"enemies":"Lagavulin","floor":7.0,"turns":1.0},{"damage":2.0,"enemies":"Jaw Worm","floor":10.0,"turns":3.0},{"damage":25,"enemies":"3 Sentries","floor":12,"turns":4},{"damage":21,"enemies":"Exordium Thugs","floor":14,"turns":4},{"damage":29,"enemies":"Slime Boss","floor":16,"turns":5},{"damage":7,"enemies":"Chosen","floor":18,"turns":2},{"damage":7,"enemies":"Shell Parasite","floor":22,"turns":3},{"damage":46,"enemies":"Gremlin Leader","floor":24,"turns":2}],"seed_played":"4603035624943486777","potions_obtained":[{"floor":5.0,"key":"Poison Potion"},{"floor":7.0,"key":"EssenceOfSteel"},{"floor":10.0,"key":"Explosive Potion"},{"floor":16,"key":"Dexterity Potion"},{"floor":22,"key":"SteroidPotion"}],"is_trial":false,"path_per_floor":["M","?","$","?","M","R","E","R","T","M","R","E","R","M","R","B",null,"M","$","?","?","M","R","E"],"character_chosen":"DEFECT","items_purchased":["Lockon","Chemical X","Molten Egg 2","Go for the Eyes+1"],"campfire_rested":1,"item_purchase_floors":[3,3,19,19],"current_hp_per_floor":[64,64,64,64,64,64,64,64,64,66,66,48,48,34,53,31,57,50,50,46,46,46,46,0],"gold":66,"neow_bonus":"THREE_ENEMY_KILL","is_prod":false,"is_daily":false,"chose_seed":false,"campfire_upgraded":5,"win_rate":0,"timestamp":1567534022,"path_taken":["M","?","$","?","M","R","E","R","T","M","R","E","R","M","R","BOSS","M","$","?","?","M","R","E"],"build_version":"2019-07-17","purchased_purges":0,"victory":false,"max_hp_per_floor":[71,71,71,66,66,66,66,66,66,66,66,66,66,66,66,66,66,66,66,46,46,46,46,46],"card_choices":[{"not_picked":["Stack","Steam Power"],"picked":"White Noise","floor":1.0},{"not_picked":["Compile Driver","Steam"],"picked":"Defragment","floor":5.0},{"not_picked":["FTL","Conserve Battery"],"picked":"Self Repair","floor":7.0},{"not_picked":["Turbo","Go for the Eyes"],"picked":"Sweeping Beam","floor":10.0},{"not_picked":["Hologram","Gash"],"picked":"All For One","floor":12},{"not_picked":["Static Discharge","Fusion"],"picked":"Coolheaded","floor":14},{"not_picked":["Meteor Strike","All For One"],"picked":"Fission","floor":16},{"not_picked":["Turbo","Rip and Tear"],"picked":"Defragment+1","floor":18},{"not_picked":["Heatsinks","Compile Driver+1"],"picked":"Turbo","floor":22}],"player_experience":1288535,"relics_obtained":[{"floor":7.0,"key":"Symbiotic Virus"},{"floor":9.0,"key":"Centennial Puzzle"},{"floor":12,"key":"Incense Burner"}],"event_choices":[{"damage_healed":0.0,"max_hp_gain":0.0,"max_hp_loss":0.0,"gold_gain":175.0,"event_name":"Liars Game","player_choice":"AGREE","floor":2.0,"gold_loss":0.0,"damage_taken":0.0,"cards_obtained":["Doubt"]},{"damage_healed":0.0,"max_hp_gain":0.0,"max_hp_loss":5.0,"gold_gain":0.0,"event_name":"Golden Idol","player_choice":"Lose Max HP","floor":4.0,"gold_loss":0.0,"damage_taken":0.0,"relics_obtained":["Golden Idol"]},{"damage_healed":0,"gold_gain":0,"player_choice":"Became a vampire","damage_taken":0,"max_hp_gain":0,"max_hp_loss":20,"event_name":"Vampires","floor":20,"gold_loss":0,"cards_obtained":["Bite","Bite","Bite","Bite","Bite"]},{"damage_healed":0,"gold_gain":0,"player_choice":"Copied","damage_taken":0,"max_hp_gain":0,"max_hp_loss":0,"event_name":"Duplicator","floor":21,"gold_loss":0,"cards_obtained":["Defragment"]}],"is_beta":false,"boss_relics":[{"not_picked":["Inserter","Sozu"],"picked":"Black Star"}],"items_purged_floors":[],"is_endless":false,"potions_floor_spawned":[5,7,10,16,22],"killed_by":"Gremlin Leader","ascension_level":14}