{"gold_per_floor":[110,60,60,71,71,104,114,179,191,233,245,277,289,311,323,438,450,481,493,20,40,40],"floor_reached":22,"playtime":1544,"items_purged":[],"score":285,"play_id":"c90a50a2-849f-4023-b241-aa2ad300aefb","local_time":"20190707151825","is_ascension_mode":true,"campfire_choices":[{"floor":11.0,"key":"REST"},{"floor":15.0,"key":"REST"}],"neow_cost":"NONE","seed_source_timestamp":0,"circlet_count":0,"master_deck":["Strike_B","Strike_B","Defend_B+1","Defend_B+1","Defend_B","Zap","Dualcast","White Noise","Recycle","Self Repair","Consume","Multi-Cast","Cold Snap","Leap","Chill","Electrodynamics","Coolheaded","Coolheaded","Redo","Steam","Conserve Battery","Conserve Battery+1","Seek","Loop+1","Echo Form+1"],"special_seed":0,"relics":["Cracked Core","NeowsBlessing","Pear","MawBank","Cables","Ornamental Fan","Orrery","FaceOfCleric","Frozen Egg 2"],"potions_floor_usage":[],"damage_taken":[{"damage":0.0,"enemies":"Jaw Worm","floor":1.0,"turns":1.0},{"damage":0.0,"enemies":"Small Slimes","floor":4.0,"turns":1.0},{"damage":0.0,"enemies":"3 Sentries","floor":6.0,"turns":1.0},{"damage":0.0,"enemies":"Cultist","floor":7.0,"turns":4.0},{"damage":29.0,"enemies":"3 Sentries","floor":8.0,"turns":8.0},{"damage":33.0,"enemies":"Gremlin Nob","floor":10.0,"turns":4.0},{"damage":22.0,"enemies":"Lots of Slimes","floor":12.0,"turns":4.0},{"damage":0.0,"enemies":"Blue Slaver","floor":14.0,"turns":4.0},{"damage":44.0,"enemies":"Slime Boss","floor":16.0,"turns":18.0},{"damage":45.0,"enemies":"3 Byrds","floor":18.0,"turns":6.0},{"damage":23.0,"enemies":"Chosen","floor":21.0,"turns":6.0},{"damage":13,"enemies":"Snake Plant","floor":22,"turns":2}],"seed_played":"5663510015158733547","potions_obtained":[{"floor":1.0,"key":"Fire Potion"},{"floor":7.0,"key":"EssenceOfSteel"},{"floor":8.0,"key":"SteroidPotion"},{"floor":14.0,"key":"GamblersBrew"},{"floor":16.0,"key":"Poison Potion"},{"floor":21.0,"key":"LiquidBronze"}],"is_trial":false,"path_per_floor":["M","?","?","M","?","E","M","?","T","E","R","M","?","M","R","B",null,"M","?","$","M","M"],"character_chosen":"DEFECT","items_purchased":["Frozen Egg 2","Seek","Loop+1"],"campfire_rested":2,"item_purchase_floors":[20,20,20],"current_hp_per_floor":[68,68,53,53,46,56,63,34,34,8,33,18,18,32,57,20,69,31,31,31,9,0],"gold":40,"neow_bonus":"THREE_ENEMY_KILL","is_prod":false,"is_daily":false,"chose_seed":false,"campfire_upgraded":0,"win_rate":0,"timestamp":1562527105,"path_taken":["M","?","?","M","?","E","M","?","T","E","R","?","?","M","R","BOSS","M","?","$","M","?"],"build_version":"2019-07-05","purchased_purges":0,"victory":false,"max_hp_per_floor":[75,75,75,75,75,85,85,85,85,85,85,85,85,85,85,85,85,85,85,85,86,86],"card_choices":[{"not_picked":["Sweeping Beam","Barrage"],"picked":"White Noise","floor":1.0},{"not_picked":["Streamline","Stack"],"picked":"Recycle","floor":4.0},{"not_picked":["Rebound","Hologram"],"picked":"Self Repair","floor":6.0},{"not_picked":["Conserve Battery","Cold Snap"],"picked":"Consume","floor":7.0},{"not_picked":["Coolheaded","Sweeping Beam"],"picked":"Multi-Cast","floor":8.0},{"not_picked":["Barrage","Skim"],"picked":"Cold Snap","floor":10.0},{"not_picked":["Gash","Double Energy"],"picked":"Leap","floor":12.0},{"not_picked":["Hologram","Sweeping Beam"],"picked":"Chill","floor":14.0},{"not_picked":["Core Surge","Multi-Cast"],"picked":"Electrodynamics","floor":16.0},{"not_picked":["Gash","Rebound"],"picked":"Coolheaded","floor":17.0},{"not_picked":["Cold Snap","Rebound"],"picked":"Coolheaded","floor":17.0},{"not_picked":["Cold Snap","Doom and Gloom"],"picked":"Redo","floor":17.0},{"not_picked":["Leap","Go for the Eyes"],"picked":"Steam","floor":17.0},{"not_picked":["Force Field","FTL"],"picked":"Conserve Battery","floor":17.0},{"not_picked":["Go for the Eyes","Consume"],"picked":"Conserve Battery+1","floor":18.0},{"not_picked":["Hello World+1","Coolheaded"],"picked":"Echo Form+1","floor":21.0}],"player_experience":808109,"relics_obtained":[{"floor":6.0,"key":"Pear"},{"floor":8.0,"key":"MawBank"},{"floor":9.0,"key":"Cables"},{"floor":10.0,"key":"Ornamental Fan"}],"event_choices":[{"cards_removed":["Strike_B"],"damage_healed":0.0,"max_hp_gain":0.0,"max_hp_loss":0.0,"gold_gain":0.0,"event_name":"The Cleric","player_choice":"Card Removal","floor":2.0,"gold_loss":50.0,"damage_taken":0.0},{"damage_healed":0.0,"max_hp_gain":0.0,"max_hp_loss":0.0,"gold_gain":0.0,"event_name":"Shining Light","player_choice":"Entered Light","floor":3.0,"gold_loss":0.0,"damage_taken":15.0,"cards_upgraded":["Defend_B","Defend_B"]},{"cards_removed":["Strike_B"],"damage_healed":0.0,"max_hp_gain":0.0,"max_hp_loss":0.0,"gold_gain":0.0,"event_name":"Golden Wing","player_choice":"Card Removal","floor":5.0,"gold_loss":0.0,"damage_taken":7.0},{"damage_healed":0.0,"max_hp_gain":0.0,"max_hp_loss":0.0,"gold_gain":0.0,"event_name":"Dead Adventurer","player_choice":"Searched \u00271\u0027 times","floor":8.0,"gold_loss":0.0,"damage_taken":0.0},{"cards_removed":["Defend_B"],"damage_healed":0.0,"max_hp_gain":0.0,"max_hp_loss":0.0,"gold_gain":0.0,"event_name":"Bonfire Elementals","player_choice":"Offered Basic","floor":13.0,"gold_loss":0.0,"damage_taken":0.0},{"damage_healed":0.0,"max_hp_gain":0.0,"max_hp_loss":0.0,"gold_gain":0.0,"event_name":"FaceTrader","player_choice":"Trade","floor":19.0,"gold_loss":0.0,"damage_taken":0.0,"relics_obtained":["FaceOfCleric"]}],"is_beta":false,"boss_relics":[{"not_picked":["Tiny House","Busted Crown"],"picked":"Orrery"}],"items_purged_floors":[],"is_endless":false,"potions_floor_spawned":[1,7,8,14,16,21],"killed_by":"Snake Plant","ascension_level":6}