{"gold_per_floor":[113,113,129,147,167,167,167,195,195,195,345,358,358,387,387,466,466,479,493,503,503,503,503,503],"floor_reached":24,"playtime":2924,"items_purged":[],"score":486,"play_id":"44ceac38-709d-4568-8a40-4cc26f64e243","local_time":"20190903201837","is_ascension_mode":true,"campfire_choices":[{"floor":6.0,"key":"REST"},{"data":"Zap","floor":13.0,"key":"SMITH"},{"data":"Consume","floor":15.0,"key":"SMITH"},{"floor":23,"key":"REST"}],"neow_cost":"NONE","seed_source_timestamp":92375085740148,"circlet_count":0,"master_deck":["AscendersBane","Defend_B","Defend_B+1","Defend_B","Defend_B","Zap+1","Dualcast","Rebound","Streamline","Glacier+1","Turbo","Consume+1","Undo","Regret","Doubt","Scrape","Core Surge","Echo Form","Injury","Parasite","Shame","Steam","Sweeping Beam","Doom and Gloom","Bite","Bite","Bite","Bite","Bite"],"special_seed":0,"relics":["Cracked Core","Meat on the Bone","The Courier","Blue Candle","Gambling Chip","Matryoshka","Calling Bell","Shuriken","Pocketwatch","War Paint","Enchiridion"],"potions_floor_usage":[],"damage_taken":[{"damage":2.0,"enemies":"Jaw Worm","floor":1.0,"turns":3.0},{"damage":8.0,"enemies":"2 Louse","floor":3.0,"turns":3.0},{"damage":0.0,"enemies":"Small Slimes","floor":4.0,"turns":3.0},{"damage":7.0,"enemies":"3 Louse","floor":5.0,"turns":4.0},{"damage":28.0,"enemies":"Lagavulin","floor":8.0,"turns":8.0},{"damage":6.0,"enemies":"Blue Slaver","floor":12.0,"turns":5.0},{"damage":28.0,"enemies":"3 Sentries","floor":14.0,"turns":5.0},{"damage":31.0,"enemies":"The Guardian","floor":16.0,"turns":16.0},{"damage":22,"enemies":"Spheric Guardian","floor":18,"turns":6},{"damage":10,"enemies":"Shell Parasite","floor":19,"turns":9},{"damage":2,"enemies":"Snecko","floor":20,"turns":8},{"damage":38,"enemies":"Slavers","floor":24,"turns":2}],"seed_played":"-2505121329474715751","potions_obtained":[{"floor":3.0,"key":"PowerPotion"},{"floor":14.0,"key":"Ancient Potion"}],"is_trial":false,"path_per_floor":["M","?","M","M","M","R","?","E","T","?","?","M","R","E","R","B",null,"M","M","M","?","?","R","E"],"character_chosen":"DEFECT","items_purchased":[],"campfire_rested":2,"item_purchase_floors":[],"current_hp_per_floor":[69,64,56,56,49,72,72,44,44,44,44,50,50,34,34,15,62,40,42,40,40,19,35,0],"gold":503,"neow_bonus":"TEN_PERCENT_HP_BONUS","is_prod":false,"is_daily":false,"chose_seed":false,"campfire_upgraded":2,"win_rate":0,"timestamp":1567556317,"path_taken":["M","?","M","M","M","R","?","E","T","?","?","M","R","E","R","BOSS","M","M","M","?","?","R","E"],"build_version":"2019-07-17","purchased_purges":0,"victory":false,"max_hp_per_floor":[78,78,78,78,78,78,78,78,78,78,78,78,78,78,78,78,78,78,78,78,54,54,54,54],"card_choices":[{"not_picked":["Ball Lightning","Blizzard"],"picked":"Rebound","floor":1.0},{"not_picked":["Steam","Leap"],"picked":"Streamline","floor":3.0},{"not_picked":["Go for the Eyes","Redo"],"picked":"Glacier","floor":4.0},{"not_picked":["Conserve Battery","Double Energy"],"picked":"Turbo","floor":5.0},{"not_picked":["Go for the Eyes","Ball Lightning"],"picked":"Undo","floor":8.0},{"not_picked":["Leap","White Noise"],"picked":"Scrape","floor":12.0},{"not_picked":["Compile Driver","Ball Lightning"],"picked":"Core Surge","floor":14.0},{"not_picked":["Electrodynamics","Meteor Strike"],"picked":"Echo Form","floor":16.0},{"not_picked":["Double Energy","Sweeping Beam"],"picked":"Steam","floor":18},{"not_picked":["Coolheaded","Rebound"],"picked":"Sweeping Beam","floor":19},{"not_picked":["Go for the Eyes","Cold Snap"],"picked":"Doom and Gloom","floor":20}],"player_experience":1305771,"relics_obtained":[{"floor":8.0,"key":"The Courier"},{"floor":9.0,"key":"Blue Candle"},{"floor":14.0,"key":"Matryoshka"},{"floor":17.0,"key":"Shuriken"},{"floor":17.0,"key":"Pocketwatch"},{"floor":17.0,"key":"War Paint"},{"floor":22,"key":"Enchiridion"}],"event_choices":[{"damage_healed":0.0,"max_hp_gain":0.0,"max_hp_loss":0.0,"gold_gain":0.0,"event_name":"Scrap Ooze","player_choice":"Success","floor":2.0,"gold_loss":0.0,"damage_taken":5.0,"relics_obtained":["Meat on the Bone"]},{"damage_healed":0.0,"max_hp_gain":0.0,"max_hp_loss":0.0,"gold_gain":0.0,"cards_transformed":["Strike_B"],"event_name":"Living Wall","player_choice":"Change","floor":7.0,"gold_loss":0.0,"damage_taken":0.0,"cards_obtained":["Consume"]},{"damage_healed":0.0,"max_hp_gain":0.0,"max_hp_loss":0.0,"gold_gain":0.0,"event_name":"Big Fish","player_choice":"Box","floor":10.0,"gold_loss":0.0,"damage_taken":0.0,"relics_obtained":["Gambling Chip"],"cards_obtained":["Regret"]},{"damage_healed":0.0,"max_hp_gain":0.0,"max_hp_loss":0.0,"gold_gain":150.0,"event_name":"Liars Game","player_choice":"AGREE","floor":11.0,"gold_loss":0.0,"damage_taken":0.0,"cards_obtained":["Doubt"]},{"damage_healed":0,"gold_gain":0,"player_choice":"Became a vampire","damage_taken":0,"max_hp_gain":0,"max_hp_loss":24,"event_name":"Vampires","floor":21,"gold_loss":0,"cards_obtained":["Bite","Bite","Bite","Bite","Bite"]},{"damage_healed":0,"gold_gain":0,"player_choice":"Obtained Book","damage_taken":21,"max_hp_gain":0,"max_hp_loss":0,"event_name":"Cursed Tome","floor":22,"gold_loss":0}],"is_beta":false,"boss_relics":[{"not_picked":["Sozu","Pandora\u0027s Box"],"picked":"Calling Bell"}],"items_purged_floors":[],"is_endless":false,"potions_floor_spawned":[3,14],"killed_by":"Slavers","ascension_level":15}