{"gold_per_floor":[114,127,77,77,88,88,88,139,139,70,83,115,115,147,147,147],"floor_reached":16,"playtime":1612,"items_purged":[],"score":148,"play_id":"cd052775-7fef-489e-82e3-ba6bd862176d","local_time":"20190613194914","is_ascension_mode":true,"campfire_choices":[{"data":"Body Slam","floor":6.0,"key":"SMITH"},{"floor":15,"key":"REST"}],"neow_cost":"PERCENT_DAMAGE","seed_source_timestamp":0,"circlet_count":0,"master_deck":["Strike_R","Strike_R","Defend_R","Defend_R","Defend_R","Bash","Body Slam+1","Battle Trance","Jack Of All Trades","Reaper","Cleave","Thunderclap","Fire Breathing","Sentinel","Dark Embrace","Demon Form","Corruption"],"special_seed":0,"relics":["Burning Blood","Nunchaku","Letter Opener","Paper Frog","Bottled Tornado"],"potions_floor_usage":[14,14],"damage_taken":[{"damage":4.0,"enemies":"Small Slimes","floor":1.0,"turns":5.0},{"damage":4.0,"enemies":"Cultist","floor":2.0,"turns":5.0},{"damage":11.0,"enemies":"Jaw Worm","floor":5.0,"turns":5.0},{"damage":20.0,"enemies":"Lagavulin","floor":8.0,"turns":5.0},{"damage":21.0,"enemies":"Blue Slaver","floor":11.0,"turns":4.0},{"damage":36.0,"enemies":"Gremlin Nob","floor":12.0,"turns":4.0},{"damage":20,"enemies":"3 Sentries","floor":14,"turns":4},{"damage":48,"enemies":"Hexaghost","floor":16,"turns":9}],"seed_played":"-8309978986255966039","potions_obtained":[{"floor":2.0,"key":"Explosive Potion"},{"floor":5.0,"key":"LiquidBronze"},{"floor":8.0,"key":"LiquidBronze"},{"floor":12.0,"key":"LiquidBronze"}],"is_trial":false,"path_per_floor":["M","M","?","?","M","R","$","E","T","$","M","E","?","E","R","B"],"character_chosen":"IRONCLAD","items_purchased":["Fire Breathing"],"campfire_rested":1,"item_purchase_floors":[10],"current_hp_per_floor":[58,60,60,60,61,61,61,47,47,47,36,12,12,10,34,0],"gold":147,"neow_bonus":"REMOVE_TWO","is_prod":false,"is_daily":false,"chose_seed":false,"campfire_upgraded":1,"win_rate":0,"timestamp":1560480554,"path_taken":["M","M","?","?","?","R","?","E","T","$","M","E","?","E","R","BOSS"],"build_version":"2019-01-23","purchased_purges":0,"victory":false,"max_hp_per_floor":[80,80,80,80,80,80,80,80,80,80,80,80,80,80,80,80],"card_choices":[{"not_picked":["Iron Wave","Havoc"],"picked":"Body Slam","floor":1.0},{"not_picked":["Heavy Blade","Twin Strike"],"picked":"Battle Trance","floor":2.0},{"not_picked":["Clash","Shrug It Off"],"picked":"Cleave","floor":5.0},{"not_picked":["Wild Strike","Corruption"],"picked":"Thunderclap","floor":8.0},{"not_picked":["Clothesline","Thunderclap"],"picked":"Sentinel","floor":11.0},{"not_picked":["Sword Boomerang","Uppercut"],"picked":"Dark Embrace","floor":12.0},{"not_picked":["Cleave","Pommel Strike"],"picked":"Corruption","floor":14}],"player_experience":612423,"relics_obtained":[{"floor":8.0,"key":"Nunchaku"},{"floor":9.0,"key":"Letter Opener"},{"floor":12.0,"key":"Paper Frog"},{"floor":14,"key":"Bottled Tornado"}],"event_choices":[{"cards_removed":["Strike_R"],"damage_healed":0.0,"max_hp_gain":0.0,"max_hp_loss":0.0,"gold_gain":0.0,"event_name":"The Cleric","player_choice":"Card Removal","floor":3.0,"gold_loss":50.0,"damage_taken":0.0},{"damage_healed":0.0,"max_hp_gain":0.0,"max_hp_loss":0.0,"gold_gain":0.0,"event_name":"Match and Keep!","player_choice":"2 cards matched","floor":4.0,"gold_loss":0.0,"damage_taken":0.0,"cards_obtained":["Jack Of All Trades","Reaper"]},{"damage_healed":0.0,"max_hp_gain":0.0,"max_hp_loss":0.0,"gold_gain":0.0,"cards_transformed":["Defend_R"],"event_name":"Living Wall","player_choice":"Change","floor":13.0,"gold_loss":0.0,"damage_taken":0.0,"cards_obtained":["Demon Form"]}],"is_beta":false,"boss_relics":[],"items_purged_floors":[],"is_endless":false,"potions_floor_spawned":[2,5,8,11,12],"killed_by":"Hexaghost","ascension_level":5}