{"gold_per_floor":[359,377,397,60,60,119,69,69,95,125,125,125],"floor_reached":12,"playtime":1353,"items_purged":[],"score":90,"play_id":"62be694e-c62d-4294-862d-d41a13bd5dfb","local_time":"20190529013353","is_ascension_mode":true,"campfire_choices":[{"floor":8.0,"key":"REST"}],"neow_cost":"CURSE","seed_source_timestamp":0,"circlet_count":0,"master_deck":["Strike_R","Strike_R","Strike_R","Strike_R","Defend_R","Defend_R","Defend_R","Defend_R","Bash","Inflame","Headbutt","Combust","True Grit","Magnetism","Flex","Searing Blow","Hemokinesis","Headbutt"],"special_seed":0,"relics":["Burning Blood","Tiny Chest","Omamori","Darkstone Periapt"],"potions_floor_usage":[12],"damage_taken":[{"damage":9.0,"enemies":"2 Louse","floor":1.0,"turns":4.0},{"damage":3.0,"enemies":"Small Slimes","floor":2.0,"turns":3.0},{"damage":11.0,"enemies":"Cultist","floor":3.0,"turns":4.0},{"damage":45.0,"enemies":"3 Sentries","floor":6.0,"turns":8.0},{"damage":49.0,"enemies":"Gremlin Nob","floor":10.0,"turns":6.0},{"damage":22,"enemies":"Large Slime","floor":12,"turns":5}],"seed_played":"4721366623969540399","potions_obtained":[{"floor":3.0,"key":"Weak Potion"},{"floor":6.0,"key":"LiquidBronze"},{"floor":10.0,"key":"Regen Potion"}],"is_trial":false,"path_per_floor":["M","M","M","$","?","E","?","R","T","E","?","M"],"character_chosen":"IRONCLAD","items_purchased":["True Grit","Magnetism","Flex","Searing Blow"],"campfire_rested":1,"item_purchase_floors":[4,4,4,4],"current_hp_per_floor":[77,80,75,75,68,29,29,53,53,10,10,0],"gold":125,"neow_bonus":"TWO_FIFTY_GOLD","is_prod":false,"is_daily":false,"chose_seed":false,"campfire_upgraded":0,"win_rate":0,"timestamp":1559118833,"path_taken":["M","M","M","$","?","E","?","R","T","E","?","M"],"build_version":"2019-01-23","purchased_purges":0,"victory":false,"max_hp_per_floor":[80,80,80,80,80,80,80,80,80,80,80,80],"card_choices":[{"not_picked":["Havoc","Carnage"],"picked":"Inflame","floor":1.0},{"not_picked":["Rampage","Warcry"],"picked":"Headbutt","floor":2.0},{"not_picked":["Heavy Blade","Hemokinesis"],"picked":"Combust","floor":3.0},{"not_picked":["Reckless Charge","Clothesline"],"picked":"Hemokinesis","floor":6.0},{"not_picked":["Wild Strike","Evolve"],"picked":"Headbutt","floor":10.0}],"player_experience":246401,"relics_obtained":[{"floor":6.0,"key":"Tiny Chest"},{"floor":9.0,"key":"Omamori"},{"floor":10.0,"key":"Darkstone Periapt"}],"event_choices":[{"cards_removed":["Regret"],"damage_healed":0.0,"max_hp_gain":0.0,"max_hp_loss":0.0,"gold_gain":0.0,"event_name":"Golden Wing","player_choice":"Card Removal","floor":5.0,"gold_loss":0.0,"damage_taken":7.0},{"cards_removed":["Strike_R"],"damage_healed":0.0,"max_hp_gain":0.0,"max_hp_loss":0.0,"gold_gain":0.0,"event_name":"The Cleric","player_choice":"Card Removal","floor":7.0,"gold_loss":50.0,"damage_taken":0.0},{"damage_healed":0,"gold_gain":0,"player_choice":"Searched \u00271\u0027 times","damage_taken":0,"max_hp_gain":0,"max_hp_loss":0,"event_name":"Dead Adventurer","floor":11,"gold_loss":0}],"is_beta":false,"boss_relics":[],"items_purged_floors":[],"is_endless":false,"potions_floor_spawned":[3,6,10],"killed_by":"Large Slime","ascension_level":1}