{"gold_per_floor":[114,64,64,79,79,79,94,132,132,163,163,188,188,207,207,335,335,354,372,372,372,229,262,262,295,318,233,8,8,133,173,173,293,293,312,336,14,139,139,178,178,197,220,243,243,281,281,297,297,297,297,297,14,45,45],"floor_reached":56,"playtime":12248,"items_purged":["Doubt","Doubt","Injury"],"score":1740,"play_id":"199afbb5-2ba6-4c16-8176-ed102a84e373","local_time":"20190705163219","is_ascension_mode":true,"campfire_choices":[{"data":"Feed","floor":6.0,"key":"SMITH"},{"data":"Limit Break","floor":11.0,"key":"SMITH"},{"data":"Spot Weakness","floor":13.0,"key":"SMITH"},{"floor":15.0,"key":"REST"},{"data":"Feel No Pain","floor":24.0,"key":"SMITH"},{"data":"Offering","floor":29.0,"key":"SMITH"},{"data":"1","floor":32.0,"key":"LIFT"},{"data":"Barricade","floor":41.0,"key":"SMITH"},{"floor":45.0,"key":"REST"},{"data":"2","floor":47.0,"key":"LIFT"},{"floor":49.0,"key":"RECALL"},{"data":"3","floor":52.0,"key":"LIFT"}],"neow_cost":"CURSE","seed_source_timestamp":0,"circlet_count":0,"master_deck":["Strike_R","Strike_R","Strike_R","Strike_R","Strike_R","Defend_R","Defend_R","Defend_R","Defend_R","Bash","Feed+1","Pummel","Spot Weakness","Spot Weakness+1","Limit Break+1","Cleave","Ghostly Armor","Shockwave","Blood for Blood","Reaper","Intimidate","Feel No Pain+1","Combust","Seeing Red+1","Infernal Blade","Offering+1","Feel No Pain","Sentinel+1","Burning Pact+1","Barricade+1","Warcry+1","Dual Wield+1","Metallicize","Pummel","Ghostly Armor+1","Feel No Pain","Headbutt","Brutality","Limit Break+1","Body Slam+1","Warcry+1","Flex+1","Pummel+1","Havoc+1","Apotheosis+1","Sever Soul","Evolve"],"special_seed":0,"relics":["Burning Blood","Golden Idol","Ornamental Fan","Bottled Lightning","Dream Catcher","Calling Bell","Happy Flower","Pear","Incense Burner","Anchor","Dead Branch","Smiling Mask","Matryoshka","Girya","Toxic Egg 2","Ancient Tea Set","Orrery","Frozen Eye","FossilizedHelix","Bag of Marbles","Bag of Preparation","Juzu Bracelet","Oddly Smooth Stone"],"potions_floor_usage":[55],"damage_taken":[{"damage":7.0,"enemies":"Small Slimes","floor":1.0,"turns":6.0},{"damage":10.0,"enemies":"2 Louse","floor":4.0,"turns":3.0},{"damage":9.0,"enemies":"Jaw Worm","floor":7.0,"turns":4.0},{"damage":23.0,"enemies":"Gremlin Nob","floor":8.0,"turns":4.0},{"damage":22.0,"enemies":"Lagavulin","floor":10.0,"turns":4.0},{"damage":12.0,"enemies":"2 Fungi Beasts","floor":12.0,"turns":2.0},{"damage":5.0,"enemies":"Exordium Wildlife","floor":14.0,"turns":4.0},{"damage":41.0,"enemies":"Slime Boss","floor":16.0,"turns":9.0},{"damage":36.0,"enemies":"Chosen","floor":18.0,"turns":5.0},{"damage":8.0,"enemies":"2 Thieves","floor":19.0,"turns":3.0},{"damage":60.0,"enemies":"Gremlin Leader","floor":23.0,"turns":8.0},{"damage":35.0,"enemies":"Slavers","floor":25.0,"turns":5.0},{"damage":7.0,"enemies":"Colosseum Slavers","floor":30.0,"turns":5.0},{"damage":8.0,"enemies":"Colosseum Nobs","floor":30.0,"turns":4.0},{"damage":19.0,"enemies":"Gremlin Leader","floor":31.0,"turns":5.0},{"damage":85.0,"enemies":"Champ","floor":33.0,"turns":7.0},{"damage":24.0,"enemies":"3 Shapes","floor":35.0,"turns":4.0},{"damage":0.0,"enemies":"Orb Walker","floor":36.0,"turns":3.0},{"damage":25.0,"enemies":"Mind Bloom Boss Battle","floor":38.0,"turns":8.0},{"damage":60.0,"enemies":"Nemesis","floor":40.0,"turns":9.0},{"damage":3.0,"enemies":"Writhing Mass","floor":42.0,"turns":3.0},{"damage":11.0,"enemies":"Jaw Worm Horde","floor":44.0,"turns":4.0},{"damage":7.0,"enemies":"Reptomancer","floor":46.0,"turns":3.0},{"damage":34.0,"enemies":"Sphere and 2 Shapes","floor":48.0,"turns":4.0},{"damage":0.0,"enemies":"Donu and Deca","floor":50.0,"turns":4.0},{"damage":48.0,"enemies":"Shield and Spear","floor":54.0,"turns":5.0},{"damage":124,"enemies":"The Heart","floor":55,"turns":8}],"seed_played":"-4796314206332686327","potions_obtained":[{"floor":8.0,"key":"Strength Potion"},{"floor":10.0,"key":"SteroidPotion"},{"floor":14.0,"key":"SteroidPotion"},{"floor":16.0,"key":"SpeedPotion"},{"floor":19.0,"key":"BloodPotion"},{"floor":25.0,"key":"EssenceOfSteel"},{"floor":31.0,"key":"Poison Potion"},{"floor":33.0,"key":"EssenceOfSteel"},{"floor":35.0,"key":"GamblersBrew"},{"floor":38.0,"key":"AttackPotion"},{"floor":42.0,"key":"BloodPotion"},{"floor":48.0,"key":"SteroidPotion"}],"is_trial":false,"path_per_floor":["M","?","$","M","?","R","M","E","T","E","R","M","R","M","R","B",null,"M","M","?","?","$","E","R","E","T","?","$","R","?","E","R","B",null,"M","M","$","?","?","E","R","M","T","M","R","E","R","M","R","B",null,"R","$","E","B",null],"character_chosen":"IRONCLAD","items_purchased":["Combust","Offering","Feel No Pain","Brutality","Frozen Eye","Apotheosis+1","Sever Soul"],"campfire_rested":2,"item_purchase_floors":[22,28,28,37,37,53,53],"current_hp_per_floor":[74,74,74,73,73,73,74,61,61,49,49,43,43,48,78,47,101,84,102,102,102,102,114,114,85,85,85,85,85,108,113,113,77,112,114,120,120,101,101,51,51,54,54,49,87,125,125,101,101,129,131,131,131,93,21],"gold":45,"neow_bonus":"THREE_RARE_CARDS","is_prod":false,"is_daily":false,"chose_seed":false,"campfire_upgraded":6,"win_rate":0,"timestamp":1562358739,"path_taken":["M","?","$","M","?","R","M","E","T","E","R","M","R","M","R","BOSS","M","M","?","?","$","E","R","E","T","?","?","R","?","E","R","BOSS","M","M","$","?","?","E","R","M","T","?","R","E","R","M","R","BOSS","R","$","E","BOSS"],"build_version":"2019-07-01","purchased_purges":3,"victory":true,"max_hp_per_floor":[83,83,83,86,86,86,90,94,94,98,98,98,98,102,102,106,116,116,120,120,120,120,120,120,120,120,120,120,120,120,124,124,124,124,124,124,124,124,124,128,128,128,128,128,128,128,128,132,132,132,132,132,132,136,136],"card_choices":[{"not_picked":["Fiend Fire","Offering"],"picked":"Feed","floor":0.0},{"not_picked":["Pommel Strike","Body Slam"],"picked":"Pummel","floor":1.0},{"not_picked":["Cleave","Perfected Strike"],"picked":"Spot Weakness","floor":4.0},{"not_picked":["Headbutt","Wild Strike"],"picked":"Spot Weakness","floor":7.0},{"not_picked":["Offering","Sever Soul"],"picked":"Limit Break","floor":8.0},{"not_picked":["Clash","Twin Strike"],"picked":"Cleave","floor":10.0},{"not_picked":["Sword Boomerang","Flex"],"picked":"Ghostly Armor","floor":12.0},{"not_picked":["Pommel Strike","Iron Wave"],"picked":"Shockwave","floor":14.0},{"not_picked":["Dropkick","Pommel Strike"],"picked":"Blood for Blood","floor":15.0},{"not_picked":["Immolate","Feed"],"picked":"Reaper","floor":16.0},{"not_picked":["Clothesline+1","Pommel Strike"],"picked":"Intimidate","floor":18.0},{"not_picked":["Clash+1","Shrug It Off"],"picked":"Feel No Pain","floor":19.0},{"not_picked":["Headbutt","Clash"],"picked":"Seeing Red+1","floor":23.0},{"not_picked":["Havoc","Clash"],"picked":"Infernal Blade","floor":25.0},{"not_picked":["Wild Strike","Cleave+1"],"picked":"Sentinel","floor":30.0},{"not_picked":["Rupture+1","Reckless Charge"],"picked":"Burning Pact+1","floor":31.0},{"not_picked":["Berserk","Demon Form"],"picked":"Barricade","floor":33.0},{"not_picked":["Clash","Pommel Strike"],"picked":"Warcry+1","floor":34.0},{"not_picked":["Heavy Blade","Sword Boomerang+1"],"picked":"Dual Wield+1","floor":34.0},{"not_picked":["Perfected Strike","Havoc+1"],"picked":"Metallicize","floor":34.0},{"not_picked":["Sword Boomerang","Hemokinesis"],"picked":"Pummel","floor":34.0},{"not_picked":["Searing Blow","Iron Wave"],"picked":"Ghostly Armor+1","floor":34.0},{"not_picked":["Demon Form","Cleave+1"],"picked":"Feel No Pain","floor":35.0},{"not_picked":["Pommel Strike+1","Dropkick"],"picked":"Headbutt","floor":36.0},{"not_picked":["Armaments+1","Perfected Strike+1"],"picked":"Body Slam+1","floor":40.0},{"not_picked":["Heavy Blade","Reckless Charge"],"picked":"Warcry+1","floor":42.0},{"not_picked":["Twin Strike+1","Combust"],"picked":"Flex+1","floor":44.0},{"not_picked":["Second Wind+1","Headbutt+1"],"picked":"Pummel+1","floor":45.0},{"not_picked":["Pommel Strike","Sever Soul+1"],"picked":"Havoc+1","floor":46.0},{"not_picked":["Heavy Blade","Sword Boomerang","Iron Wave+1"],"picked":"SKIP","floor":48.0},{"not_picked":["Feed","Iron Wave+1"],"picked":"Evolve","floor":54.0}],"player_experience":785241,"relics_obtained":[{"floor":8.0,"key":"Ornamental Fan"},{"floor":9.0,"key":"Bottled Lightning"},{"floor":10.0,"key":"Dream Catcher"},{"floor":17.0,"key":"Happy Flower"},{"floor":17.0,"key":"Pear"},{"floor":17.0,"key":"Incense Burner"},{"floor":23.0,"key":"Anchor"},{"floor":25.0,"key":"Dead Branch"},{"floor":26.0,"key":"Smiling Mask"},{"floor":30.0,"key":"Girya"},{"floor":30.0,"key":"Toxic Egg 2"},{"floor":31.0,"key":"Ancient Tea Set"},{"floor":38.0,"key":"FossilizedHelix"},{"floor":40.0,"key":"Bag of Marbles"},{"floor":43.0,"key":"Bag of Preparation"},{"floor":46.0,"key":"Juzu Bracelet"},{"floor":54.0,"key":"Oddly Smooth Stone"}],"event_choices":[{"cards_removed":["Shame"],"damage_healed":0.0,"max_hp_gain":0.0,"max_hp_loss":0.0,"gold_gain":0.0,"event_name":"The Cleric","player_choice":"Card Removal","floor":2.0,"gold_loss":50.0,"damage_taken":0.0},{"damage_healed":0.0,"max_hp_gain":0.0,"max_hp_loss":0.0,"gold_gain":0.0,"event_name":"Golden Idol","player_choice":"Take Wound","floor":5.0,"gold_loss":0.0,"damage_taken":0.0,"relics_obtained":["Golden Idol"],"cards_obtained":["Injury"]},{"damage_healed":0.0,"max_hp_gain":0.0,"max_hp_loss":0.0,"gold_gain":0.0,"event_name":"Ghosts","player_choice":"Ignored","floor":20.0,"gold_loss":0.0,"damage_taken":0.0},{"cards_removed":["Shame"],"damage_healed":0.0,"max_hp_gain":0.0,"max_hp_loss":0.0,"gold_gain":0.0,"event_name":"Back to Basics","player_choice":"Elegance","floor":21.0,"gold_loss":0.0,"damage_taken":0.0},{"damage_healed":0.0,"max_hp_gain":0.0,"max_hp_loss":0.0,"gold_gain":0.0,"event_name":"Addict","player_choice":"Obtained Relic","floor":27.0,"gold_loss":85.0,"damage_taken":0.0,"relics_obtained":["Matryoshka"]},{"damage_healed":0.0,"max_hp_gain":0.0,"max_hp_loss":0.0,"gold_gain":0.0,"event_name":"Colosseum","player_choice":"Fight","floor":30.0,"gold_loss":0.0,"damage_taken":0.0},{"damage_healed":0.0,"max_hp_gain":0.0,"max_hp_loss":0.0,"gold_gain":0.0,"event_name":"Colosseum","player_choice":"Fought Nobs","floor":30.0,"gold_loss":0.0,"damage_taken":0.0},{"damage_healed":0.0,"max_hp_gain":0.0,"max_hp_loss":0.0,"gold_gain":0.0,"event_name":"MindBloom","player_choice":"Fight","floor":38.0,"gold_loss":0.0,"damage_taken":0.0},{"damage_healed":0.0,"max_hp_gain":0.0,"max_hp_loss":0.0,"gold_gain":0.0,"event_name":"Duplicator","player_choice":"Copied","floor":39.0,"gold_loss":0.0,"damage_taken":0.0,"cards_obtained":["Limit Break"]}],"is_beta":false,"boss_relics":[{"not_picked":["Runic Dome","Fusion Hammer"],"picked":"Calling Bell"},{"not_picked":["Tiny House","Velvet Choker"],"picked":"Orrery"}],"items_purged_floors":[22,37,53],"is_endless":false,"potions_floor_spawned":[8,10,14,16,19,25,31,33,35,38,42,48],"ascension_level":6}