{"gold_per_floor":[110,285,360,360,14,46,63,63,63,63,84,108,144,82,82,82],"floor_reached":16,"playtime":1841,"items_purged":[],"score":213,"play_id":"2c32ebe5-0215-4429-8143-2cac23c47ec2","local_time":"20190825083316","is_ascension_mode":true,"campfire_choices":[{"data":"Self Repair","floor":8,"key":"SMITH"},{"floor":15,"key":"REST"}],"neow_cost":"NONE","seed_source_timestamp":1274978104707,"circlet_count":0,"master_deck":["AscendersBane","Strike_B","Strike_B","Strike_B","Strike_B+1","Defend_B","Defend_B","Defend_B+1","Defend_B","Zap","Dualcast","Go for the Eyes","Doubt","Self Repair+1","Consume","Gash","Chill","Scrape","Coolheaded","Chaos","Double Energy"],"relics":["Cracked Core","NeowsBlessing","Chemical X","The Courier","Ice Cream","Golden Idol","Pocketwatch"],"potions_floor_usage":[13,13,16],"damage_taken":[{"damage":0,"enemies":"Small Slimes","floor":1,"turns":1},{"damage":0,"enemies":"3 Sentries","floor":6,"turns":1},{"damage":0,"enemies":"2 Louse","floor":7,"turns":1},{"damage":9,"enemies":"Jaw Worm","floor":11,"turns":3},{"damage":9,"enemies":"Looter","floor":12,"turns":3},{"damage":21,"enemies":"Gremlin Nob","floor":13,"turns":5},{"damage":47,"enemies":"Slime Boss","floor":16,"turns":10}],"seed_played":"-4119999876926537629","potions_obtained":[{"floor":6,"key":"EssenceOfSteel"},{"floor":12,"key":"GamblersBrew"},{"floor":13,"key":"EssenceOfSteel"}],"is_trial":false,"path_per_floor":["M","?","?","?","$","E","M","R","T","?","M","M","E","$","R","B"],"character_chosen":"DEFECT","items_purchased":["Self Repair","Consume","Chemical X","Double Energy"],"campfire_rested":1,"item_purchase_floors":[5,5,5,14],"current_hp_per_floor":[68,68,57,42,42,42,49,49,49,31,32,33,22,22,44,0],"gold":82,"neow_bonus":"THREE_ENEMY_KILL","is_prod":false,"is_daily":false,"chose_seed":false,"campfire_upgraded":1,"win_rate":0,"timestamp":1566736396,"path_taken":["M","?","?","?","?","E","?","R","T","?","M","M","E","$","R","BOSS"],"build_version":"2019-07-17","purchased_purges":0,"victory":false,"max_hp_per_floor":[75,75,75,75,75,75,75,75,75,75,75,75,75,75,75,75],"card_choices":[{"not_picked":["Turbo","Leap"],"picked":"Go for the Eyes","floor":1},{"not_picked":["Beam Cell","White Noise"],"picked":"Gash","floor":6},{"not_picked":["Conserve Battery","Streamline"],"picked":"Chill","floor":7},{"not_picked":["Turbo","Go for the Eyes"],"picked":"Scrape","floor":11},{"not_picked":["Chaos","Ball Lightning"],"picked":"Coolheaded","floor":12},{"not_picked":["Reinforced Body","Storm"],"picked":"Chaos","floor":13}],"player_experience":1188809,"relics_obtained":[{"floor":6,"key":"The Courier"},{"floor":9,"key":"Ice Cream"},{"floor":13,"key":"Pocketwatch"}],"event_choices":[{"damage_healed":0,"gold_gain":175,"player_choice":"AGREE","damage_taken":0,"max_hp_gain":0,"max_hp_loss":0,"event_name":"Liars Game","floor":2,"gold_loss":0,"cards_obtained":["Doubt"]},{"damage_healed":0,"gold_gain":75,"player_choice":"Gather Gold","damage_taken":11,"max_hp_gain":0,"max_hp_loss":0,"event_name":"World of Goop","floor":3,"gold_loss":0},{"damage_healed":0,"gold_gain":0,"player_choice":"Entered Light","damage_taken":15,"max_hp_gain":0,"max_hp_loss":0,"event_name":"Shining Light","floor":4,"gold_loss":0,"cards_upgraded":["Defend_B","Strike_B"]},{"damage_healed":0,"gold_gain":0,"player_choice":"Take Damage","damage_taken":18,"relics_obtained":["Golden Idol"],"max_hp_gain":0,"max_hp_loss":0,"event_name":"Golden Idol","floor":10,"gold_loss":0}],"is_beta":false,"boss_relics":[],"items_purged_floors":[],"is_endless":false,"potions_floor_spawned":[6,12,13],"killed_by":"Slime Boss","ascension_level":12}