{"gold_per_floor":[112,112,82,97,115,146,146,146,146,71,71,89,89,109,109,237,237,253,266,282,307,320,356,356,356,402,402,417,417,33,33,33,153,153,173,506,525,540,551,551,582,582,582,592,592],"floor_reached":45,"playtime":6849,"items_purged":["Injury"],"score":517,"play_id":"8dd302f3-e7ac-4dfe-99ae-1d868be37e92","local_time":"20190712205810","is_ascension_mode":false,"campfire_choices":[{"data":"Neutralize","floor":7.0,"key":"SMITH"},{"floor":11.0,"key":"DIG"},{"floor":13.0,"key":"REST"},{"floor":15.0,"key":"DIG"},{"floor":25.0,"key":"REST"},{"floor":27.0,"key":"DIG"},{"floor":29.0,"key":"DIG"},{"floor":32.0,"key":"REST"},{"floor":40,"key":"REST"},{"floor":42,"key":"DIG"}],"neow_cost":"NONE","seed_source_timestamp":0,"circlet_count":0,"master_deck":["Strike_G","Strike_G","Strike_G","Strike_G","Strike_G","Defend_G","Defend_G","Defend_G","Defend_G","Defend_G","Survivor","Neutralize+1","Dagger Spray","Cloak And Dagger","A Thousand Cuts+1","Noxious Fumes","Well Laid Plans","Calculated Gamble","Adrenaline","PiercingWail+1","Blade Dance+1","PiercingWail+1","Caltrops","Acrobatics","J.A.X.","Tactician","Night Terror","Infinite Blades","Burst","Blade Dance+1","Noxious Fumes+1","Accuracy","Backflip","Acrobatics+1","Regret","Cloak And Dagger"],"special_seed":0,"relics":["Ring of the Snake","NeowsBlessing","Turnip","Shovel","Pear","Pantograph","Fusion Hammer","Singing Bowl","Omamori","MawBank","Shuriken","Necronomicon","Cursed Key","Vajra","Dodecahedron","Lantern"],"potions_floor_usage":[38],"damage_taken":[{"damage":0.0,"enemies":"Small Slimes","floor":1.0,"turns":1.0},{"damage":0.0,"enemies":"2 Louse","floor":4.0,"turns":1.0},{"damage":0.0,"enemies":"Cultist","floor":5.0,"turns":1.0},{"damage":39.0,"enemies":"Lagavulin","floor":6.0,"turns":9.0},{"damage":18.0,"enemies":"3 Louse","floor":12.0,"turns":2.0},{"damage":5.0,"enemies":"Gremlin Gang","floor":14.0,"turns":3.0},{"damage":36.0,"enemies":"Slime Boss","floor":16.0,"turns":10.0},{"damage":1.0,"enemies":"Chosen","floor":18.0,"turns":4.0},{"damage":20.0,"enemies":"Spheric Guardian","floor":19.0,"turns":5.0},{"damage":20.0,"enemies":"Snake Plant","floor":20.0,"turns":5.0},{"damage":5.0,"enemies":"Cultist and Chosen","floor":21.0,"turns":6.0},{"damage":14.0,"enemies":"Centurion and Healer","floor":22.0,"turns":6.0},{"damage":16.0,"enemies":"Book of Stabbing","floor":23.0,"turns":6.0},{"damage":3.0,"enemies":"Snake Plant","floor":28.0,"turns":4.0},{"damage":36.0,"enemies":"Collector","floor":33.0,"turns":8.0},{"damage":10.0,"enemies":"Orb Walker","floor":35.0,"turns":4.0},{"damage":7,"enemies":"3 Darklings","floor":37,"turns":5},{"damage":41,"enemies":"Writhing Mass","floor":38,"turns":7},{"damage":18,"enemies":"Transient","floor":39,"turns":5},{"damage":6,"enemies":"Giant Head","floor":41,"turns":5},{"damage":13,"enemies":"Sphere and 2 Shapes","floor":44,"turns":5},{"damage":20,"enemies":"3 Darklings","floor":45,"turns":2}],"seed_played":"7087177726583731484","potions_obtained":[{"floor":1.0,"key":"Fire Potion"},{"floor":3.0,"key":"LiquidBronze"},{"floor":3.0,"key":"Ancient Potion"},{"floor":12.0,"key":"Poison Potion"},{"floor":14.0,"key":"Weak Potion"},{"floor":19.0,"key":"Poison Potion"},{"floor":20.0,"key":"Explosive Potion"},{"floor":22.0,"key":"SkillPotion"},{"floor":33.0,"key":"AttackPotion"},{"floor":44,"key":"Strength Potion"}],"is_trial":false,"path_per_floor":["M","?","?","M","M","E","R","?","T","$","R","M","R","M","R","B",null,"M","M","M","M","M","E","?","R","T","R","M","R","$","?","R","B",null,"M","?","M","M","M","R","E","R","T","M","M"],"character_chosen":"THE_SILENT","items_purchased":["Shuriken","Night Terror","Infinite Blades"],"campfire_rested":4,"item_purchase_floors":[30,30,30],"current_hp_per_floor":[70,70,70,70,70,31,31,31,31,31,41,23,47,42,42,31,80,79,59,39,34,20,6,6,30,30,30,27,27,27,11,35,24,82,72,72,65,24,6,30,24,24,24,11,0],"gold":592,"neow_bonus":"THREE_ENEMY_KILL","is_prod":false,"is_daily":false,"chose_seed":false,"campfire_upgraded":1,"win_rate":0,"timestamp":1562979490,"path_taken":["M","?","?","?","M","E","R","?","T","$","R","M","R","M","R","BOSS","M","M","?","M","M","E","?","R","T","R","M","R","$","?","R","BOSS","M","?","M","M","M","R","E","R","T","M","M"],"build_version":"2019-07-05","purchased_purges":1,"victory":false,"max_hp_per_floor":[70,70,70,70,70,70,70,70,70,70,80,80,80,80,80,80,80,80,80,80,80,80,82,82,82,82,82,82,82,82,82,82,82,82,82,82,82,82,82,82,82,82,82,82,82],"card_choices":[{"not_picked":["Outmaneuver","Skewer"],"picked":"Dagger Spray","floor":1.0},{"not_picked":["Finisher","Skewer"],"picked":"Cloak And Dagger","floor":4.0},{"not_picked":["Reflex","Poisoned Stab"],"picked":"A Thousand Cuts","floor":5.0},{"not_picked":["Endless Agony","Leg Sweep"],"picked":"Noxious Fumes","floor":6.0},{"not_picked":["All Out Attack","Outmaneuver"],"picked":"Well Laid Plans","floor":12.0},{"not_picked":["Skewer","Slice"],"picked":"Calculated Gamble","floor":14.0},{"not_picked":["Night Terror","Burst"],"picked":"Adrenaline","floor":16.0},{"not_picked":["Slice","All Out Attack"],"picked":"PiercingWail+1","floor":18.0},{"not_picked":["Flying Knee","Poisoned Stab"],"picked":"Blade Dance+1","floor":19.0},{"not_picked":["Skewer","Deflect"],"picked":"PiercingWail+1","floor":20.0},{"not_picked":["Predator","Crippling Poison"],"picked":"Caltrops","floor":21.0},{"not_picked":["Dodge and Roll","Caltrops"],"picked":"Acrobatics","floor":22.0},{"not_picked":["Endless Agony","Dash","Unload"],"picked":"Singing Bowl","floor":23.0},{"not_picked":["Dagger Throw","Sucker Punch"],"picked":"Tactician","floor":28.0},{"not_picked":["A Thousand Cuts","Wraith Form v2"],"picked":"Burst","floor":33.0},{"not_picked":["Bane+1","PiercingWail+1"],"picked":"Blade Dance+1","floor":35},{"not_picked":["Prepared+1","Dodge and Roll"],"picked":"Noxious Fumes+1","floor":37},{"not_picked":["Dodge and Roll","Predator+1"],"picked":"Accuracy","floor":38},{"not_picked":["Dash","Well Laid Plans+1"],"picked":"Backflip","floor":39},{"not_picked":["Bouncing Flask","Riddle With Holes+1"],"picked":"Acrobatics+1","floor":41},{"not_picked":["Flying Knee+1","Slice+1"],"picked":"Cloak And Dagger","floor":44}],"player_experience":894034,"relics_obtained":[{"floor":6.0,"key":"Turnip"},{"floor":9.0,"key":"Shovel"},{"floor":11.0,"key":"Pear"},{"floor":15.0,"key":"Pantograph"},{"floor":23.0,"key":"Singing Bowl"},{"floor":27.0,"key":"Omamori"},{"floor":29.0,"key":"MawBank"},{"floor":31.0,"key":"Necronomicon"},{"floor":41,"key":"Vajra"},{"floor":42,"key":"Dodecahedron"},{"floor":43,"key":"Lantern"}],"event_choices":[{"damage_healed":0.0,"max_hp_gain":0.0,"max_hp_loss":0.0,"gold_gain":0.0,"event_name":"Golden Idol","player_choice":"Take Wound","floor":2.0,"gold_loss":0.0,"damage_taken":0.0,"relics_obtained":["Golden Idol"],"cards_obtained":["Injury"]},{"damage_healed":0.0,"max_hp_gain":0.0,"max_hp_loss":0.0,"gold_gain":0.0,"event_name":"The Woman in Blue","player_choice":"Bought 2 Potions","floor":3.0,"gold_loss":0.0,"damage_taken":0.0},{"damage_healed":0.0,"max_hp_gain":0.0,"max_hp_loss":0.0,"gold_gain":0.0,"event_name":"Upgrade Shrine","player_choice":"Upgraded","floor":8.0,"gold_loss":0.0,"damage_taken":0.0,"cards_upgraded":["A Thousand Cuts"]},{"damage_healed":0.0,"max_hp_gain":0.0,"max_hp_loss":0.0,"gold_gain":0.0,"event_name":"Drug Dealer","player_choice":"Obtain J.A.X.","floor":24.0,"gold_loss":0.0,"damage_taken":0.0,"cards_obtained":["J.A.X."]},{"damage_healed":0.0,"max_hp_gain":0.0,"max_hp_loss":0.0,"gold_gain":0.0,"event_name":"Cursed Tome","player_choice":"Obtained Book","floor":31.0,"gold_loss":0.0,"damage_taken":16.0},{"damage_healed":0,"gold_gain":333,"player_choice":"Gave Idol","damage_taken":0,"max_hp_gain":0,"max_hp_loss":0,"event_name":"The Moai Head","floor":36,"relics_lost":["Golden Idol"],"gold_loss":0}],"is_beta":false,"boss_relics":[{"not_picked":["Ectoplasm","Runic Dome"],"picked":"Fusion Hammer"},{"not_picked":["Busted Crown","Tiny House"],"picked":"Cursed Key"}],"items_purged_floors":[10],"is_endless":false,"potions_floor_spawned":[1,12,14,19,20,22,33,44],"killed_by":"3 Darklings","ascension_level":0}