{"gold_per_floor":[121,143,173,185,197,209,244,299,311,248,260,308,354,366],"floor_reached":14,"playtime":818,"items_purged":[],"score":176,"play_id":"97852f57-1548-4c50-ae28-bcbea01c844e","local_time":"20191020142726","is_ascension_mode":true,"campfire_choices":[{"data":"Defragment","floor":6,"key":"SMITH"},{"data":"Zap","floor":11,"key":"SMITH"}],"neow_cost":"NONE","seed_source_timestamp":358756959903656,"circlet_count":0,"master_deck":["AscendersBane","Strike_B","Strike_B","Strike_B","Defend_B","Defend_B","Defend_B","Defend_B","Zap+1","Dualcast","Defragment+1","Auto Shields","Coolheaded","Heatsinks+1","Ball Lightning","Seek","Redo"],"relics":["Cracked Core","MawBank","Frozen Egg 2","Golden Idol","Boot","Pear","The Courier","Odd Mushroom"],"potions_floor_usage":[12],"damage_taken":[{"damage":1,"enemies":"Cultist","floor":1,"turns":3},{"damage":8,"enemies":"Jaw Worm","floor":2,"turns":4},{"damage":7,"enemies":"2 Louse","floor":3,"turns":3},{"damage":1,"enemies":"Looter","floor":7,"turns":3},{"damage":15,"enemies":"Gremlin Nob","floor":8,"turns":4},{"damage":7,"enemies":"3 Sentries","floor":12,"turns":7},{"damage":23,"enemies":"The Mushroom Lair","floor":13,"turns":4},{"damage":9,"enemies":"3 Louse","floor":14,"turns":1}],"seed_played":"661205313553610357","potions_obtained":[{"floor":1,"key":"DistilledChaos"},{"floor":3,"key":"LiquidMemories"}],"is_trial":false,"path_per_floor":["M","M","M","?","?","R","M","E","T","?","R","E","?","M"],"character_chosen":"DEFECT","items_purchased":[],"campfire_rested":0,"item_purchase_floors":[],"current_hp_per_floor":[63,55,48,43,43,43,42,27,37,37,37,30,7,0],"gold":366,"neow_bonus":"RANDOM_COMMON_RELIC","is_prod":false,"is_daily":false,"chose_seed":false,"campfire_upgraded":2,"win_rate":0,"timestamp":1571596046,"path_taken":["M","M","M","?","?","R","M","E","T","?","R","E","?","M"],"build_version":"2019-10-18","purchased_purges":0,"victory":false,"max_hp_per_floor":[71,71,71,71,64,64,64,64,74,74,74,74,74,74],"card_choices":[{"not_picked":["Hello World","Gash"],"picked":"Defragment","floor":1},{"not_picked":["Compile Driver","Stack"],"picked":"Auto Shields","floor":2},{"not_picked":["Leap","Doom and Gloom"],"picked":"Coolheaded","floor":3},{"not_picked":["Storm+1","Fission"],"picked":"Heatsinks+1","floor":7},{"not_picked":["Auto Shields","Blizzard"],"picked":"Ball Lightning","floor":8},{"not_picked":["Compile Driver","FTL"],"picked":"Seek","floor":12},{"not_picked":["Force Field","Consume"],"picked":"Redo","floor":13}],"player_experience":1848463,"relics_obtained":[{"floor":8,"key":"Boot"},{"floor":9,"key":"Pear"},{"floor":12,"key":"The Courier"},{"floor":13,"key":"Odd Mushroom"}],"event_choices":[{"damage_healed":0,"gold_gain":0,"player_choice":"Success","damage_taken":5,"relics_obtained":["Frozen Egg 2"],"max_hp_gain":0,"max_hp_loss":0,"event_name":"Scrap Ooze","floor":4,"gold_loss":0},{"damage_healed":0,"gold_gain":0,"player_choice":"Lose Max HP","damage_taken":0,"relics_obtained":["Golden Idol"],"max_hp_gain":0,"max_hp_loss":7,"event_name":"Golden Idol","floor":5,"gold_loss":0},{"cards_removed":["Strike_B"],"damage_healed":0,"gold_gain":0,"player_choice":"Card Removal","damage_taken":0,"max_hp_gain":0,"max_hp_loss":0,"event_name":"The Cleric","floor":10,"gold_loss":75},{"damage_healed":0,"gold_gain":0,"player_choice":"Fought Mushrooms","damage_taken":0,"max_hp_gain":0,"max_hp_loss":0,"event_name":"Mushrooms","floor":13,"gold_loss":0}],"is_beta":true,"boss_relics":[],"items_purged_floors":[],"is_endless":false,"potions_floor_spawned":[1,3,8],"killed_by":"3 Louse","ascension_level":16}