{"gold_per_floor":[112,112,112,62,73,73,101,115,115,115,14,14,25,25,25,120,120,136,136,146,146,161,161],"floor_reached":23,"playtime":1740,"items_purged":[],"score":332,"play_id":"861486e1-e9a5-4ae9-b01a-c8642edc3505","local_time":"20190815003707","is_ascension_mode":true,"campfire_choices":[{"data":"Genetic Algorithm","floor":6,"key":"SMITH"},{"data":"Zap","floor":10,"key":"SMITH"},{"data":"Beam Cell","floor":12,"key":"SMITH"},{"data":"Dualcast","floor":15,"key":"SMITH"}],"neow_cost":"NONE","seed_source_timestamp":109042794712829,"circlet_count":0,"master_deck":["AscendersBane","Strike_B+1","Strike_B+1","Strike_B+1","Strike_B+1","Defend_B+1","Defend_B+1","Defend_B+1","Zap+1","Dualcast+1","Genetic Algorithm+1","Beam Cell+1","Machine Learning","Steam","BootSequence","Sweeping Beam","Scrape+1","All For One","Auto Shields","Scrape+1","Gash"],"relics":["Cracked Core","NeowsBlessing","Omamori","Pear","Pen Nib","Cables","Philosopher\u0027s Stone"],"potions_floor_usage":[16,23],"damage_taken":[{"damage":0,"enemies":"Small Slimes","floor":1,"turns":1},{"damage":0,"enemies":"2 Louse","floor":5,"turns":1},{"damage":0,"enemies":"Gremlin Nob","floor":7,"turns":1},{"damage":7,"enemies":"Jaw Worm","floor":8,"turns":3},{"damage":0,"enemies":"Exordium Thugs","floor":13,"turns":4},{"damage":15,"enemies":"The Guardian","floor":16,"turns":8},{"damage":6,"enemies":"Spheric Guardian","floor":18,"turns":3},{"damage":10,"enemies":"Shell Parasite","floor":20,"turns":4},{"damage":0,"enemies":"3 Cultists","floor":22,"turns":3},{"damage":60,"enemies":"Slavers","floor":23,"turns":6}],"seed_played":"-6955054087339168503","potions_obtained":[{"floor":1,"key":"FocusPotion"},{"floor":13,"key":"GamblersBrew"},{"floor":16,"key":"Swift Potion"},{"floor":22,"key":"FearPotion"}],"is_trial":false,"path_per_floor":["M","?","?","?","M","R","E","M","T","R","$","R","M","$","R","B",null,"M","?","M","?","M","E"],"character_chosen":"DEFECT","items_purchased":["BootSequence","Sweeping Beam"],"campfire_rested":0,"item_purchase_floors":[11,11],"current_hp_per_floor":[68,61,71,71,71,71,71,64,64,64,64,64,64,64,64,49,76,70,70,60,60,60,0],"gold":161,"neow_bonus":"THREE_ENEMY_KILL","is_prod":false,"is_daily":false,"chose_seed":false,"campfire_upgraded":4,"win_rate":0,"timestamp":1565843827,"path_taken":["M","?","?","?","M","R","E","M","T","R","$","R","M","$","R","BOSS","M","?","M","?","M","E"],"build_version":"2019-07-17","purchased_purges":0,"victory":false,"max_hp_per_floor":[75,75,85,85,85,85,85,85,85,85,85,85,85,85,85,85,85,85,85,85,85,85,85],"card_choices":[{"not_picked":["Gash","Hologram"],"picked":"Genetic Algorithm","floor":1},{"not_picked":["Rebound","Ball Lightning"],"picked":"Beam Cell","floor":5},{"not_picked":["Barrage","Streamline"],"picked":"Machine Learning","floor":7},{"not_picked":["FTL","Force Field"],"picked":"Steam","floor":8},{"not_picked":["Streamline","Barrage"],"picked":"Scrape","floor":13},{"not_picked":["Machine Learning","Electrodynamics"],"picked":"All For One","floor":16},{"not_picked":["Genetic Algorithm","Coolheaded"],"picked":"Auto Shields","floor":18},{"not_picked":["Compile Driver","Conserve Battery"],"picked":"Scrape+1","floor":20},{"not_picked":["Ball Lightning","Coolheaded"],"picked":"Gash","floor":22}],"player_experience":1143346,"relics_obtained":[{"floor":7,"key":"Pen Nib"},{"floor":9,"key":"Cables"}],"event_choices":[{"damage_healed":0,"gold_gain":0,"player_choice":"Success","damage_taken":7,"relics_obtained":["Omamori"],"max_hp_gain":0,"max_hp_loss":0,"event_name":"Scrap Ooze","floor":2,"gold_loss":0},{"damage_healed":0,"gold_gain":0,"player_choice":"Box","damage_taken":0,"relics_obtained":["Pear"],"max_hp_gain":0,"max_hp_loss":0,"event_name":"Big Fish","floor":3,"gold_loss":0,"cards_obtained":["Regret"]},{"cards_removed":["Defend_B"],"damage_healed":0,"gold_gain":0,"player_choice":"Card Removal","damage_taken":0,"max_hp_gain":0,"max_hp_loss":0,"event_name":"The Cleric","floor":4,"gold_loss":50},{"damage_healed":0,"gold_gain":0,"player_choice":"Simplicity","damage_taken":0,"max_hp_gain":0,"max_hp_loss":0,"event_name":"Back to Basics","floor":19,"gold_loss":0,"cards_upgraded":["Strike_B","Strike_B","Strike_B","Strike_B","Defend_B","Defend_B","Defend_B"]},{"damage_healed":0,"gold_gain":0,"player_choice":"Upgraded","damage_taken":0,"max_hp_gain":0,"max_hp_loss":0,"event_name":"Upgrade Shrine","floor":21,"gold_loss":0,"cards_upgraded":["Scrape"]}],"is_beta":false,"boss_relics":[{"not_picked":["Pandora\u0027s Box","Snecko Eye"],"picked":"Philosopher\u0027s Stone"}],"items_purged_floors":[],"is_endless":false,"potions_floor_spawned":[1,13,16,22],"killed_by":"Slavers","ascension_level":11}