{"gold_per_floor":[110,110,70,46,64,64,64,104,129,129,169,16,16,16,16,140,140,156,176,191,0,13,54,79,79,102,143,143,168,188,40,40,169,169,182,182,39,57,73,73,73,23,46,46,46,61,61,161,161,161],"floor_reached":51,"playtime":12266,"items_purged":["Defend_R"],"score":739,"play_id":"9e4ba2f2-e83f-4a1d-9347-016a2a5c17b1","local_time":"20190529010017","is_ascension_mode":false,"campfire_choices":[{"data":"Warcry","floor":6.0,"key":"SMITH"},{"floor":13.0,"key":"REST"},{"data":"Offering","floor":15.0,"key":"SMITH"},{"floor":25.0,"key":"REST"},{"floor":28.0,"key":"REST"},{"floor":32.0,"key":"REST"},{"floor":41.0,"key":"REST"},{"floor":49.0,"key":"REST"}],"neow_cost":"NONE","seed_source_timestamp":0,"circlet_count":0,"master_deck":["Strike_R","Strike_R","Strike_R","Strike_R","Defend_R","Defend_R","Bash","Thunderclap","Warcry+1","Pummel","Combust","Infernal Blade","Offering+1","Demon Form","Shrug It Off+1","Infernal Blade","Rage+1","Apotheosis","Flex+1","Dual Wield+1","Spot Weakness+1","Headbutt","Warcry","Limit Break","Flex","Limit Break","Sentinel","Rupture","Sentinel+1","Shrug It Off+1","Defend_G","Thunderclap+1","Metallicize"],"special_seed":0,"relics":["Burning Blood","Bronze Scales","Vajra","Golden Idol","Darkstone Periapt","Red Skull","PreservedInsect","Runic Cube","Juzu Bracelet","Smiling Mask","Dream Catcher","War Paint","Eternal Feather","Oddly Smooth Stone","CultistMask"],"potions_floor_usage":[50,50,50],"damage_taken":[{"damage":2.0,"enemies":"2 Louse","floor":1.0,"turns":3.0},{"damage":1.0,"enemies":"Cultist","floor":5.0,"turns":3.0},{"damage":30.0,"enemies":"Lagavulin","floor":8.0,"turns":6.0},{"damage":1.0,"enemies":"Gremlin Nob","floor":11.0,"turns":2.0},{"damage":42.0,"enemies":"The Guardian","floor":16.0,"turns":7.0},{"damage":37.0,"enemies":"2 Thieves","floor":18.0,"turns":3.0},{"damage":7.0,"enemies":"3 Byrds","floor":19.0,"turns":3.0},{"damage":28.0,"enemies":"Centurion and Healer","floor":20.0,"turns":5.0},{"damage":12.0,"enemies":"Snake Plant","floor":22.0,"turns":2.0},{"damage":6.0,"enemies":"Gremlin Leader","floor":23.0,"turns":3.0},{"damage":8.0,"enemies":"Sentry and Sphere","floor":24.0,"turns":2.0},{"damage":40.0,"enemies":"Slavers","floor":27.0,"turns":3.0},{"damage":8.0,"enemies":"Shelled Parasite and Fungi","floor":30.0,"turns":3.0},{"damage":33.0,"enemies":"Champ","floor":33.0,"turns":8.0},{"damage":36.0,"enemies":"Orb Walker","floor":35.0,"turns":5.0},{"damage":32.0,"enemies":"3 Darklings","floor":38.0,"turns":3.0},{"damage":31.0,"enemies":"Maw","floor":39.0,"turns":3.0},{"damage":40.0,"enemies":"Sphere and 2 Shapes","floor":46.0,"turns":5.0},{"damage":40,"enemies":"Donu and Deca","floor":50,"turns":4}],"seed_played":"-4020590603481486247","potions_obtained":[{"floor":3.0,"key":"SneckoOil"},{"floor":3.0,"key":"EssenceOfSteel"},{"floor":3.0,"key":"EntropicBrew"},{"floor":5.0,"key":"Explosive Potion"},{"floor":8.0,"key":"Poison Potion"},{"floor":11.0,"key":"Strength Potion"},{"floor":16.0,"key":"EntropicBrew"},{"floor":20.0,"key":"EssenceOfSteel"},{"floor":24.0,"key":"SkillPotion"},{"floor":30.0,"key":"SpeedPotion"},{"floor":35.0,"key":"SteroidPotion"},{"floor":38.0,"key":"SkillPotion"},{"floor":39.0,"key":"Dexterity Potion"},{"floor":47.0,"key":"GamblersBrew"},{"floor":47.0,"key":"SteroidPotion"},{"floor":47.0,"key":"PowerPotion"}],"is_trial":false,"path_per_floor":["M","?","?","$","M","R","?","E","T","?","E","$","R","?","R","B",null,"M","M","M","$","M","E","M","R","T","E","R","T","M","$","R","B",null,"M","?","$","M","M","?","R","$","T","?","?","M","?","?","R","B",null],"character_chosen":"IRONCLAD","items_purchased":["Warcry","Offering","Apotheosis","Flex","Limit Break","Rupture","Feed"],"campfire_rested":6,"item_purchase_floors":[4,12,21,21,31,37,37],"current_hp_per_floor":[80,55,55,55,60,60,60,36,36,29,34,34,58,58,58,22,80,49,48,26,26,20,20,18,42,42,8,32,32,30,30,54,27,80,50,50,50,24,14,14,56,56,56,56,56,22,22,22,64,30],"gold":161,"neow_bonus":"RANDOM_COMMON_RELIC","is_prod":false,"is_daily":false,"chose_seed":false,"campfire_upgraded":2,"win_rate":0,"timestamp":1559116817,"path_taken":["M","?","?","$","?","R","?","E","T","?","E","?","R","?","R","BOSS","M","?","M","$","M","E","M","R","T","E","R","?","M","?","R","BOSS","M","?","$","M","M","?","R","$","T","?","?","M","?","?","R","BOSS"],"build_version":"2019-01-23","purchased_purges":1,"victory":true,"max_hp_per_floor":[80,80,80,80,80,80,80,80,80,80,80,80,80,80,80,80,80,80,80,80,80,80,80,80,80,80,80,80,80,80,80,80,80,80,80,80,80,80,80,80,80,80,80,80,80,80,80,80,80,80],"card_choices":[{"not_picked":["Wild Strike","Flex"],"picked":"Thunderclap","floor":1.0},{"not_picked":["Metallicize","Dropkick"],"picked":"Pummel","floor":5.0},{"not_picked":["Twin Strike","Inflame"],"picked":"Combust","floor":8.0},{"not_picked":["Sword Boomerang","True Grit"],"picked":"Infernal Blade","floor":11.0},{"not_picked":["Barricade","Brutality"],"picked":"Demon Form","floor":16.0},{"not_picked":["Shockwave","Body Slam"],"picked":"Shrug It Off+1","floor":18.0},{"not_picked":["Heavy Blade+1","Havoc"],"picked":"Infernal Blade","floor":19.0},{"not_picked":["Headbutt","Sever Soul"],"picked":"Rage+1","floor":20.0},{"not_picked":["Body Slam","Sword Boomerang"],"picked":"Dual Wield+1","floor":22.0},{"not_picked":["Reckless Charge","Sword Boomerang","Armaments"],"picked":"SKIP","floor":23.0},{"not_picked":["Clothesline","Iron Wave"],"picked":"Spot Weakness","floor":24.0},{"not_picked":["Wild Strike+1","True Grit"],"picked":"Demon Form","floor":27.0},{"not_picked":["Twin Strike","Clothesline"],"picked":"Headbutt","floor":28.0},{"not_picked":["Clash","Perfected Strike"],"picked":"Warcry","floor":30.0},{"not_picked":["Headbutt","True Grit"],"picked":"Flex","floor":32.0},{"not_picked":["Fiend Fire","Demon Form"],"picked":"Limit Break","floor":33.0},{"not_picked":["Armaments+1","Second Wind"],"picked":"Sentinel","floor":35.0},{"not_picked":["Searing Blow","Twin Strike"],"picked":"Sentinel+1","floor":38.0},{"not_picked":["Iron Wave+1","Uppercut"],"picked":"Shrug It Off+1","floor":39.0},{"not_picked":["Blood for Blood","Uppercut"],"picked":"Thunderclap+1","floor":46.0},{"not_picked":["Iron Wave+1","Thunderclap"],"picked":"Metallicize","floor":49.0}],"player_experience":234135,"relics_obtained":[{"floor":8.0,"key":"Darkstone Periapt"},{"floor":9.0,"key":"Red Skull"},{"floor":11.0,"key":"PreservedInsect"},{"floor":23.0,"key":"Juzu Bracelet"},{"floor":26.0,"key":"Smiling Mask"},{"floor":27.0,"key":"Dream Catcher"},{"floor":29.0,"key":"War Paint"},{"floor":43.0,"key":"Oddly Smooth Stone"}],"event_choices":[{"damage_healed":0.0,"max_hp_gain":0.0,"max_hp_loss":0.0,"gold_gain":0.0,"event_name":"Scrap Ooze","player_choice":"Success","floor":2.0,"gold_loss":0.0,"damage_taken":25.0,"relics_obtained":["Vajra"]},{"damage_healed":0.0,"max_hp_gain":0.0,"max_hp_loss":0.0,"gold_gain":0.0,"event_name":"The Woman in Blue","player_choice":"Bought 3 Potions","floor":3.0,"gold_loss":0.0,"damage_taken":0.0},{"damage_healed":0.0,"max_hp_gain":0.0,"max_hp_loss":0.0,"gold_gain":0.0,"event_name":"Golden Idol","player_choice":"Take Wound","floor":7.0,"gold_loss":0.0,"damage_taken":0.0,"relics_obtained":["Golden Idol"],"cards_obtained":["Injury"]},{"cards_removed":["Injury"],"damage_healed":0.0,"max_hp_gain":0.0,"max_hp_loss":0.0,"gold_gain":0.0,"event_name":"Golden Wing","player_choice":"Card Removal","floor":10.0,"gold_loss":0.0,"damage_taken":7.0},{"cards_removed":["Strike_R"],"damage_healed":0.0,"max_hp_gain":0.0,"max_hp_loss":0.0,"gold_gain":0.0,"event_name":"Purifier","player_choice":"Purged","floor":14.0,"gold_loss":0.0,"damage_taken":0.0},{"cards_removed":["Defend_R"],"damage_healed":0.0,"max_hp_gain":0.0,"max_hp_loss":0.0,"gold_gain":0.0,"event_name":"Bonfire Elementals","player_choice":"Offered Basic","floor":36.0,"gold_loss":0.0,"damage_taken":0.0},{"cards_removed":["Demon Form"],"damage_healed":0.0,"max_hp_gain":0.0,"max_hp_loss":0.0,"gold_gain":0.0,"event_name":"Falling","player_choice":"Removed Power","floor":40.0,"gold_loss":0.0,"damage_taken":0.0},{"damage_healed":0.0,"max_hp_gain":0.0,"max_hp_loss":0.0,"gold_gain":0.0,"event_name":"FaceTrader","player_choice":"Trade","floor":44.0,"gold_loss":0.0,"damage_taken":0.0,"relics_obtained":["CultistMask"]},{"cards_removed":["Feed"],"damage_healed":0.0,"max_hp_gain":0.0,"max_hp_loss":0.0,"gold_gain":0.0,"event_name":"NoteForYourself","player_choice":"Took Card","floor":45.0,"gold_loss":0.0,"damage_taken":0.0,"cards_obtained":["Defend_G"]},{"damage_healed":0.0,"max_hp_gain":0.0,"max_hp_loss":0.0,"gold_gain":0.0,"event_name":"Lab","player_choice":"Got Potions","floor":47.0,"gold_loss":0.0,"damage_taken":0.0},{"damage_healed":0.0,"max_hp_gain":0.0,"max_hp_loss":0.0,"gold_gain":100.0,"event_name":"Golden Shrine","player_choice":"Pray","floor":48.0,"gold_loss":0.0,"damage_taken":0.0}],"is_beta":false,"boss_relics":[{"not_picked":["Ectoplasm","Cursed Key"],"picked":"Runic Cube"},{"not_picked":["Lizard Tail","White Beast Statue"],"picked":"Eternal Feather"}],"items_purged_floors":[42],"is_endless":false,"potions_floor_spawned":[5,8,11,16,20,24,30,35,38,39],"ascension_level":0}