{"gold_per_floor":[119,133,133,35,35,35,76,76,76,95,120,120,133,148,148,148],"floor_reached":16,"playtime":1025,"items_purged":["Defend_G"],"score":102,"play_id":"050d64ba-6672-457c-be5b-038539ad4177","local_time":"20191021095017","is_ascension_mode":false,"campfire_choices":[{"data":"Infinite Blades","floor":6,"key":"SMITH"},{"data":"Blade Dance","floor":8,"key":"SMITH"},{"data":"Infinite Blades","floor":12,"key":"SMITH"},{"data":"Finisher","floor":15,"key":"SMITH"}],"neow_cost":"NONE","seed_source_timestamp":169445170950400,"circlet_count":0,"master_deck":["Strike_G","Strike_G","Strike_G","Strike_G","Strike_G","Defend_G","Defend_G","Defend_G","Defend_G","Survivor","Neutralize","Blade Dance+1","Infinite Blades+1","Blade Dance","Dash","Crippling Poison","Infinite Blades+1","Finisher+1","Dagger Spray"],"relics":["Ring of the Snake","Golden Idol","Meat on the Bone","Sundial","Ornamental Fan"],"potions_floor_usage":[16,16],"damage_taken":[{"damage":0,"enemies":"2 Louse","floor":1,"turns":4},{"damage":1,"enemies":"Cultist","floor":2,"turns":4},{"damage":51,"enemies":"Lagavulin","floor":7,"turns":7},{"damage":2,"enemies":"Jaw Worm","floor":10,"turns":3},{"damage":2,"enemies":"Blue Slaver","floor":11,"turns":4},{"damage":4,"enemies":"2 Fungi Beasts","floor":13,"turns":3},{"damage":2,"enemies":"Lots of Slimes","floor":14,"turns":2},{"damage":46,"enemies":"The Guardian","floor":16,"turns":10}],"seed_played":"7251500196998730074","potions_obtained":[{"floor":10,"key":"Strength Potion"},{"floor":14,"key":"Energy Potion"}],"is_trial":false,"path_per_floor":["M","M","?","$","?","R","E","R","T","M","M","R","M","M","R","B"],"character_chosen":"THE_SILENT","items_purchased":["Blade Dance"],"campfire_rested":0,"item_purchase_floors":[4],"current_hp_per_floor":[77,76,57,57,57,57,18,18,18,28,38,38,46,44,44,0],"gold":148,"neow_bonus":"TEN_PERCENT_HP_BONUS","is_prod":false,"is_daily":false,"chose_seed":false,"campfire_upgraded":4,"win_rate":0.0,"timestamp":1571665817,"path_taken":["M","M","?","$","?","R","E","R","T","?","M","R","M","M","R","BOSS"],"build_version":"2019-07-17","purchased_purges":1,"victory":false,"max_hp_per_floor":[77,77,77,77,77,77,77,77,77,77,77,77,77,77,77,77],"card_choices":[{"not_picked":["Deadly Poison","Dagger Throw"],"picked":"Blade Dance","floor":1},{"not_picked":["Noxious Fumes","Deadly Poison"],"picked":"Infinite Blades","floor":2},{"not_picked":["PiercingWail","Expertise"],"picked":"Dash","floor":7},{"not_picked":["Sucker Punch","PiercingWail"],"picked":"Crippling Poison","floor":10},{"not_picked":["Heel Hook","Terror"],"picked":"Infinite Blades","floor":11},{"not_picked":["Choke","Sucker Punch"],"picked":"Finisher","floor":13},{"not_picked":["Dodge and Roll","Reflex"],"picked":"Dagger Spray","floor":14}],"player_experience":36418,"relics_obtained":[{"floor":5,"key":"Meat on the Bone"},{"floor":7,"key":"Sundial"},{"floor":9,"key":"Ornamental Fan"}],"event_choices":[{"damage_healed":0,"gold_gain":0,"player_choice":"Take Damage","damage_taken":19,"relics_obtained":["Golden Idol"],"max_hp_gain":0,"max_hp_loss":0,"event_name":"Golden Idol","floor":3,"gold_loss":0},{"damage_healed":0,"gold_gain":0,"player_choice":"Relic","damage_taken":0,"max_hp_gain":0,"max_hp_loss":0,"event_name":"Wheel of Change","floor":5,"gold_loss":0}],"is_beta":false,"boss_relics":[],"items_purged_floors":[4],"is_endless":false,"potions_floor_spawned":[10,14],"killed_by":"The Guardian","ascension_level":0}