{"gold_per_floor":[113,63,63,10,30,64,74,100,100,119,99,124,199,218,218,314,314,330,30,30,30,30,62,62,91,159,170,186,201,201,219,219,219],"floor_reached":33,"playtime":2025,"items_purged":[],"score":531,"play_id":"423b20a1-3f8e-4af3-86ca-7dfe9ee451fd","local_time":"20190828074700","is_ascension_mode":true,"campfire_choices":[{"floor":15,"key":"REST"},{"data":"Defragment","floor":24,"key":"SMITH"},{"data":"Seek","floor":30,"key":"SMITH"},{"data":"Capacitor","floor":32,"key":"SMITH"}],"neow_cost":"NONE","seed_source_timestamp":59291006476923,"circlet_count":0,"master_deck":["AscendersBane","Strike_B","Strike_B","Strike_B","Defend_B","Defend_B","Defend_B","Defend_B","Zap","Dualcast","Go for the Eyes","Sweeping Beam+1","Defragment+1","Reinforced Body","Coolheaded","Static Discharge","Meteor Strike+1","Defragment","Sweeping Beam","Turbo","Seek+1","Tempest","Scrape","Consume","Gash","Capacitor+1","Shame","Turbo","Beam Cell","Auto Shields+1","Gash","Heatsinks+1","Gash"],"special_seed":0,"relics":["Cracked Core","NeowsBlessing","Meat on the Bone","FossilizedHelix","Ice Cream","Vajra","Nuclear Battery","PreservedInsect","Oddly Smooth Stone","Kunai","Whetstone"],"potions_floor_usage":[12,16,25,33],"damage_taken":[{"damage":0.0,"enemies":"Small Slimes","floor":1.0,"turns":1.0},{"damage":0.0,"enemies":"2 Louse","floor":5.0,"turns":1.0},{"damage":0.0,"enemies":"Lagavulin","floor":6.0,"turns":1.0},{"damage":1.0,"enemies":"Cultist","floor":7.0,"turns":3.0},{"damage":25.0,"enemies":"3 Sentries","floor":8.0,"turns":10.0},{"damage":7.0,"enemies":"2 Fungi Beasts","floor":10.0,"turns":4.0},{"damage":8,"enemies":"Exordium Thugs","floor":11,"turns":4},{"damage":23,"enemies":"Lagavulin","floor":12,"turns":6},{"damage":6,"enemies":"3 Louse","floor":14,"turns":3},{"damage":21,"enemies":"The Guardian","floor":16,"turns":10},{"damage":11,"enemies":"Spheric Guardian","floor":18,"turns":5},{"damage":14,"enemies":"Gremlin Leader","floor":23,"turns":5},{"damage":14,"enemies":"Book of Stabbing","floor":25,"turns":3},{"damage":10,"enemies":"Shell Parasite","floor":27,"turns":4},{"damage":3,"enemies":"Sentry and Sphere","floor":28,"turns":4},{"damage":16,"enemies":"Centurion and Healer","floor":29,"turns":5},{"damage":16,"enemies":"Snake Plant","floor":31,"turns":3},{"damage":37,"enemies":"Automaton","floor":33,"turns":4}],"seed_played":"-5651862885721549880","potions_obtained":[{"floor":5.0,"key":"EssenceOfSteel"},{"floor":7.0,"key":"SteroidPotion"},{"floor":8.0,"key":"SkillPotion"},{"floor":11,"key":"Regen Potion"},{"floor":16,"key":"LiquidBronze"},{"floor":25,"key":"SpeedPotion"},{"floor":27,"key":"Strength Potion"}],"is_trial":false,"path_per_floor":["M","?","?","$","M","E","M","E","T","M","M","E","?","M","R","B",null,"M","$","?","?","?","E","R","E","T","M","M","M","R","M","R","B"],"character_chosen":"DEFECT","items_purchased":["Sweeping Beam","PreservedInsect","Scrape","Consume","Gash"],"campfire_rested":1,"item_purchase_floors":[4,19,19,19,19],"current_hp_per_floor":[68,68,68,68,68,68,67,42,42,47,39,28,17,23,45,39,66,55,55,55,55,55,41,41,39,39,41,38,34,34,30,30,0],"gold":219,"neow_bonus":"THREE_ENEMY_KILL","is_prod":false,"is_daily":false,"chose_seed":false,"campfire_upgraded":3,"win_rate":0,"timestamp":1566992820,"path_taken":["M","?","?","$","M","E","?","E","T","M","M","E","?","M","R","BOSS","M","$","?","?","?","E","R","E","T","M","?","M","R","M","R","BOSS"],"build_version":"2019-07-17","purchased_purges":0,"victory":false,"max_hp_per_floor":[75,75,75,75,75,75,75,75,75,75,75,75,75,75,75,75,75,75,75,75,75,75,75,75,75,75,75,75,75,75,75,75,75],"card_choices":[{"not_picked":["Ball Lightning","Barrage"],"picked":"Go for the Eyes","floor":1.0},{"not_picked":["Rainbow","Conserve Battery"],"picked":"Defragment","floor":5.0},{"not_picked":["Sweeping Beam","Ball Lightning"],"picked":"Reinforced Body","floor":6.0},{"not_picked":["Tempest","Barrage"],"picked":"Coolheaded","floor":7.0},{"not_picked":["Redo","Sweeping Beam"],"picked":"Static Discharge","floor":8.0},{"not_picked":["Tempest","Double Energy"],"picked":"Meteor Strike","floor":10},{"not_picked":["Gash","Steam"],"picked":"Defragment","floor":11},{"not_picked":["Gash","Reinforced Body"],"picked":"Sweeping Beam","floor":12},{"not_picked":["Capacitor","Leap"],"picked":"Turbo","floor":14},{"not_picked":["Rainbow","Thunder Strike"],"picked":"Seek","floor":16},{"not_picked":["Barrage+1","Stack"],"picked":"Tempest","floor":18},{"not_picked":["Doom and Gloom+1","Auto Shields"],"picked":"Turbo","floor":23},{"not_picked":["Conserve Battery","Redo"],"picked":"Beam Cell","floor":25},{"not_picked":["Ball Lightning","Compile Driver"],"picked":"Auto Shields+1","floor":27},{"not_picked":["Barrage+1","Force Field"],"picked":"Gash","floor":28},{"not_picked":["Go for the Eyes","Cold Snap+1"],"picked":"Heatsinks+1","floor":29},{"not_picked":["Rebound","Sweeping Beam"],"picked":"Gash","floor":31}],"player_experience":1211573,"relics_obtained":[{"floor":6.0,"key":"Meat on the Bone"},{"floor":8.0,"key":"FossilizedHelix"},{"floor":9.0,"key":"Ice Cream"},{"floor":12,"key":"Vajra"},{"floor":23,"key":"Kunai"},{"floor":25,"key":"Whetstone"}],"event_choices":[{"cards_removed":["Strike_B"],"damage_healed":0.0,"max_hp_gain":0.0,"max_hp_loss":0.0,"gold_gain":0.0,"event_name":"The Cleric","player_choice":"Card Removal","floor":2.0,"gold_loss":50.0,"damage_taken":0.0},{"damage_healed":0.0,"max_hp_gain":0.0,"max_hp_loss":0.0,"gold_gain":0.0,"event_name":"Wheel of Change","player_choice":"Cursed","floor":3.0,"gold_loss":0.0,"damage_taken":0.0,"cards_obtained":["Decay"]},{"damage_healed":0,"gold_gain":75,"player_choice":"Gather Gold","damage_taken":11,"max_hp_gain":0,"max_hp_loss":0,"event_name":"World of Goop","floor":13,"gold_loss":0},{"damage_healed":0,"gold_gain":0,"player_choice":"Read","damage_taken":0,"max_hp_gain":0,"max_hp_loss":0,"event_name":"The Library","floor":20,"gold_loss":0,"cards_obtained":["Capacitor"]},{"cards_removed":["Decay"],"damage_healed":0,"gold_gain":0,"player_choice":"Elegance","damage_taken":0,"max_hp_gain":0,"max_hp_loss":0,"event_name":"Back to Basics","floor":21,"gold_loss":0},{"damage_healed":0,"gold_gain":0,"player_choice":"Stole Relic","damage_taken":0,"relics_obtained":["Oddly Smooth Stone"],"max_hp_gain":0,"max_hp_loss":0,"event_name":"Addict","floor":22,"gold_loss":0,"cards_obtained":["Shame"]}],"is_beta":false,"boss_relics":[{"not_picked":["Eternal Feather","Calling Bell"],"picked":"Nuclear Battery"}],"items_purged_floors":[],"is_endless":false,"potions_floor_spawned":[5,7,8,11,16,25,27,28],"killed_by":"Automaton","ascension_level":12}