{"gold_per_floor":[110,128,303,303,317,317,75,25,50,50,50,80,90,120,120,220,220,237,46,46,58,78,78,112,112,112,112,127,152,169,196,196,300,300],"floor_reached":34,"playtime":3265,"items_purged":[],"score":687,"play_id":"7f534088-2241-4d0a-b1f0-355168daedbb","local_time":"20190804092017","is_ascension_mode":true,"campfire_choices":[{"data":"Zap","floor":6.0,"key":"SMITH"},{"data":"Beam Cell","floor":10.0,"key":"SMITH"},{"floor":15.0,"key":"REST"},{"data":"Amplify","floor":23,"key":"SMITH"},{"floor":25,"key":"REST"},{"data":"Heatsinks","floor":32,"key":"SMITH"}],"neow_cost":"NONE","seed_source_timestamp":0,"circlet_count":0,"master_deck":["AscendersBane","Strike_B","Strike_B","Defend_B","Defend_B","Defend_B","Zap+1","Dualcast","Doom and Gloom","Conserve Battery","Doubt","Beam Cell+1","Self Repair","Turbo","Go for the Eyes","Sweeping Beam","Seek","Amplify+1","Steam+1","All For One+1","Defragment+1","Redo+1","Heatsinks+1","Defragment+1","Seek","Glacier","Redo+1","Aggregate","Force Field","Heatsinks","All For One","Seek+1"],"special_seed":0,"relics":["Nuclear Battery","Blue Candle","Blood Vial","Question Card","Centennial Puzzle","Shuriken","Astrolabe","Boot","Omamori","Unceasing Top","Bottled Lightning","Toxic Egg 2","Coffee Dripper"],"potions_floor_usage":[22],"damage_taken":[{"damage":1.0,"enemies":"2 Louse","floor":1.0,"turns":3.0},{"damage":3.0,"enemies":"Jaw Worm","floor":2.0,"turns":4.0},{"damage":3.0,"enemies":"Cultist","floor":5.0,"turns":4.0},{"damage":25.0,"enemies":"3 Sentries","floor":12.0,"turns":6.0},{"damage":8.0,"enemies":"Blue Slaver","floor":13.0,"turns":4.0},{"damage":12.0,"enemies":"Lagavulin","floor":14.0,"turns":6.0},{"damage":12.0,"enemies":"Slime Boss","floor":16.0,"turns":6.0},{"damage":14.0,"enemies":"Spheric Guardian","floor":18.0,"turns":4.0},{"damage":17.0,"enemies":"Chosen","floor":21.0,"turns":4.0},{"damage":31,"enemies":"Shelled Parasite and Fungi","floor":22,"turns":5},{"damage":58,"enemies":"Book of Stabbing","floor":24,"turns":9},{"damage":9,"enemies":"Snake Plant","floor":28,"turns":3},{"damage":21,"enemies":"Slavers","floor":29,"turns":4},{"damage":2,"enemies":"Chosen and Byrds","floor":30,"turns":4},{"damage":25,"enemies":"Gremlin Leader","floor":31,"turns":7},{"damage":18,"enemies":"Collector","floor":33,"turns":6}],"seed_played":"-8763986546119046969","potions_obtained":[{"floor":1.0,"key":"SteroidPotion"},{"floor":13.0,"key":"EssenceOfSteel"},{"floor":16.0,"key":"SkillPotion"},{"floor":21.0,"key":"Swift Potion"},{"floor":22,"key":"FearPotion"},{"floor":33,"key":"Ancient Potion"}],"is_trial":false,"path_per_floor":["M","M","?","?","M","R","$","?","T","R","T","E","M","E","R","B",null,"M","$","?","M","M","R","E","R","T","$","M","E","M","E","R","B",null],"character_chosen":"DEFECT","items_purchased":["Self Repair","Blood Vial","Turbo","Heatsinks","Boot"],"campfire_rested":2,"item_purchase_floors":[7,7,7,19,19],"current_hp_per_floor":[67,64,64,64,61,61,61,61,61,61,61,45,46,43,65,62,72,74,74,74,72,57,57,1,23,23,23,23,18,32,23,23,14,60],"gold":300,"neow_bonus":"BOSS_RELIC","is_prod":false,"is_daily":false,"chose_seed":false,"campfire_upgraded":4,"win_rate":0,"timestamp":1564924817,"path_taken":["M","M","?","?","M","R","$","?","T","R","?","E","M","E","R","BOSS","M","?","?","M","M","R","E","R","T","$","M","E","M","E","R","BOSS"],"build_version":"2019-07-17","purchased_purges":0,"victory":false,"max_hp_per_floor":[75,75,75,75,75,75,75,75,75,75,75,75,75,75,75,75,75,75,75,75,75,75,75,75,75,75,75,75,75,75,75,75,75,75],"card_choices":[{"not_picked":["Storm","Stack"],"picked":"Doom and Gloom","floor":1.0},{"not_picked":["Static Discharge","Aggregate"],"picked":"Conserve Battery","floor":2.0},{"not_picked":["Redo","Conserve Battery"],"picked":"Beam Cell","floor":5.0},{"not_picked":["Leap","Rip and Tear","FTL"],"picked":"Go for the Eyes","floor":12.0},{"not_picked":["Capacitor","Redo","Cold Snap"],"picked":"Sweeping Beam","floor":13.0},{"not_picked":["Rebound","Electrodynamics","Gash"],"picked":"Seek","floor":14.0},{"not_picked":["All For One","Seek","Hyperbeam"],"picked":"Amplify","floor":16.0},{"not_picked":["Steam","Stack+1","Beam Cell+1"],"picked":"Redo+1","floor":18.0},{"not_picked":["Turbo","Force Field","Hologram"],"picked":"Seek","floor":21.0},{"not_picked":["Turbo","Rebound","Stack+1"],"picked":"Glacier","floor":22},{"not_picked":["Static Discharge","Fusion","Tempest"],"picked":"Redo+1","floor":24},{"not_picked":["Go for the Eyes","Consume","Tempest"],"picked":"Aggregate","floor":28},{"not_picked":["Steam","Sweeping Beam","Conserve Battery"],"picked":"Force Field","floor":29},{"not_picked":["Compile Driver","Machine Learning","Conserve Battery"],"picked":"Heatsinks","floor":30},{"not_picked":["BootSequence","Conserve Battery","FTL"],"picked":"All For One","floor":31},{"not_picked":["All For One","Core Surge","Amplify+1"],"picked":"Seek+1","floor":33}],"player_experience":1075477,"relics_obtained":[{"floor":11.0,"key":"Question Card"},{"floor":12.0,"key":"Centennial Puzzle"},{"floor":14.0,"key":"Shuriken"},{"floor":24,"key":"Omamori"},{"floor":26,"key":"Unceasing Top"},{"floor":29,"key":"Bottled Lightning"},{"floor":31,"key":"Toxic Egg 2"}],"event_choices":[{"damage_healed":0.0,"max_hp_gain":0.0,"max_hp_loss":0.0,"gold_gain":175.0,"event_name":"Liars Game","player_choice":"AGREE","floor":3.0,"gold_loss":0.0,"damage_taken":0.0,"cards_obtained":["Doubt"]},{"damage_healed":0.0,"max_hp_gain":0.0,"max_hp_loss":0.0,"gold_gain":0.0,"event_name":"Big Fish","player_choice":"Box","floor":4.0,"gold_loss":0.0,"damage_taken":0.0,"relics_obtained":["Blue Candle"],"cards_obtained":["Regret"]},{"cards_removed":["Regret"],"damage_healed":0.0,"max_hp_gain":0.0,"max_hp_loss":0.0,"gold_gain":0.0,"event_name":"The Cleric","player_choice":"Card Removal","floor":8.0,"gold_loss":50.0,"damage_taken":0.0},{"damage_healed":0.0,"max_hp_gain":0.0,"max_hp_loss":0.0,"gold_gain":0.0,"event_name":"Duplicator","player_choice":"Copied","floor":20.0,"gold_loss":0.0,"damage_taken":0.0,"cards_obtained":["Defragment"]}],"is_beta":false,"boss_relics":[{"not_picked":["Busted Crown","Runic Pyramid"],"picked":"Astrolabe"},{"not_picked":["Fusion Hammer","Pandora\u0027s Box"],"picked":"Coffee Dripper"}],"items_purged_floors":[],"is_endless":false,"potions_floor_spawned":[1,13,16,21,22,33],"ascension_level":11}