{"gold_per_floor":[210,16,16,40,40,40,84,84,132,150,150,150,184,209,209,307,307,322,322,343,357,372,408,408,8,35,49,90,90,129,153,153,252,252,270,270,334,384,403,447,447,466,466,482,278,299,49,87,87,87,87,87,1,40,40],"floor_reached":55,"playtime":5571,"items_purged":["Strike_B+1"],"score":1374,"play_id":"5487bb56-8b75-4088-9e9a-a7592132c0a7","local_time":"20190901091440","is_ascension_mode":true,"campfire_choices":[{"data":"Zap","floor":6.0,"key":"SMITH"},{"data":"Self Repair","floor":8.0,"key":"SMITH"},{"data":"Dualcast","floor":11.0,"key":"SMITH"},{"data":"Buffer","floor":15.0,"key":"SMITH"},{"data":"RitualDagger","floor":24.0,"key":"SMITH"},{"data":"Seek","floor":32.0,"key":"SMITH"},{"data":"Consume","floor":41,"key":"SMITH"},{"floor":49,"key":"RECALL"},{"data":"Capacitor","floor":52,"key":"SMITH"}],"neow_cost":"NONE","seed_source_timestamp":0,"circlet_count":0,"master_deck":["AscendersBane","Strike_B+1","Strike_B+1","Strike_B+1","Defend_B+1","Defend_B+1","Defend_B+1","Zap+1","Dualcast+1","Glacier","Glacier","Melter","Self Repair+1","Gash","Buffer+1","Go for the Eyes+1","Seek+1","Sweeping Beam+1","RitualDagger+1","White Noise+1","Compile Driver","Consume+1","Lockon","Chill+1","Scrape","Gash+1","Stack+1","Machine Learning","Reinforced Body","All For One","Storm+1","Capacitor+1","Core Surge","Defragment","Reprogram","FTL+1","Capacitor+1","Storm","Turbo","Beam Cell","Gash","Metamorphosis","Barrage+1","Gash","Multi-Cast"],"special_seed":0,"relics":["Cracked Core","Bronze Scales","Golden Idol","Ginger","Art of War","Turnip","Coffee Dripper","Bottled Flame","Membership Card","Mercury Hourglass","Blood Vial","Omamori","DataDisk","Sozu","SsserpentHead","Pear","Whetstone","War Paint","Bag of Preparation","Letter Opener","Vajra","Ornamental Fan"],"potions_floor_usage":[55],"damage_taken":[{"damage":2.0,"enemies":"2 Louse","floor":1.0,"turns":3.0},{"damage":7.0,"enemies":"Jaw Worm","floor":4.0,"turns":4.0},{"damage":6.0,"enemies":"Lagavulin","floor":7.0,"turns":7.0},{"damage":0.0,"enemies":"Small Slimes","floor":10.0,"turns":4.0},{"damage":6.0,"enemies":"3 Sentries","floor":13.0,"turns":8.0},{"damage":1.0,"enemies":"Exordium Wildlife","floor":14.0,"turns":6.0},{"damage":5.0,"enemies":"Slime Boss","floor":16.0,"turns":15.0},{"damage":0.0,"enemies":"Chosen","floor":18.0,"turns":6.0},{"damage":8.0,"enemies":"3 Byrds","floor":20.0,"turns":3.0},{"damage":18.0,"enemies":"Cultist and Chosen","floor":21.0,"turns":7.0},{"damage":7.0,"enemies":"3 Cultists","floor":22.0,"turns":5.0},{"damage":7.0,"enemies":"Book of Stabbing","floor":23.0,"turns":6.0},{"damage":0.0,"enemies":"Snecko","floor":27.0,"turns":5.0},{"damage":34.0,"enemies":"Slavers","floor":28.0,"turns":8.0},{"damage":0.0,"enemies":"Gremlin Leader","floor":30.0,"turns":7.0},{"damage":40.0,"enemies":"Snake Plant","floor":31.0,"turns":3.0},{"damage":32.0,"enemies":"Collector","floor":33.0,"turns":12.0},{"damage":0,"enemies":"Orb Walker","floor":35,"turns":2},{"damage":26,"enemies":"3 Darklings","floor":37,"turns":4},{"damage":0,"enemies":"Spire Growth","floor":39,"turns":4},{"damage":17,"enemies":"Giant Head","floor":40,"turns":7},{"damage":0,"enemies":"Transient","floor":42,"turns":5},{"damage":0,"enemies":"Writhing Mass","floor":44,"turns":4},{"damage":4,"enemies":"Sphere and 2 Shapes","floor":46,"turns":3},{"damage":18,"enemies":"Nemesis","floor":48,"turns":5},{"damage":49,"enemies":"Time Eater","floor":50,"turns":8},{"damage":73,"enemies":"Shield and Spear","floor":54,"turns":5},{"damage":30,"enemies":"The Heart","floor":55,"turns":2}],"seed_played":"4572606860869596169","potions_obtained":[{"floor":1.0,"key":"Ancient Potion"},{"floor":4.0,"key":"AttackPotion"},{"floor":14.0,"key":"Poison Potion"},{"floor":23.0,"key":"LiquidBronze"},{"floor":28.0,"key":"FairyPotion"}],"is_trial":false,"path_per_floor":["M","$","?","M","?","R","E","R","T","M","R","?","E","M","R","B",null,"M","?","M","M","M","E","R","$","T","M","E","?","E","M","R","B",null,"M","?","M","?","M","E","R","M","T","M","$","M","$","E","R","B",null,"R","$","E","B"],"character_chosen":"DEFECT","items_purchased":["Bronze Scales","Glacier","Membership Card","Chill","Mercury Hourglass","Scrape","FTL","Whetstone","War Paint","Bag of Preparation","Storm","Turbo","Beam Cell","Gash","Metamorphosis","Vajra","Gash"],"campfire_rested":0,"item_purchase_floors":[2,2,25,25,25,25,45,45,45,47,47,47,47,47,47,53,53],"current_hp_per_floor":[66,66,48,41,46,46,40,40,40,50,50,43,47,56,56,61,75,80,74,76,68,71,74,74,74,74,76,44,44,56,18,18,18,65,67,67,53,53,65,60,60,72,72,74,74,82,82,76,76,39,77,77,77,16,0],"gold":40,"neow_bonus":"HUNDRED_GOLD","is_prod":false,"is_daily":false,"chose_seed":false,"campfire_upgraded":8,"win_rate":0,"timestamp":1567343680,"path_taken":["M","$","?","M","?","R","E","R","T","M","R","?","E","?","R","BOSS","M","?","M","M","M","E","R","$","T","M","E","?","E","M","R","BOSS","M","?","?","?","M","E","R","M","T","M","$","M","$","E","R","BOSS","R","$","E","BOSS"],"build_version":"2019-07-17","purchased_purges":1,"victory":false,"max_hp_per_floor":[75,75,75,75,80,80,80,80,80,80,80,80,80,80,80,80,80,80,80,80,80,80,80,80,80,80,80,80,80,80,80,80,80,80,80,80,80,80,80,90,90,90,90,90,90,90,90,90,90,90,90,90,90,90,90],"card_choices":[{"not_picked":["Aggregate","Auto Shields"],"picked":"Glacier","floor":1.0},{"not_picked":["Undo","Redo"],"picked":"Melter","floor":4.0},{"not_picked":["Glacier","Rebound"],"picked":"Self Repair","floor":7.0},{"not_picked":["Coolheaded","Go for the Eyes"],"picked":"Gash","floor":10.0},{"not_picked":["Coolheaded","Aggregate"],"picked":"Buffer","floor":13.0},{"not_picked":["Rebound","Leap"],"picked":"Go for the Eyes","floor":14.0},{"not_picked":["Buffer","Hyperbeam"],"picked":"Seek","floor":16.0},{"not_picked":["Ball Lightning","Static Discharge"],"picked":"Sweeping Beam+1","floor":18.0},{"not_picked":["Stack+1","Go for the Eyes"],"picked":"White Noise","floor":20.0},{"not_picked":["Steam","Leap"],"picked":"Compile Driver","floor":21.0},{"not_picked":["Static Discharge","Redo"],"picked":"Consume","floor":22.0},{"not_picked":["White Noise","Reinforced Body"],"picked":"Lockon","floor":23.0},{"not_picked":["Hologram","Redo+1"],"picked":"Gash+1","floor":27.0},{"not_picked":["Fission","Streamline+1"],"picked":"Stack+1","floor":28.0},{"not_picked":["Recycle","Sweeping Beam"],"picked":"Machine Learning","floor":30.0},{"not_picked":["Chaos","Hello World"],"picked":"Reinforced Body","floor":31.0},{"not_picked":["Seek","Machine Learning"],"picked":"All For One","floor":33.0},{"not_picked":["Loop","Ball Lightning"],"picked":"Storm+1","floor":35},{"not_picked":["Go for the Eyes","Stack+1"],"picked":"Capacitor+1","floor":37},{"not_picked":["Double Energy+1","Aggregate"],"picked":"Core Surge","floor":39},{"not_picked":["Ball Lightning","Reinforced Body","Fusion"],"picked":"SKIP","floor":40},{"not_picked":["Steam","Lockon"],"picked":"Defragment","floor":42},{"not_picked":["Go for the Eyes","Reinforced Body"],"picked":"Reprogram","floor":44},{"not_picked":["Lockon","BootSequence+1"],"picked":"Capacitor","floor":46},{"not_picked":["Beam Cell","Steam"],"picked":"Barrage+1","floor":48},{"not_picked":["Melter","Sweeping Beam"],"picked":"Multi-Cast","floor":54}],"player_experience":1262272,"relics_obtained":[{"floor":7.0,"key":"Ginger"},{"floor":9.0,"key":"Art of War"},{"floor":13.0,"key":"Turnip"},{"floor":23.0,"key":"Bottled Flame"},{"floor":26.0,"key":"Blood Vial"},{"floor":28.0,"key":"Omamori"},{"floor":30.0,"key":"DataDisk"},{"floor":40,"key":"Pear"},{"floor":48,"key":"Letter Opener"},{"floor":54,"key":"Ornamental Fan"}],"event_choices":[{"damage_healed":0.0,"max_hp_gain":0.0,"max_hp_loss":0.0,"gold_gain":0.0,"event_name":"Golden Idol","player_choice":"Take Damage","floor":3.0,"gold_loss":0.0,"damage_taken":18.0,"relics_obtained":["Golden Idol"]},{"damage_healed":0.0,"max_hp_gain":5.0,"max_hp_loss":0.0,"gold_gain":0.0,"event_name":"Big Fish","player_choice":"Donut","floor":5.0,"gold_loss":0.0,"damage_taken":0.0},{"cards_removed":["Defend_B"],"damage_healed":0.0,"max_hp_gain":0.0,"max_hp_loss":0.0,"gold_gain":0.0,"event_name":"Golden Wing","player_choice":"Card Removal","floor":12.0,"gold_loss":0.0,"damage_taken":7.0},{"damage_healed":0.0,"max_hp_gain":0.0,"max_hp_loss":0.0,"gold_gain":0.0,"event_name":"Nest","player_choice":"Joined the Cult","floor":19.0,"gold_loss":0.0,"damage_taken":6.0,"cards_obtained":["RitualDagger"]},{"damage_healed":0.0,"max_hp_gain":0.0,"max_hp_loss":0.0,"gold_gain":0.0,"event_name":"Back to Basics","player_choice":"Simplicity","floor":29.0,"gold_loss":0.0,"damage_taken":0.0,"cards_upgraded":["Strike_B","Strike_B","Strike_B","Strike_B","Defend_B","Defend_B","Defend_B"]},{"damage_healed":0,"gold_gain":0,"player_choice":"Trade","damage_taken":0,"relics_obtained":["SsserpentHead"],"max_hp_gain":0,"max_hp_loss":0,"event_name":"FaceTrader","floor":36,"gold_loss":0},{"damage_healed":0,"gold_gain":0,"player_choice":"Ignored","damage_taken":0,"max_hp_gain":0,"max_hp_loss":0,"event_name":"Tomb of Lord Red Mask","floor":38,"gold_loss":0}],"is_beta":false,"boss_relics":[{"not_picked":["Ectoplasm","Eternal Feather"],"picked":"Coffee Dripper"},{"not_picked":["Philosopher\u0027s Stone","Astrolabe"],"picked":"Sozu"}],"items_purged_floors":[45],"is_endless":false,"potions_floor_spawned":[1,4,7,14,16,18,20,23,28,30,37,39,40,42],"killed_by":"The Heart","ascension_level":13}