{"gold_per_floor":[112,122,122,132,207,232,4,24,94,94,125,125,125,140,140,268,568,583,614,614,614,632,652,403,424,472,142,158,283,306,325,325,444,444,465,565,588,609,633,633,633,633,712,732,755,28,28,47,47,47],"floor_reached":51,"playtime":6265,"items_purged":["Shame"],"score":813,"play_id":"7899ceb0-6aed-4baf-a6c3-8476f6ecf3f6","local_time":"20190531131855","is_ascension_mode":false,"campfire_choices":[{"data":"Transmutation","floor":10.0,"key":"SMITH"},{"data":"Buffer","floor":12.0,"key":"SMITH"},{"floor":15.0,"key":"REST"},{"data":"Mind Blast","floor":32.0,"key":"SMITH"},{"data":"Seek","floor":40,"key":"SMITH"},{"data":"Apotheosis","floor":42,"key":"SMITH"},{"data":"Chrysalis","floor":49,"key":"SMITH"}],"neow_cost":"NONE","seed_source_timestamp":0,"circlet_count":0,"master_deck":["Strike_B","Strike_B+1","Strike_B","Strike_B+1","Defend_B","Defend_B","Defend_B","Defend_B","Zap","Dualcast+1","Machine Learning","Glacier","Beam Cell","Buffer+1","Gash","Transmutation+1","Sweeping Beam","Conserve Battery","Auto Shields","Injury","Redo","Biased Cognition","Clumsy","Parasite","Injury","Gash","Hologram","Decay","Stack+1","Seek+1","Hologram","Mind Blast+1","Conserve Battery","Redo","Defragment","Chill","Sweeping Beam","Electrodynamics","Gash","Core Surge","Aggregate+1","Capacitor+1","Stack","Go for the Eyes+1","Apotheosis+1","Enlightenment","Forethought","Auto Shields+1","Gash","Creative AI","Chrysalis+1","Chill","Conserve Battery+1"],"special_seed":0,"relics":["Cracked Core","Du-Vu Doll","Meat on the Bone","Vajra","Golden Idol","Calling Bell","Boot","Mercury Hourglass","Old Coin","Red Mask","Dodecahedron","Bag of Marbles","Peace Pipe","FossilizedHelix","Question Card","Eternal Feather","Symbiotic Virus","Mummified Hand","Whetstone"],"potions_floor_usage":[50],"damage_taken":[{"damage":6.0,"enemies":"Jaw Worm","floor":1.0,"turns":4.0},{"damage":0.0,"enemies":"Cultist","floor":2.0,"turns":3.0},{"damage":1.0,"enemies":"2 Louse","floor":4.0,"turns":2.0},{"damage":23.0,"enemies":"3 Sentries","floor":6.0,"turns":9.0},{"damage":7.0,"enemies":"2 Fungi Beasts","floor":8.0,"turns":3.0},{"damage":24.0,"enemies":"Gremlin Nob","floor":11.0,"turns":5.0},{"damage":5.0,"enemies":"Looter","floor":14.0,"turns":3.0},{"damage":8.0,"enemies":"Hexaghost","floor":16.0,"turns":12.0},{"damage":1.0,"enemies":"Shell Parasite","floor":18.0,"turns":6.0},{"damage":0.0,"enemies":"Masked Bandits","floor":19.0,"turns":3.0},{"damage":1.0,"enemies":"Chosen","floor":22.0,"turns":3.0},{"damage":0.0,"enemies":"Snake Plant","floor":23.0,"turns":5.0},{"damage":1.0,"enemies":"Cultist and Chosen","floor":25.0,"turns":7.0},{"damage":0.0,"enemies":"Shelled Parasite and Fungi","floor":28.0,"turns":2.0},{"damage":0.0,"enemies":"Colosseum Slavers","floor":29.0,"turns":3.0},{"damage":7.0,"enemies":"Colosseum Nobs","floor":29.0,"turns":4.0},{"damage":0.0,"enemies":"Centurion and Healer","floor":30.0,"turns":4.0},{"damage":0.0,"enemies":"Cultist and Chosen","floor":31.0,"turns":5.0},{"damage":18.0,"enemies":"Champ","floor":33.0,"turns":8.0},{"damage":5.0,"enemies":"3 Shapes","floor":35.0,"turns":3.0},{"damage":0.0,"enemies":"Orb Walker","floor":37.0,"turns":2.0},{"damage":6,"enemies":"4 Shapes","floor":38,"turns":3},{"damage":3,"enemies":"Sphere and 2 Shapes","floor":39,"turns":1},{"damage":24,"enemies":"Maw","floor":44,"turns":6},{"damage":8,"enemies":"Transient","floor":45,"turns":5},{"damage":0,"enemies":"Sphere and 2 Shapes","floor":48,"turns":3},{"damage":34,"enemies":"Time Eater","floor":50,"turns":9}],"seed_played":"6339110900331281765","potions_obtained":[{"floor":4.0,"key":"Poison Potion"},{"floor":8.0,"key":"Block Potion"},{"floor":14.0,"key":"Swift Potion"},{"floor":19.0,"key":"Regen Potion"},{"floor":22.0,"key":"Swift Potion"},{"floor":23.0,"key":"Dexterity Potion"},{"floor":28.0,"key":"SkillPotion"},{"floor":30.0,"key":"FairyPotion"},{"floor":44,"key":"Energy Potion"},{"floor":45,"key":"Block Potion"},{"floor":48,"key":"PowerPotion"}],"is_trial":false,"path_per_floor":["M","M","?","M","?","E","$","M","T","R","E","R","?","M","R","B",null,"M","?","?","?","M","M","$","M","T","$","M","?","M","M","R","B",null,"M","?","M","M","M","R","?","R","T","M","M","$","$","M","R","B",null],"character_chosen":"DEFECT","items_purchased":["Transmutation","Sweeping Beam","Hologram","Mind Blast","Conserve Battery","Peace Pipe","Defragment","Mummified Hand","Creative AI","Whetstone","Chrysalis","Chill"],"campfire_rested":1,"item_purchase_floors":[7,7,24,24,24,27,27,46,46,46,46,46],"current_hp_per_floor":[69,69,69,68,57,34,34,27,27,27,15,15,15,22,44,48,75,74,74,74,74,73,73,73,72,72,72,72,75,75,75,75,57,75,70,70,70,64,61,75,65,75,75,51,43,43,43,43,73,39],"gold":47,"neow_bonus":"ONE_RANDOM_RARE_CARD","is_prod":false,"is_daily":false,"chose_seed":false,"campfire_upgraded":6,"win_rate":0.0,"timestamp":1559333935,"path_taken":["M","M","?","?","?","E","$","M","T","R","E","R","?","M","R","BOSS","M","?","?","?","M","M","$","?","T","$","M","?","M","M","R","BOSS","M","?","M","?","M","R","?","R","T","M","M","?","$","?","R","BOSS"],"build_version":"2019-01-23","purchased_purges":1,"victory":true,"max_hp_per_floor":[75,75,75,75,75,75,75,75,75,75,75,75,75,75,75,75,75,75,75,75,75,75,75,75,75,75,75,75,75,75,75,75,75,75,75,75,75,75,75,75,75,75,75,75,75,75,75,75,75,75],"card_choices":[{"not_picked":["Compile Driver","Ball Lightning"],"picked":"Glacier","floor":1.0},{"not_picked":["Streamline","Redo"],"picked":"Beam Cell","floor":2.0},{"not_picked":["Steam","Leap"],"picked":"Buffer","floor":4.0},{"not_picked":["Aggregate","Rebound"],"picked":"Gash","floor":6.0},{"not_picked":["Static Discharge","Compile Driver"],"picked":"Conserve Battery","floor":8.0},{"not_picked":["Aggregate","Beam Cell"],"picked":"Auto Shields","floor":11.0},{"not_picked":["Streamline","Rip and Tear"],"picked":"Redo","floor":14.0},{"not_picked":["Rainbow","Buffer"],"picked":"Biased Cognition","floor":16.0},{"not_picked":["Rebound","Go for the Eyes"],"picked":"Gash","floor":18.0},{"not_picked":["Rebound+1","Coolheaded"],"picked":"Hologram","floor":19.0},{"not_picked":["Cold Snap+1","Leap"],"picked":"Stack+1","floor":22.0},{"not_picked":["Coolheaded","Stack"],"picked":"Seek","floor":23.0},{"not_picked":["Conserve Battery","Cold Snap"],"picked":"Redo","floor":25.0},{"not_picked":["Doom and Gloom","Stack"],"picked":"Chill","floor":28.0},{"not_picked":["Hello World+1","Auto Shields"],"picked":"Sweeping Beam","floor":29.0},{"not_picked":["Hello World","Static Discharge","Redo"],"picked":"Electrodynamics","floor":30.0},{"not_picked":["Hologram","Conserve Battery","Cold Snap"],"picked":"Gash","floor":31.0},{"not_picked":["Electrodynamics","Amplify","Biased Cognition"],"picked":"Core Surge","floor":33.0},{"not_picked":["Leap+1","Cold Snap","Doom and Gloom+1"],"picked":"Aggregate+1","floor":35.0},{"not_picked":["Leap","Fusion+1","Steam+1"],"picked":"Capacitor+1","floor":37.0},{"not_picked":["Sunder","Cold Snap","Static Discharge"],"picked":"Stack","floor":38},{"not_picked":["Auto Shields","Sweeping Beam","Streamline+1"],"picked":"Go for the Eyes+1","floor":39},{"not_picked":["Flash of Steel","Good Instincts","Metamorphosis"],"picked":"Apotheosis","floor":41},{"not_picked":["Mayhem","Discovery","Finesse"],"picked":"Enlightenment","floor":41},{"not_picked":["Deep Breath","Finesse","Swift Strike"],"picked":"Forethought","floor":41},{"not_picked":["Defragment","Cold Snap+1","Lockon+1"],"picked":"Auto Shields+1","floor":44},{"not_picked":["Chill","Sweeping Beam","Storm"],"picked":"Gash","floor":45},{"not_picked":["Redo","Ball Lightning+1","Undo+1"],"picked":"Conserve Battery+1","floor":48}],"player_experience":299058,"relics_obtained":[{"floor":6.0,"key":"Du-Vu Doll"},{"floor":9.0,"key":"Meat on the Bone"},{"floor":11.0,"key":"Vajra"},{"floor":17.0,"key":"Boot"},{"floor":17.0,"key":"Mercury Hourglass"},{"floor":17.0,"key":"Old Coin"},{"floor":19.0,"key":"Red Mask"},{"floor":26.0,"key":"Bag of Marbles"},{"floor":29.0,"key":"FossilizedHelix"},{"floor":29.0,"key":"Question Card"},{"floor":43,"key":"Symbiotic Virus"}],"event_choices":[{"damage_healed":0.0,"max_hp_gain":0.0,"max_hp_loss":0.0,"gold_gain":0.0,"event_name":"Upgrade Shrine","player_choice":"Upgraded","floor":3.0,"gold_loss":0.0,"damage_taken":0.0,"cards_upgraded":["Dualcast"]},{"damage_healed":0.0,"max_hp_gain":0.0,"max_hp_loss":0.0,"gold_gain":75.0,"event_name":"World of Goop","player_choice":"Gather Gold","floor":5.0,"gold_loss":0.0,"damage_taken":11.0},{"damage_healed":0.0,"max_hp_gain":0.0,"max_hp_loss":0.0,"gold_gain":0.0,"event_name":"Golden Idol","player_choice":"Take Wound","floor":13.0,"gold_loss":0.0,"damage_taken":0.0,"relics_obtained":["Golden Idol"],"cards_obtained":["Injury"]},{"damage_healed":0.0,"max_hp_gain":0.0,"max_hp_loss":0.0,"gold_gain":0.0,"event_name":"Masked Bandits","player_choice":"Fought Bandits","floor":19.0,"gold_loss":0.0,"damage_taken":0.0},{"damage_healed":0.0,"max_hp_gain":0.0,"max_hp_loss":0.0,"gold_gain":0.0,"event_name":"Addict","player_choice":"Stole Relic","floor":20.0,"gold_loss":0.0,"damage_taken":0.0,"relics_obtained":["Dodecahedron"],"cards_obtained":["Shame"]},{"damage_healed":0.0,"max_hp_gain":0.0,"max_hp_loss":0.0,"gold_gain":0.0,"event_name":"Wheel of Change","player_choice":"Cursed","floor":21.0,"gold_loss":0.0,"damage_taken":0.0,"cards_obtained":["Decay"]},{"damage_healed":0.0,"max_hp_gain":0.0,"max_hp_loss":0.0,"gold_gain":0.0,"event_name":"Colosseum","player_choice":"Fight","floor":29.0,"gold_loss":0.0,"damage_taken":0.0},{"damage_healed":0.0,"max_hp_gain":0.0,"max_hp_loss":0.0,"gold_gain":0.0,"event_name":"Colosseum","player_choice":"Fought Nobs","floor":29.0,"gold_loss":0.0,"damage_taken":0.0},{"damage_healed":0.0,"max_hp_gain":0.0,"max_hp_loss":0.0,"gold_gain":100.0,"event_name":"Golden Shrine","player_choice":"Pray","floor":36.0,"gold_loss":0.0,"damage_taken":0.0},{"damage_healed":0,"gold_gain":0,"player_choice":"Memory 3","damage_taken":10,"max_hp_gain":0,"max_hp_loss":0,"event_name":"SensoryStone","floor":41,"gold_loss":0}],"is_beta":false,"boss_relics":[{"not_picked":["Busted Crown","Runic Dome"],"picked":"Calling Bell"},{"not_picked":["Cursed Key","Black Star"],"picked":"Eternal Feather"}],"items_purged_floors":[24],"is_endless":false,"potions_floor_spawned":[4,8,14,19,22,23,28,30,44,45,48],"ascension_level":0}