{"gold_per_floor":[118,118,88,108,131,131,167,183,483,514,155,155,155,155,155,284,284,309,325,47,63,63,63],"floor_reached":23,"playtime":2734,"items_purged":[],"score":249,"play_id":"7abfb15f-4b64-427d-8cf1-7cecc3a79b9c","local_time":"20190609202258","is_ascension_mode":true,"campfire_choices":[{"data":"Spot Weakness","floor":6.0,"key":"SMITH"},{"floor":13.0,"key":"REST"},{"floor":15.0,"key":"REST"}],"neow_cost":"NONE","seed_source_timestamp":0,"circlet_count":0,"master_deck":["Bash+1","Headbutt","Thunderclap","Spot Weakness+1","Feed","Reckless Charge","Dual Wield+1","Entrench","Feel No Pain","Dark Embrace","Headbutt","Wild Strike","True Grit","Thunderclap","Hemokinesis","Spot Weakness","Anger","Fiend Fire","Bloodletting","Evolve","Armaments","Cleave","Power Through","Power Through","Seeing Red"],"special_seed":0,"relics":["Burning Blood","Golden Idol","Pocketwatch","Old Coin","Prayer Wheel","Pantograph","Torii","Pandora\u0027s Box","Medical Kit"],"potions_floor_usage":[23,23],"damage_taken":[{"damage":11.0,"enemies":"Jaw Worm","floor":1.0,"turns":4.0},{"damage":13.0,"enemies":"Small Slimes","floor":4.0,"turns":3.0},{"damage":1.0,"enemies":"Cultist","floor":5.0,"turns":3.0},{"damage":25.0,"enemies":"Gremlin Nob","floor":7.0,"turns":4.0},{"damage":8.0,"enemies":"Blue Slaver","floor":8.0,"turns":2.0},{"damage":25.0,"enemies":"Lagavulin","floor":10.0,"turns":4.0},{"damage":16.0,"enemies":"The Guardian","floor":16.0,"turns":7.0},{"damage":26,"enemies":"2 Thieves","floor":18,"turns":3},{"damage":13,"enemies":"Chosen","floor":19,"turns":4},{"damage":38,"enemies":"3 Cultists","floor":21,"turns":5},{"damage":37,"enemies":"Book of Stabbing","floor":23,"turns":5}],"seed_played":"4546501964878106778","potions_obtained":[{"floor":1.0,"key":"FearPotion"},{"floor":3.0,"key":"Block Potion"},{"floor":3.0,"key":"SneckoOil"},{"floor":8.0,"key":"AttackPotion"},{"floor":16.0,"key":"AttackPotion"},{"floor":18,"key":"BloodPotion"}],"is_trial":false,"path_per_floor":["M","?","?","M","M","R","E","M","T","E","$","?","R","T","R","B",null,"M","M","$","M","$","E"],"character_chosen":"IRONCLAD","items_purchased":["Entrench","Feel No Pain","Pantograph","Medical Kit","Power Through"],"campfire_rested":2,"item_purchase_floors":[11,11,11,20,20],"current_hp_per_floor":[75,55,55,48,53,53,34,35,35,19,19,2,27,27,52,67,81,64,60,60,28,28,0],"gold":63,"neow_bonus":"UPGRADE_CARD","is_prod":false,"is_daily":false,"chose_seed":false,"campfire_upgraded":1,"win_rate":0,"timestamp":1560136978,"path_taken":["M","?","?","?","M","R","E","M","T","E","$","?","R","?","R","BOSS","M","M","$","M","$","E"],"build_version":"2019-01-23","purchased_purges":0,"victory":false,"max_hp_per_floor":[80,80,80,80,80,80,80,83,83,86,86,86,86,86,86,86,86,89,92,92,92,92,92],"card_choices":[{"not_picked":["Warcry","Sword Boomerang"],"picked":"Headbutt","floor":1.0},{"not_picked":["Twin Strike","Wild Strike"],"picked":"Thunderclap","floor":4.0},{"not_picked":["Clothesline","Anger"],"picked":"Spot Weakness","floor":5.0},{"not_picked":["Shrug It Off","Pommel Strike"],"picked":"Feed","floor":7.0},{"not_picked":["Anger","Clothesline"],"picked":"Reckless Charge","floor":8.0},{"not_picked":["Hemokinesis","Power Through"],"picked":"Dual Wield","floor":10.0},{"not_picked":["Fiend Fire","Double Tap"],"picked":"Dark Embrace","floor":16.0},{"not_picked":["Feel No Pain","Pommel Strike"],"picked":"Evolve","floor":18},{"not_picked":["True Grit","Clash"],"picked":"Armaments","floor":18},{"not_picked":["Shrug It Off","Perfected Strike+1"],"picked":"Cleave","floor":19},{"not_picked":["Iron Wave","Bloodletting","Heavy Blade"],"picked":"SKIP","floor":19},{"not_picked":["Feed","True Grit"],"picked":"Power Through","floor":21},{"not_picked":["True Grit","Twin Strike"],"picked":"Seeing Red","floor":21}],"player_experience":530568,"relics_obtained":[{"floor":7.0,"key":"Pocketwatch"},{"floor":9.0,"key":"Old Coin"},{"floor":10.0,"key":"Prayer Wheel"},{"floor":14.0,"key":"Torii"}],"event_choices":[{"damage_healed":0.0,"max_hp_gain":0.0,"max_hp_loss":0.0,"gold_gain":0.0,"event_name":"Golden Idol","player_choice":"Take Damage","floor":2.0,"gold_loss":0.0,"damage_taken":20.0,"relics_obtained":["Golden Idol"]},{"damage_healed":0.0,"max_hp_gain":0.0,"max_hp_loss":0.0,"gold_gain":0.0,"event_name":"The Woman in Blue","player_choice":"Bought 2 Potions","floor":3.0,"gold_loss":0.0,"damage_taken":0.0},{"damage_healed":0.0,"max_hp_gain":0.0,"max_hp_loss":0.0,"gold_gain":0.0,"event_name":"Shining Light","player_choice":"Entered Light","floor":12.0,"gold_loss":0.0,"damage_taken":17.0,"cards_upgraded":["Strike_R","Dual Wield"]}],"is_beta":false,"boss_relics":[{"not_picked":["Runic Dome","Mark of Pain"],"picked":"Pandora\u0027s Box"}],"items_purged_floors":[],"is_endless":false,"potions_floor_spawned":[1,8,16,18],"killed_by":"Book of Stabbing","ascension_level":5}