{"gold_per_floor":[116,135,210,210,227,227,260,260,260,260,276,276],"floor_reached":12,"playtime":417,"items_purged":[],"score":121,"play_id":"05d326a2-fb9b-4d5e-a51a-935f13a6bf5c","local_time":"20190814200509","is_ascension_mode":true,"campfire_choices":[{"data":"Zap","floor":6,"key":"SMITH"},{"floor":8,"key":"REST"},{"data":"Recycle","floor":10,"key":"SMITH"}],"neow_cost":"NONE","seed_source_timestamp":94049033361750,"circlet_count":0,"master_deck":["AscendersBane","Strike_B","Strike_B","Strike_B","Strike_B","Defend_B","Defend_B","Defend_B","Defend_B","Zap+1","Dualcast","Reprogram","Recycle+1","Echo Form","Gash"],"relics":["Cracked Core","Regal Pillow","Blue Candle","Ginger","Frozen Egg 2"],"potions_floor_usage":[],"damage_taken":[{"damage":1,"enemies":"Cultist","floor":1,"turns":3},{"damage":7,"enemies":"Jaw Worm","floor":2,"turns":3},{"damage":0,"enemies":"Small Slimes","floor":5,"turns":3},{"damage":44,"enemies":"Lagavulin","floor":7,"turns":10},{"damage":17,"enemies":"Looter","floor":11,"turns":3},{"damage":35,"enemies":"Gremlin Nob","floor":12,"turns":3}],"seed_played":"-8527676770667901855","potions_obtained":[{"floor":5,"key":"Explosive Potion"}],"is_trial":false,"path_per_floor":["M","M","?","?","M","R","E","R","T","R","M","E"],"character_chosen":"DEFECT","items_purchased":[],"campfire_rested":1,"item_purchase_floors":[],"current_hp_per_floor":[67,60,49,49,49,49,5,42,42,42,25,0],"gold":276,"neow_bonus":"RANDOM_COMMON_RELIC","is_prod":false,"is_daily":false,"chose_seed":false,"campfire_upgraded":2,"win_rate":0,"timestamp":1565827509,"path_taken":["M","?","?","?","M","R","E","R","T","R","?","E"],"build_version":"2019-07-17","purchased_purges":0,"victory":false,"max_hp_per_floor":[75,75,75,75,75,75,75,75,75,75,75,75],"card_choices":[{"not_picked":["Steam","Rebound"],"picked":"Skim","floor":1},{"not_picked":["Darkness","Ball Lightning"],"picked":"Reprogram","floor":2},{"not_picked":["Cold Snap","Compile Driver"],"picked":"Recycle","floor":5},{"not_picked":["Hologram","Ball Lightning"],"picked":"Echo Form","floor":7},{"not_picked":["Ball Lightning","Compile Driver"],"picked":"Gash","floor":11}],"player_experience":1142929,"relics_obtained":[{"floor":7,"key":"Ginger"},{"floor":9,"key":"Frozen Egg 2"}],"event_choices":[{"damage_healed":0,"gold_gain":75,"player_choice":"Gather Gold","damage_taken":11,"max_hp_gain":0,"max_hp_loss":0,"event_name":"World of Goop","floor":3,"gold_loss":0},{"cards_removed":["Skim"],"damage_healed":0,"gold_gain":0,"player_choice":"Gave Card","damage_taken":0,"relics_obtained":["Blue Candle"],"max_hp_gain":0,"max_hp_loss":0,"event_name":"WeMeetAgain","floor":4,"gold_loss":0}],"is_beta":false,"boss_relics":[],"items_purged_floors":[],"is_endless":false,"potions_floor_spawned":[5],"killed_by":"Gremlin Nob","ascension_level":11}