{"gold_per_floor":[117,134,149,48,67,67,101,101,101,101,126,136,106,181,181,253,253,273,41,55,55,74,74,74],"floor_reached":24,"playtime":1801,"items_purged":["Strike_B"],"score":361,"play_id":"9e668aa0-e4da-4ebd-92e6-aff269ffe70e","local_time":"20191001103512","is_ascension_mode":true,"campfire_choices":[{"data":"Static Discharge","floor":6,"key":"SMITH"},{"data":"Consume","floor":8,"key":"SMITH"},{"floor":15,"key":"REST"},{"floor":23,"key":"REST"}],"neow_cost":"NONE","seed_source_timestamp":13572687471411,"circlet_count":0,"master_deck":["AscendersBane","Strike_B","Strike_B","Strike_B","Defend_B","Defend_B","Defend_B","Defend_B","Zap","Dualcast","Cold Snap","Consume+1","Static Discharge+1","Steam","Glacier","White Noise","Reprogram","Ball Lightning","Echo Form","Undo","Coolheaded","Echo Form","Go for the Eyes","Gash+1","Bandage Up","BootSequence","Shame","Hologram"],"relics":["Cracked Core","NeowsBlessing","Dodecahedron","Gremlin Horn","Singing Bowl","Inserter","Orrery","Question Card"],"potions_floor_usage":[11,12],"damage_taken":[{"damage":0,"enemies":"Cultist","floor":1,"turns":1},{"damage":0,"enemies":"2 Louse","floor":2,"turns":1},{"damage":0,"enemies":"Small Slimes","floor":3,"turns":1},{"damage":19,"enemies":"3 Louse","floor":5,"turns":3},{"damage":12,"enemies":"Lagavulin","floor":7,"turns":7},{"damage":19,"enemies":"3 Sentries","floor":11,"turns":5},{"damage":5,"enemies":"Blue Slaver","floor":12,"turns":4},{"damage":1,"enemies":"Looter","floor":13,"turns":4},{"damage":9,"enemies":"Hexaghost","floor":16,"turns":10},{"damage":47,"enemies":"2 Thieves","floor":18,"turns":4},{"damage":4,"enemies":"3 Byrds","floor":20,"turns":3},{"damage":18,"enemies":"Snake Plant","floor":22,"turns":4},{"damage":34,"enemies":"Slavers","floor":24,"turns":3}],"seed_played":"-3894442184514338838","potions_obtained":[{"floor":1,"key":"Explosive Potion"},{"floor":2,"key":"Energy Potion"},{"floor":12,"key":"Fruit Juice"},{"floor":16,"key":"FearPotion"}],"is_trial":false,"path_per_floor":["M","M","M","$","M","R","E","R","T","?","E","M","M","?","R","B",null,"M","$","M","?","M","R","E"],"character_chosen":"DEFECT","items_purchased":["Steam","Orrery","Bandage Up"],"campfire_rested":2,"item_purchase_floors":[4,19,19],"current_hp_per_floor":[64,64,64,64,45,45,33,33,33,33,16,16,15,4,27,18,63,16,18,18,18,4,28,0],"gold":74,"neow_bonus":"THREE_ENEMY_KILL","is_prod":false,"is_daily":false,"chose_seed":false,"campfire_upgraded":2,"win_rate":0,"timestamp":1569940512,"path_taken":["M","?","M","$","M","R","E","R","T","?","E","M","M","?","R","BOSS","M","$","M","?","M","R","E"],"build_version":"2019-09-27","purchased_purges":1,"victory":false,"max_hp_per_floor":[71,71,71,71,71,71,71,71,71,71,73,78,78,78,78,78,78,78,80,80,80,80,80,80],"card_choices":[{"not_picked":["Rip and Tear","Storm"],"picked":"Cold Snap","floor":1},{"not_picked":["Streamline","Coolheaded"],"picked":"Consume","floor":2},{"not_picked":["Redo","Cold Snap"],"picked":"Static Discharge","floor":3},{"not_picked":["Leap","Redo"],"picked":"Glacier","floor":5},{"not_picked":["Rebound","Chaos"],"picked":"White Noise","floor":7},{"not_picked":["Compile Driver","Streamline","Coolheaded"],"picked":"Singing Bowl","floor":11},{"not_picked":["Conserve Battery","Fusion"],"picked":"Reprogram","floor":12},{"not_picked":["Aggregate","Heatsinks"],"picked":"Ball Lightning","floor":13},{"not_picked":["Buffer","Machine Learning"],"picked":"Echo Form","floor":16},{"not_picked":["Barrage","Darkness"],"picked":"Undo","floor":18},{"not_picked":["Darkness","Sweeping Beam","Genetic Algorithm"],"picked":"Singing Bowl","floor":19},{"not_picked":["Chaos","Ball Lightning"],"picked":"Coolheaded","floor":19},{"not_picked":["Reprogram","Steam"],"picked":"Echo Form","floor":19},{"not_picked":["Scrape","Rebound+1"],"picked":"Go for the Eyes","floor":19},{"not_picked":["Sunder","Compile Driver"],"picked":"Gash+1","floor":19},{"not_picked":["Stack","Coolheaded"],"picked":"BootSequence","floor":20},{"not_picked":["Redo","Conserve Battery","Echo Form"],"picked":"Hologram","floor":22}],"player_experience":1564271,"relics_obtained":[{"floor":7,"key":"Dodecahedron"},{"floor":9,"key":"Gremlin Horn"},{"floor":11,"key":"Singing Bowl"}],"event_choices":[{"damage_healed":0,"gold_gain":0,"player_choice":"Fled","damage_taken":0,"max_hp_gain":0,"max_hp_loss":0,"event_name":"Scrap Ooze","floor":10,"gold_loss":0},{"damage_healed":0,"gold_gain":75,"player_choice":"Gather Gold","damage_taken":11,"max_hp_gain":0,"max_hp_loss":0,"event_name":"World of Goop","floor":14,"gold_loss":0},{"damage_healed":0,"gold_gain":0,"player_choice":"Stole Relic","damage_taken":0,"relics_obtained":["Question Card"],"max_hp_gain":0,"max_hp_loss":0,"event_name":"Addict","floor":21,"gold_loss":0,"cards_obtained":["Shame"]}],"is_beta":true,"boss_relics":[{"not_picked":["Sozu","Fusion Hammer"],"picked":"Inserter"}],"items_purged_floors":[4],"is_endless":false,"potions_floor_spawned":[1,2,7,12,16,20],"killed_by":"Slavers","ascension_level":15}