{"gold_per_floor":[112,112,21,39,39,39,68,68,119,129,154,168,168,201,201,305,305,322,237,162,177,100,100,134,134,134,134,145,145,145,162,162,162],"floor_reached":33,"playtime":3291,"items_purged":[],"score":413,"play_id":"80ef0064-054c-406f-843f-c84a71f095ab","local_time":"20190715094333","is_ascension_mode":true,"campfire_choices":[{"data":"Dualcast","floor":6.0,"key":"SMITH"},{"data":"Self Repair","floor":8.0,"key":"SMITH"},{"data":"Fission","floor":15.0,"key":"SMITH"},{"data":"Consume","floor":23.0,"key":"SMITH"},{"data":"Turbo","floor":25.0,"key":"SMITH"},{"floor":27.0,"key":"DIG"},{"data":"Forethought","floor":30.0,"key":"SMITH"},{"data":"Hologram","floor":32.0,"key":"SMITH"}],"neow_cost":"NONE","seed_source_timestamp":0,"circlet_count":0,"master_deck":["Strike_B+1","Strike_B+1","Strike_B+1","Defend_B+1","Defend_B+1","Defend_B+1","Defend_B+1","Zap","Dualcast+1","Go for the Eyes","Forethought+1","BootSequence","Self Repair+1","Fission+1","Undo","Doom and Gloom","Consume+1","All For One","Turbo+1","Redo+1","Scrape","Reprogram","Meteor Strike","Hologram+1"],"special_seed":0,"relics":["Cracked Core","NeowsBlessing","Meat on the Bone","Lantern","PreservedInsect","Pen Nib","FaceOfCleric","Calipers","Inserter","Anchor","Ornamental Fan","Shovel","Blue Candle"],"potions_floor_usage":[],"damage_taken":[{"damage":0.0,"enemies":"2 Louse","floor":1.0,"turns":1.0},{"damage":0.0,"enemies":"Small Slimes","floor":4.0,"turns":1.0},{"damage":0.0,"enemies":"3 Sentries","floor":7.0,"turns":1.0},{"damage":0.0,"enemies":"Cultist","floor":10.0,"turns":4.0},{"damage":20.0,"enemies":"Gremlin Nob","floor":11.0,"turns":4.0},{"damage":3.0,"enemies":"Looter","floor":12.0,"turns":3.0},{"damage":25.0,"enemies":"3 Sentries","floor":14.0,"turns":7.0},{"damage":36.0,"enemies":"Slime Boss","floor":16.0,"turns":12.0},{"damage":16.0,"enemies":"2 Thieves","floor":18.0,"turns":4.0},{"damage":22.0,"enemies":"3 Byrds","floor":21.0,"turns":7.0},{"damage":29.0,"enemies":"Gremlin Leader","floor":24.0,"turns":7.0},{"damage":9.0,"enemies":"Snake Plant","floor":28.0,"turns":4.0},{"damage":43.0,"enemies":"Sentry and Sphere","floor":31.0,"turns":7.0},{"damage":67,"enemies":"Champ","floor":33,"turns":14}],"seed_played":"-7572057837487224603","potions_obtained":[{"floor":7.0,"key":"SteroidPotion"},{"floor":11.0,"key":"FocusPotion"},{"floor":16.0,"key":"SpeedPotion"},{"floor":21.0,"key":"Weak Potion"},{"floor":31.0,"key":"Energy Potion"}],"is_trial":false,"path_per_floor":["M","?","$","M","$","R","E","R","T","M","E","M","?","E","R","B",null,"M","?","?","M","$","R","E","R","T","R","M","?","R","M","R","B"],"character_chosen":"DEFECT","items_purchased":["Forethought","Scrape"],"campfire_rested":0,"item_purchase_floors":[3,22],"current_hp_per_floor":[68,61,61,61,61,61,61,61,61,71,61,68,68,54,54,41,68,63,63,63,52,52,52,46,46,46,46,60,60,60,40,40,0],"gold":162,"neow_bonus":"THREE_ENEMY_KILL","is_prod":false,"is_daily":false,"chose_seed":false,"campfire_upgraded":7,"win_rate":0,"timestamp":1563198213,"path_taken":["M","?","$","M","$","R","E","R","T","M","E","M","?","E","R","BOSS","M","?","?","M","$","R","E","R","T","R","M","?","R","M","R","BOSS"],"build_version":"2019-07-05","purchased_purges":0,"victory":false,"max_hp_per_floor":[75,75,75,75,75,75,75,75,75,75,75,75,75,76,76,77,77,78,78,78,79,79,79,80,80,80,80,81,81,81,82,82,82],"card_choices":[{"not_picked":["Streamline","Redo"],"picked":"Go for the Eyes","floor":1.0},{"not_picked":["Stack","Coolheaded"],"picked":"BootSequence","floor":4.0},{"not_picked":["Sweeping Beam","Ball Lightning"],"picked":"Self Repair","floor":7.0},{"not_picked":["Storm","Rip and Tear"],"picked":"Fission","floor":10.0},{"not_picked":["Hologram","Skim"],"picked":"Undo","floor":11.0},{"not_picked":["Go for the Eyes","Sweeping Beam"],"picked":"Doom and Gloom","floor":12.0},{"not_picked":["Barrage","Undo"],"picked":"Consume","floor":14.0},{"not_picked":["Machine Learning","Core Surge"],"picked":"All For One","floor":16.0},{"not_picked":["Compile Driver","Beam Cell"],"picked":"Turbo","floor":18.0},{"not_picked":["Loop","Ball Lightning"],"picked":"Redo+1","floor":21.0},{"not_picked":["Defragment","Ball Lightning+1"],"picked":"Reprogram","floor":24.0},{"not_picked":["Gash","Redo"],"picked":"Meteor Strike","floor":28.0},{"not_picked":["Tempest+1","Conserve Battery+1"],"picked":"Hologram","floor":31.0}],"player_experience":919519,"relics_obtained":[{"floor":7.0,"key":"Lantern"},{"floor":9.0,"key":"PreservedInsect"},{"floor":11.0,"key":"Pen Nib"},{"floor":14.0,"key":"Calipers"},{"floor":24.0,"key":"Ornamental Fan"},{"floor":26.0,"key":"Shovel"},{"floor":27.0,"key":"Blue Candle"}],"event_choices":[{"damage_healed":0.0,"max_hp_gain":0.0,"max_hp_loss":0.0,"gold_gain":0.0,"event_name":"Scrap Ooze","player_choice":"Success","floor":2.0,"gold_loss":0.0,"damage_taken":7.0,"relics_obtained":["Meat on the Bone"]},{"damage_healed":0.0,"max_hp_gain":0.0,"max_hp_loss":0.0,"gold_gain":0.0,"event_name":"FaceTrader","player_choice":"Trade","floor":13.0,"gold_loss":0.0,"damage_taken":0.0,"relics_obtained":["FaceOfCleric"]},{"damage_healed":0.0,"max_hp_gain":0.0,"max_hp_loss":0.0,"gold_gain":0.0,"event_name":"Addict","player_choice":"Obtained Relic","floor":19.0,"gold_loss":85.0,"damage_taken":0.0,"relics_obtained":["Anchor"]},{"cards_removed":["Strike_B"],"damage_healed":0.0,"max_hp_gain":0.0,"max_hp_loss":0.0,"gold_gain":0.0,"event_name":"Beggar","player_choice":"Gave Gold","floor":20.0,"gold_loss":75.0,"damage_taken":0.0},{"damage_healed":0.0,"max_hp_gain":0.0,"max_hp_loss":0.0,"gold_gain":0.0,"event_name":"Back to Basics","player_choice":"Simplicity","floor":29.0,"gold_loss":0.0,"damage_taken":0.0,"cards_upgraded":["Strike_B","Strike_B","Strike_B","Defend_B","Defend_B","Defend_B","Defend_B"]}],"is_beta":false,"boss_relics":[{"not_picked":["Philosopher\u0027s Stone","Cursed Key"],"picked":"Inserter"}],"items_purged_floors":[],"is_endless":false,"potions_floor_spawned":[7,11,16,21,31],"killed_by":"Champ","ascension_level":7}