{"gold_per_floor":[110,128,303,303,317,317,223,173,198,198,198,228,238,268,268,368,368,385,100,375,387,407,407,407],"floor_reached":24,"playtime":1500,"items_purged":[],"score":316,"play_id":"beea5ad7-befe-4dc6-8e16-4aab8e28258b","local_time":"20190804095420","is_ascension_mode":true,"campfire_choices":[{"data":"Zap","floor":6.0,"key":"SMITH"},{"data":"Beam Cell","floor":10.0,"key":"SMITH"},{"data":"Self Repair","floor":15.0,"key":"SMITH"},{"data":"Amplify","floor":23,"key":"SMITH"}],"neow_cost":"NONE","seed_source_timestamp":0,"circlet_count":0,"master_deck":["AscendersBane","Strike_B","Defend_B","Defend_B","Defend_B","Zap+1","Dualcast","Doom and Gloom","Conserve Battery","Doubt","Regret","Beam Cell+1","Self Repair+1","Turbo","Go for the Eyes","Capacitor","Electrodynamics","Amplify+1","Steam+1","All For One+1","Defragment+1","Redo+1","Heatsinks","Flash of Steel","Regret","Hologram","Glacier"],"special_seed":0,"relics":["Nuclear Battery","Blue Candle","Question Card","Centennial Puzzle","Shuriken","Astrolabe","Boot"],"potions_floor_usage":[22,24,24],"damage_taken":[{"damage":1.0,"enemies":"2 Louse","floor":1.0,"turns":3.0},{"damage":3.0,"enemies":"Jaw Worm","floor":2.0,"turns":4.0},{"damage":2.0,"enemies":"Cultist","floor":5.0,"turns":4.0},{"damage":18.0,"enemies":"3 Sentries","floor":12.0,"turns":5.0},{"damage":6.0,"enemies":"Blue Slaver","floor":13.0,"turns":4.0},{"damage":27.0,"enemies":"Lagavulin","floor":14.0,"turns":6.0},{"damage":25.0,"enemies":"Slime Boss","floor":16.0,"turns":8.0},{"damage":19.0,"enemies":"Spheric Guardian","floor":18.0,"turns":4.0},{"damage":14.0,"enemies":"Chosen","floor":21.0,"turns":3.0},{"damage":19,"enemies":"Shelled Parasite and Fungi","floor":22,"turns":4},{"damage":40,"enemies":"Book of Stabbing","floor":24,"turns":5}],"seed_played":"-8763986546119046969","potions_obtained":[{"floor":1.0,"key":"SteroidPotion"},{"floor":13.0,"key":"EssenceOfSteel"},{"floor":16.0,"key":"SkillPotion"},{"floor":21.0,"key":"Swift Potion"},{"floor":22,"key":"FearPotion"}],"is_trial":false,"path_per_floor":["M","M","?","?","M","R","$","?","T","R","T","E","M","E","R","B",null,"M","$","?","M","M","R","E"],"character_chosen":"DEFECT","items_purchased":["Self Repair","Turbo","Heatsinks","Boot","Flash of Steel"],"campfire_rested":0,"item_purchase_floors":[7,7,19,19,19],"current_hp_per_floor":[67,64,64,64,62,62,62,62,62,62,62,51,52,32,32,7,58,59,59,59,45,36,36,0],"gold":407,"neow_bonus":"BOSS_RELIC","is_prod":false,"is_daily":false,"chose_seed":false,"campfire_upgraded":4,"win_rate":0,"timestamp":1564926860,"path_taken":["M","M","?","?","M","R","$","?","T","R","?","E","M","E","R","BOSS","M","?","?","M","M","R","E"],"build_version":"2019-07-17","purchased_purges":0,"victory":false,"max_hp_per_floor":[75,75,75,75,75,75,75,75,75,75,75,75,75,75,75,75,75,75,75,75,75,75,75,75],"card_choices":[{"not_picked":["Storm","Stack"],"picked":"Doom and Gloom","floor":1.0},{"not_picked":["Static Discharge","Aggregate"],"picked":"Conserve Battery","floor":2.0},{"not_picked":["Redo","Conserve Battery"],"picked":"Beam Cell","floor":5.0},{"not_picked":["Leap","Rip and Tear","FTL"],"picked":"Go for the Eyes","floor":12.0},{"not_picked":["Sweeping Beam","Redo","Cold Snap"],"picked":"Capacitor","floor":13.0},{"not_picked":["Seek","Rebound","Gash"],"picked":"Electrodynamics","floor":14.0},{"not_picked":["All For One","Seek","Hyperbeam"],"picked":"Amplify","floor":16.0},{"not_picked":["Steam","Stack+1","Beam Cell+1"],"picked":"Redo+1","floor":18.0},{"not_picked":["Turbo","Force Field","Seek"],"picked":"Hologram","floor":21.0},{"not_picked":["Turbo","Rebound","Stack+1"],"picked":"Glacier","floor":22}],"player_experience":1078742,"relics_obtained":[{"floor":11.0,"key":"Question Card"},{"floor":12.0,"key":"Centennial Puzzle"},{"floor":14.0,"key":"Shuriken"}],"event_choices":[{"damage_healed":0.0,"max_hp_gain":0.0,"max_hp_loss":0.0,"gold_gain":175.0,"event_name":"Liars Game","player_choice":"AGREE","floor":3.0,"gold_loss":0.0,"damage_taken":0.0,"cards_obtained":["Doubt"]},{"damage_healed":0.0,"max_hp_gain":0.0,"max_hp_loss":0.0,"gold_gain":0.0,"event_name":"Big Fish","player_choice":"Box","floor":4.0,"gold_loss":0.0,"damage_taken":0.0,"relics_obtained":["Blue Candle"],"cards_obtained":["Regret"]},{"cards_removed":["Strike_B"],"damage_healed":0.0,"max_hp_gain":0.0,"max_hp_loss":0.0,"gold_gain":0.0,"event_name":"The Cleric","player_choice":"Card Removal","floor":8.0,"gold_loss":50.0,"damage_taken":0.0},{"damage_healed":0.0,"max_hp_gain":0.0,"max_hp_loss":0.0,"gold_gain":275.0,"event_name":"Golden Shrine","player_choice":"Desecrate","floor":20.0,"gold_loss":0.0,"damage_taken":0.0,"cards_obtained":["Regret"]}],"is_beta":false,"boss_relics":[{"not_picked":["Busted Crown","Runic Pyramid"],"picked":"Astrolabe"}],"items_purged_floors":[],"is_endless":false,"potions_floor_spawned":[1,13,16,21,22],"killed_by":"Book of Stabbing","ascension_level":11}