{"gold_per_floor":[363,363,363,4,37,37,92,92,92,151,118,293,6,46,46,145,145,156,156,207,207,244,244,301,137,182,6,33,85,125,141,141,244,244,261,277,2,127,172,172,198,198,198,226,276,288,60,93,93,93],"floor_reached":50,"playtime":9949,"items_purged":["Doubt"],"score":852,"play_id":"784b5c61-c62a-4c06-b464-369cd082a74b","local_time":"20190706013822","is_ascension_mode":true,"campfire_choices":[{"floor":6.0,"key":"REST"},{"data":"HandOfGreed","floor":8.0,"key":"SMITH"},{"data":"Redo","floor":15.0,"key":"SMITH"},{"data":"Enlightenment","floor":23.0,"key":"SMITH"},{"floor":32.0,"key":"DIG"},{"floor":40.0,"key":"DIG"},{"floor":42.0,"key":"DIG"},{"floor":49,"key":"RECALL"}],"neow_cost":"PERCENT_DAMAGE","seed_source_timestamp":0,"circlet_count":0,"master_deck":["Dualcast","Leap+1","HandOfGreed+1","Redo+1","Rainbow+1","Self Repair","Loop","Coolheaded","Chill+1","Enlightenment+1","Stack","Echo Form","Multi-Cast","Scrape","Stack","Meteor Strike","Cold Snap","Steam+1","Turbo","Undo+1","Defragment","Hologram","Redo","Recycle","BootSequence","FTL","Self Repair","Creative AI","Fusion+1","Core Surge+1","Hyperbeam+1","Conserve Battery","Aggregate+1","Steam Power","Melter+1","Capacitor","Coolheaded+1","Coolheaded+1","Redo+1","Mind Blast","Skim","Loop","Go for the Eyes+1"],"special_seed":0,"relics":["Cracked Core","Potion Belt","MealTicket","Anchor","WingedGreaves","Peace Pipe","Pandora\u0027s Box","Letter Opener","DataDisk","Regal Pillow","Dream Catcher","War Paint","Shuriken","Shovel","Art of War","Astrolabe","Medical Kit","Nunchaku","Dodecahedron","Blood Vial","Kunai","MawBank","Pantograph"],"potions_floor_usage":[48,50,50],"damage_taken":[{"damage":1.0,"enemies":"2 Louse","floor":1.0,"turns":3.0},{"damage":5.0,"enemies":"Small Slimes","floor":5.0,"turns":3.0},{"damage":18.0,"enemies":"Gremlin Nob","floor":7.0,"turns":4.0},{"damage":18.0,"enemies":"Lagavulin","floor":10.0,"turns":7.0},{"damage":2.0,"enemies":"Jaw Worm","floor":14.0,"turns":2.0},{"damage":22.0,"enemies":"Slime Boss","floor":16.0,"turns":9.0},{"damage":0.0,"enemies":"Chosen","floor":18.0,"turns":3.0},{"damage":2.0,"enemies":"3 Byrds","floor":22.0,"turns":4.0},{"damage":7.0,"enemies":"Slavers","floor":24.0,"turns":4.0},{"damage":26.0,"enemies":"Book of Stabbing","floor":28.0,"turns":8.0},{"damage":13.0,"enemies":"Slavers","floor":29.0,"turns":7.0},{"damage":0.0,"enemies":"3 Cultists","floor":30.0,"turns":5.0},{"damage":9.0,"enemies":"Cultist and Chosen","floor":31.0,"turns":6.0},{"damage":13.0,"enemies":"Collector","floor":33.0,"turns":10.0},{"damage":1.0,"enemies":"Orb Walker","floor":35.0,"turns":6.0},{"damage":0.0,"enemies":"3 Shapes","floor":36.0,"turns":4.0},{"damage":21.0,"enemies":"Mind Bloom Boss Battle","floor":38.0,"turns":11.0},{"damage":0.0,"enemies":"Spire Growth","floor":39.0,"turns":8.0},{"damage":46.0,"enemies":"Reptomancer","floor":41.0,"turns":7.0},{"damage":13.0,"enemies":"Nemesis","floor":44.0,"turns":7.0},{"damage":6.0,"enemies":"4 Shapes","floor":45.0,"turns":9.0},{"damage":36,"enemies":"Reptomancer","floor":48,"turns":9},{"damage":72,"enemies":"Donu and Deca","floor":50,"turns":10}],"seed_played":"-7546213765055501016","potions_obtained":[{"floor":1.0,"key":"SpeedPotion"},{"floor":10.0,"key":"SkillPotion"},{"floor":16.0,"key":"AttackPotion"},{"floor":21.0,"key":"Block Potion"},{"floor":21.0,"key":"Explosive Potion"},{"floor":21.0,"key":"Ancient Potion"},{"floor":22.0,"key":"Explosive Potion"},{"floor":29.0,"key":"LiquidBronze"},{"floor":30.0,"key":"Explosive Potion"},{"floor":33.0,"key":"Energy Potion"},{"floor":39.0,"key":"LiquidBronze"},{"floor":44.0,"key":"SteroidPotion"},{"floor":45.0,"key":"SpeedPotion"},{"floor":48,"key":"Fire Potion"}],"is_trial":false,"path_per_floor":["M","?","?","$","M","R","E","R","T","E","$","?","$","M","R","B",null,"M","?","T","?","M","R","E","$","T","$","E","E","M","M","R","B",null,"M","M","$","?","M","R","E","R","T","E","M","?","$","E","R","B"],"character_chosen":"DEFECT","items_purchased":["MealTicket","HandOfGreed","Loop","Coolheaded","Chill","Enlightenment","Block Potion","Explosive Potion","Defragment","Hologram","Redo","War Paint","Medical Kit","Steam Power","Mind Blast","Skim","Loop"],"campfire_rested":1,"item_purchase_floors":[4,4,11,13,13,13,13,13,25,25,27,27,37,37,47,47,47],"current_hp_per_floor":[49,37,22,22,17,39,21,21,21,3,18,18,33,31,31,16,60,60,60,60,60,65,65,65,75,75,75,56,57,57,62,62,63,72,75,75,75,75,75,75,50,50,50,46,56,56,71,44,44,0],"gold":93,"neow_bonus":"TWO_FIFTY_GOLD","is_prod":false,"is_daily":false,"chose_seed":false,"campfire_upgraded":3,"win_rate":0,"timestamp":1562391502,"path_taken":["M","?","?","$","M","R","E","R","T","E","$","?","$","M","R","BOSS","M","?","?","?","?","R","E","$","T","?","E","E","M","M","R","BOSS","M","M","$","?","M","R","E","R","T","E","M","?","$","E","R","BOSS"],"build_version":"2019-07-05","purchased_purges":1,"victory":false,"max_hp_per_floor":[75,75,75,75,75,75,75,75,75,75,75,75,75,75,75,75,75,75,75,75,75,75,75,75,75,75,75,75,75,75,75,75,75,75,75,75,75,75,75,75,75,75,75,75,75,75,75,75,75,75],"card_choices":[{"not_picked":["FTL","Cold Snap"],"picked":"Leap","floor":1.0},{"not_picked":["Gash","Compile Driver"],"picked":"Redo","floor":5.0},{"not_picked":["Streamline","Compile Driver"],"picked":"Rainbow","floor":7.0},{"not_picked":["Leap","Barrage"],"picked":"Self Repair","floor":10.0},{"not_picked":["Compile Driver","Beam Cell"],"picked":"Stack","floor":14.0},{"not_picked":["Rainbow","Amplify"],"picked":"Echo Form","floor":16.0},{"not_picked":["Beam Cell","Sweeping Beam+1"],"picked":"Steam+1","floor":18.0},{"not_picked":["Compile Driver","Barrage"],"picked":"Turbo","floor":22.0},{"not_picked":["Heatsinks","Thunder Strike"],"picked":"Undo+1","floor":24.0},{"not_picked":["Cold Snap","Redo"],"picked":"Recycle","floor":28.0},{"not_picked":["Stack+1","Hello World"],"picked":"BootSequence","floor":29.0},{"not_picked":["Barrage","Compile Driver"],"picked":"FTL","floor":30.0},{"not_picked":["Blizzard+1","Undo"],"picked":"Self Repair","floor":31.0},{"not_picked":["Core Surge","Buffer"],"picked":"Creative AI","floor":33.0},{"not_picked":["Redo","Compile Driver+1"],"picked":"Conserve Battery","floor":35.0},{"not_picked":["Barrage+1","Consume"],"picked":"Aggregate+1","floor":36.0},{"not_picked":["Cold Snap","Beam Cell+1"],"picked":"Melter+1","floor":38.0},{"not_picked":["Glacier","Scrape"],"picked":"Capacitor","floor":39.0},{"not_picked":["Go for the Eyes+1","Barrage+1"],"picked":"Coolheaded+1","floor":41.0},{"not_picked":["Beam Cell+1","Leap+1"],"picked":"Coolheaded+1","floor":44.0},{"not_picked":["Static Discharge","Turbo"],"picked":"Redo+1","floor":45.0},{"not_picked":["Auto Shields+1","Melter"],"picked":"Go for the Eyes+1","floor":48}],"player_experience":797489,"relics_obtained":[{"floor":7.0,"key":"Anchor"},{"floor":9.0,"key":"WingedGreaves"},{"floor":10.0,"key":"Peace Pipe"},{"floor":20.0,"key":"DataDisk"},{"floor":24.0,"key":"Regal Pillow"},{"floor":26.0,"key":"Dream Catcher"},{"floor":28.0,"key":"Shuriken"},{"floor":29.0,"key":"Shovel"},{"floor":32.0,"key":"Art of War"},{"floor":38.0,"key":"Nunchaku"},{"floor":40.0,"key":"Dodecahedron"},{"floor":41.0,"key":"Blood Vial"},{"floor":42.0,"key":"Kunai"},{"floor":44.0,"key":"MawBank"},{"floor":48,"key":"Pantograph"}],"event_choices":[{"damage_healed":0.0,"max_hp_gain":0.0,"max_hp_loss":0.0,"gold_gain":0.0,"event_name":"Scrap Ooze","player_choice":"Success","floor":2.0,"gold_loss":0.0,"damage_taken":12.0,"relics_obtained":["Potion Belt"]},{"damage_healed":0.0,"max_hp_gain":0.0,"max_hp_loss":0.0,"gold_gain":0.0,"event_name":"Shining Light","player_choice":"Entered Light","floor":3.0,"gold_loss":0.0,"damage_taken":15.0,"cards_upgraded":["Leap","Strike_B"]},{"damage_healed":0.0,"max_hp_gain":0.0,"max_hp_loss":0.0,"gold_gain":175.0,"event_name":"Liars Game","player_choice":"AGREE","floor":12.0,"gold_loss":0.0,"damage_taken":0.0,"cards_obtained":["Doubt"]},{"damage_healed":0.0,"max_hp_gain":0.0,"max_hp_loss":0.0,"gold_gain":0.0,"event_name":"The Mausoleum","player_choice":"Opened","floor":19.0,"gold_loss":0.0,"damage_taken":0.0,"relics_obtained":["Letter Opener"]},{"damage_healed":0.0,"max_hp_gain":0.0,"max_hp_loss":0.0,"gold_gain":0.0,"event_name":"Lab","player_choice":"Got Potions","floor":21.0,"gold_loss":0.0,"damage_taken":0.0},{"damage_healed":0.0,"max_hp_gain":0.0,"max_hp_loss":0.0,"gold_gain":0.0,"event_name":"MindBloom","player_choice":"Fight","floor":38.0,"gold_loss":0.0,"damage_taken":0.0},{"cards_removed":["FTL"],"damage_healed":0.0,"max_hp_gain":0.0,"max_hp_loss":0.0,"gold_gain":0.0,"event_name":"Falling","player_choice":"Removed Attack","floor":46.0,"gold_loss":0.0,"damage_taken":0.0}],"is_beta":false,"boss_relics":[{"not_picked":["Runic Dome","Busted Crown"],"picked":"Pandora\u0027s Box"},{"not_picked":["Runic Pyramid","Fusion Hammer"],"picked":"Astrolabe"}],"items_purged_floors":[25],"is_endless":false,"potions_floor_spawned":[1,10,16,22,29,30,33,39,44,45,48],"killed_by":"Donu and Deca","ascension_level":6}