{"gold_per_floor":[114,114,126,99,99,126,126,160,160,173,173,206,206,240,240,366,366,391,404,423,439,463,463],"floor_reached":23,"playtime":2225,"items_purged":[],"score":283,"play_id":"3f967d2d-53be-4f9e-ba61-528afe10c1e1","local_time":"20190609125944","is_ascension_mode":true,"campfire_choices":[{"data":"Neutralize","floor":7,"key":"SMITH"},{"data":"Die Die Die","floor":11,"key":"SMITH"},{"floor":15,"key":"REST"}],"neow_cost":"NONE","seed_source_timestamp":140144762415637,"circlet_count":0,"master_deck":["Defend_G","Defend_G+1","Defend_G+1","Defend_G","Defend_G","Strike_G","Strike_G","Strike_G","Strike_G","Survivor","Neutralize+1","Well Laid Plans","Deflect","Bane","Leg Sweep+1","Blur+1","Die Die Die+1","Deadly Poison+1","Noxious Fumes","Burst+1","Blade Dance+1","Calculated Gamble+1","Choke","Distraction+1","Footwork"],"relics":["Ring of the Snake","NeowsBlessing","Toxic Egg 2","Omamori","Juzu Bracelet","Golden Idol","Anchor","White Beast Statue"],"potions_floor_usage":[8,12,14,20,21,22,23,23],"damage_taken":[{"damage":0,"enemies":"Small Slimes","floor":1,"turns":1},{"damage":0,"enemies":"2 Louse","floor":3,"turns":1},{"damage":0,"enemies":"Gremlin Nob","floor":6,"turns":1},{"damage":20,"enemies":"Lagavulin","floor":8,"turns":10},{"damage":0,"enemies":"Cultist","floor":10,"turns":5},{"damage":6,"enemies":"3 Sentries","floor":12,"turns":11},{"damage":5,"enemies":"Gremlin Nob","floor":14,"turns":5},{"damage":5,"enemies":"The Guardian","floor":16,"turns":11},{"damage":3,"enemies":"Chosen","floor":18,"turns":7},{"damage":6,"enemies":"Spheric Guardian","floor":19,"turns":5},{"damage":27,"enemies":"Snecko","floor":20,"turns":6},{"damage":18,"enemies":"Centurion and Healer","floor":21,"turns":7},{"damage":9,"enemies":"Snake Plant","floor":22,"turns":5},{"damage":14,"enemies":"Gremlin Leader","floor":23,"turns":7}],"seed_played":"-4201000358180891713","potions_obtained":[{"floor":1,"key":"Strength Potion"},{"floor":10,"key":"Dexterity Potion"},{"floor":12,"key":"PowerPotion"},{"floor":18,"key":"Poison Potion"},{"floor":19,"key":"Energy Potion"},{"floor":20,"key":"Weak Potion"},{"floor":21,"key":"Block Potion"},{"floor":22,"key":"Dexterity Potion"}],"is_trial":false,"path_per_floor":["M","?","M","$","?","E","R","E","T","M","R","E","?","E","R","B",null,"M","M","M","M","M","E"],"character_chosen":"THE_SILENT","items_purchased":["Bane"],"campfire_rested":1,"item_purchase_floors":[4],"current_hp_per_floor":[70,56,56,56,56,56,56,36,36,36,36,30,30,25,46,41,70,67,61,34,16,7,0],"gold":463,"neow_bonus":"THREE_ENEMY_KILL","is_prod":false,"is_daily":false,"chose_seed":false,"campfire_upgraded":2,"win_rate":0,"timestamp":1560110384,"path_taken":["M","?","M","$","?","E","R","E","T","?","R","E","?","E","R","BOSS","M","M","M","M","M","E"],"build_version":"2019-01-23","purchased_purges":0,"victory":false,"max_hp_per_floor":[70,70,70,70,70,70,70,70,70,70,70,70,70,70,70,70,70,70,70,70,70,70,70],"card_choices":[{"not_picked":["Catalyst","Quick Slash"],"picked":"Well Laid Plans","floor":1},{"not_picked":["Blade Dance","Slice"],"picked":"Deflect","floor":3},{"not_picked":["Slice","Eviscerate"],"picked":"Leg Sweep","floor":6},{"not_picked":["Distraction+1","Underhanded Strike"],"picked":"Blur+1","floor":8},{"not_picked":["Backstab","Quick Slash"],"picked":"Die Die Die","floor":10},{"not_picked":["Unload","Dodge and Roll+1"],"picked":"Deadly Poison+1","floor":12},{"not_picked":["Sucker Punch","Heel Hook"],"picked":"Noxious Fumes","floor":14},{"not_picked":["Wraith Form v2","Envenom"],"picked":"Burst+1","floor":16},{"not_picked":["Underhanded Strike","Dagger Throw"],"picked":"Blade Dance+1","floor":18},{"not_picked":["PiercingWail+1","Slice"],"picked":"Calculated Gamble+1","floor":19},{"not_picked":["Backstab+1","Eviscerate"],"picked":"Choke","floor":20},{"not_picked":["Cloak And Dagger+1","Dagger Throw"],"picked":"Distraction+1","floor":21},{"not_picked":["Acrobatics+1","Dagger Throw"],"picked":"Footwork","floor":22}],"player_experience":514372,"relics_obtained":[{"floor":6,"key":"Toxic Egg 2"},{"floor":8,"key":"Omamori"},{"floor":12,"key":"Juzu Bracelet"},{"floor":14,"key":"Anchor"}],"event_choices":[{"damage_healed":0,"gold_gain":0,"player_choice":"Entered Light","damage_taken":14,"max_hp_gain":0,"max_hp_loss":0,"event_name":"Shining Light","floor":2,"gold_loss":0,"cards_upgraded":["Defend_G","Defend_G"]},{"cards_removed":["Strike_G"],"damage_healed":0,"gold_gain":0,"player_choice":"Purged","damage_taken":0,"max_hp_gain":0,"max_hp_loss":0,"event_name":"Purifier","floor":5,"gold_loss":0},{"damage_healed":0,"gold_gain":0,"player_choice":"Take Wound","damage_taken":0,"relics_obtained":["Golden Idol"],"max_hp_gain":0,"max_hp_loss":0,"event_name":"Golden Idol","floor":13,"gold_loss":0,"cards_obtained":["Injury"]}],"is_beta":false,"boss_relics":[{"not_picked":["Fusion Hammer","Velvet Choker"],"picked":"White Beast Statue"}],"items_purged_floors":[],"is_endless":false,"potions_floor_spawned":[1,10,12,18,19,20,21,22],"killed_by":"Gremlin Leader","ascension_level":3}