{"gold_per_floor":[110,110,110,122,122,122,137,137,137,150,150,42,42,53,53,156,156,168,168,187,207,207,227,255,0,0,0],"floor_reached":27,"playtime":6661,"items_purged":[],"score":248,"play_id":"5e708c1c-f192-4706-b805-21324e9600e0","local_time":"20190511221016","is_ascension_mode":false,"campfire_choices":[{"floor":6,"key":"REST"},{"data":"Cleave","floor":8,"key":"SMITH"},{"data":"Flame Barrier","floor":13,"key":"SMITH"},{"data":"Iron Wave","floor":15,"key":"SMITH"}],"neow_cost":"","seed_source_timestamp":9494163276191,"circlet_count":0,"master_deck":["Defend_R","Defend_R","Defend_R","Defend_R","Bash","Cleave+1","Shrug It Off","Iron Wave+1","Sword Boomerang","Flame Barrier+1","Feel No Pain","Demon Form","Shockwave","Bite","Bite","Bite","Bite","Bite","True Grit","Feel No Pain","Barricade","Rage+1","Fire Breathing","True Grit","Burning Pact","Pummel"],"relics":["Burning Blood","Letter Opener","Philosopher\u0027s Stone","Pen Nib","Happy Flower"],"potions_floor_usage":[16,23,24,24],"damage_taken":[{"damage":22,"enemies":"Small Slimes","floor":1,"turns":5},{"damage":0,"enemies":"2 Louse","floor":4,"turns":3},{"damage":2,"enemies":"Jaw Worm","floor":7,"turns":4},{"damage":4,"enemies":"3 Louse","floor":10,"turns":2},{"damage":13,"enemies":"Lots of Slimes","floor":14,"turns":3},{"damage":45,"enemies":"The Guardian","floor":16,"turns":12},{"damage":28,"enemies":"Spheric Guardian","floor":18,"turns":5},{"damage":2,"enemies":"Chosen","floor":20,"turns":6},{"damage":25,"enemies":"Centurion and Healer","floor":21,"turns":8},{"damage":32,"enemies":"Snecko","floor":23,"turns":5},{"damage":35,"enemies":"Slavers","floor":24,"turns":4},{"damage":23,"enemies":"Snake Plant","floor":27,"turns":4}],"seed_played":"-9044174051541622189","potions_obtained":[{"floor":4,"key":"Regen Potion"},{"floor":14,"key":"Explosive Potion"},{"floor":16,"key":"Energy Potion"},{"floor":20,"key":"Explosive Potion"}],"is_trial":false,"path_per_floor":["M","?","?","M","?","R","M","R","T","M","?","$","R","M","R","B",null,"M","?","M","M","?","M","E","$","T","M"],"character_chosen":"IRONCLAD","items_purchased":["Sword Boomerang","Flame Barrier","Fire Breathing","True Grit","Burning Pact","Pummel"],"campfire_rested":1,"item_purchase_floors":[12,12,25,25,25,25],"current_hp_per_floor":[64,69,69,75,58,83,85,85,85,85,85,85,85,78,78,39,85,63,59,59,48,53,39,16,16,16,0],"gold":0,"neow_bonus":"","is_prod":false,"is_daily":false,"chose_seed":false,"campfire_upgraded":3,"win_rate":0.0,"timestamp":1557637816,"path_taken":["M","?","?","M","?","R","M","R","T","M","?","$","R","M","R","BOSS","M","?","M","M","?","?","E","?","T","M"],"build_version":"2019-01-23","purchased_purges":0,"victory":false,"max_hp_per_floor":[80,85,85,85,85,85,85,85,85,85,85,85,85,85,85,85,85,85,59,59,59,59,59,59,59,59,59],"card_choices":[{"not_picked":["Clash","Thunderclap"],"picked":"Cleave","floor":1},{"not_picked":["Burning Pact","Dual Wield"],"picked":"Shrug It Off","floor":4},{"not_picked":["Second Wind","Clash"],"picked":"Iron Wave","floor":7},{"not_picked":["Flex","Dropkick"],"picked":"Anger","floor":10},{"not_picked":["Uppercut","Sword Boomerang"],"picked":"Feel No Pain","floor":14},{"not_picked":["Barricade","Brutality"],"picked":"Demon Form","floor":16},{"not_picked":["Clothesline","Flex+1"],"picked":"Shockwave","floor":18},{"not_picked":["Clothesline","Anger+1"],"picked":"True Grit","floor":20},{"not_picked":["Uppercut","Metallicize"],"picked":"Feel No Pain","floor":21},{"not_picked":["Thunderclap","Body Slam"],"picked":"Barricade","floor":23},{"not_picked":["Sword Boomerang","Twin Strike"],"picked":"Rage+1","floor":24}],"player_experience":0,"relics_obtained":[{"floor":9,"key":"Letter Opener"},{"floor":24,"key":"Pen Nib"},{"floor":26,"key":"Happy Flower"}],"event_choices":[{"damage_healed":0,"gold_gain":0,"player_choice":"Donut","damage_taken":0,"max_hp_gain":5,"max_hp_loss":0,"event_name":"Big Fish","floor":2,"gold_loss":0},{"damage_healed":0,"gold_gain":0,"player_choice":"Ignored","damage_taken":0,"max_hp_gain":0,"max_hp_loss":0,"event_name":"Golden Idol","floor":3,"gold_loss":0},{"damage_healed":0,"gold_gain":0,"player_choice":"Entered Light","damage_taken":17,"max_hp_gain":0,"max_hp_loss":0,"event_name":"Shining Light","floor":5,"gold_loss":0,"cards_upgraded":["Strike_R","Strike_R"]},{"damage_healed":0,"gold_gain":0,"player_choice":"Ignored","damage_taken":0,"max_hp_gain":0,"max_hp_loss":0,"event_name":"Liars Game","floor":11,"gold_loss":0},{"damage_healed":0,"gold_gain":0,"player_choice":"Became a vampire","damage_taken":0,"max_hp_gain":0,"max_hp_loss":26,"event_name":"Vampires","floor":19,"gold_loss":0,"cards_obtained":["Bite","Bite","Bite","Bite","Bite"]},{"cards_removed":["Anger"],"damage_healed":5,"gold_gain":0,"player_choice":"Offered Common","damage_taken":0,"max_hp_gain":0,"max_hp_loss":0,"event_name":"Bonfire Elementals","floor":22,"gold_loss":0},{"cards_removed":["Anger"],"damage_healed":5,"gold_gain":0,"player_choice":"Offered Special","damage_taken":0,"max_hp_gain":0,"max_hp_loss":0,"event_name":"Bonfire Elementals","floor":22,"gold_loss":0}],"is_beta":false,"boss_relics":[{"not_picked":["Coffee Dripper","Mark of Pain"],"picked":"Philosopher\u0027s Stone"}],"items_purged_floors":[],"is_endless":false,"potions_floor_spawned":[4,14,16,20],"killed_by":"Snake Plant","ascension_level":0}