{"gold_per_floor":[115,41,61,25,25,25,52,52,76,110,120,174,184,218,218,218],"floor_reached":16,"playtime":1971,"items_purged":[],"score":172,"play_id":"46d5c1e4-c0f6-4223-964a-122f162175e0","local_time":"20190604231839","is_ascension_mode":true,"campfire_choices":[{"data":"Searing Blow","floor":6,"key":"SMITH"},{"data":"Searing Blow+1","floor":8,"key":"SMITH"},{"floor":15,"key":"REST"}],"neow_cost":"NONE","seed_source_timestamp":104940388317061,"circlet_count":0,"master_deck":["Strike_R","Strike_R","Strike_R","Strike_R","Strike_R","Defend_R","Defend_R","Defend_R","Defend_R","Bash","Thunderclap","Searing Blow+2","Disarm","Bloodletting","Exhume","Body Slam","Entrench","Spot Weakness"],"relics":["Burning Blood","NeowsBlessing","Potion Belt","Pen Nib","PreservedInsect","Centennial Puzzle","Frozen Egg 2"],"potions_floor_usage":[14],"damage_taken":[{"damage":0,"enemies":"Cultist","floor":1,"turns":1},{"damage":0,"enemies":"Jaw Worm","floor":3,"turns":1},{"damage":0,"enemies":"Gremlin Nob","floor":7,"turns":1},{"damage":47,"enemies":"3 Sentries","floor":10,"turns":8},{"damage":10,"enemies":"Small Slimes","floor":11,"turns":3},{"damage":11,"enemies":"Looter","floor":13,"turns":3},{"damage":11,"enemies":"Lagavulin","floor":14,"turns":6},{"damage":54,"enemies":"Slime Boss","floor":16,"turns":7}],"seed_played":"-776846930152512406","potions_obtained":[{"floor":13,"key":"Dexterity Potion"}],"is_trial":false,"path_per_floor":["M","?","M","$","$","R","E","R","T","E","M","T","M","E","R","B"],"character_chosen":"IRONCLAD","items_purchased":["Disarm"],"campfire_rested":1,"item_purchase_floors":[4],"current_hp_per_floor":[80,80,80,80,80,80,80,80,80,39,35,35,30,25,49,0],"gold":218,"neow_bonus":"THREE_ENEMY_KILL","is_prod":false,"is_daily":false,"chose_seed":false,"campfire_upgraded":2,"win_rate":0,"timestamp":1559715519,"path_taken":["M","?","M","?","$","R","E","R","T","E","M","?","?","E","R","BOSS"],"build_version":"2019-01-23","purchased_purges":0,"victory":false,"max_hp_per_floor":[80,80,80,80,80,80,80,80,80,80,80,80,80,80,80,80],"card_choices":[{"not_picked":["Armaments","Blood for Blood"],"picked":"Thunderclap","floor":1},{"not_picked":["Carnage","Clothesline"],"picked":"Searing Blow","floor":3},{"not_picked":["Twin Strike","Shrug It Off"],"picked":"Bloodletting","floor":7},{"not_picked":["Flex","Body Slam"],"picked":"Exhume","floor":10},{"not_picked":["Bloodletting","Carnage"],"picked":"Body Slam","floor":11},{"not_picked":["Wild Strike","Headbutt"],"picked":"Entrench","floor":13},{"not_picked":["Second Wind","Pummel"],"picked":"Spot Weakness","floor":14}],"player_experience":417200,"relics_obtained":[{"floor":7,"key":"Pen Nib"},{"floor":9,"key":"PreservedInsect"},{"floor":10,"key":"Centennial Puzzle"},{"floor":14,"key":"Frozen Egg 2"}],"event_choices":[{"damage_healed":0,"gold_gain":0,"player_choice":"Paid Gold","damage_taken":0,"relics_obtained":["Potion Belt"],"max_hp_gain":0,"max_hp_loss":0,"event_name":"WeMeetAgain","floor":2,"gold_loss":74}],"is_beta":false,"boss_relics":[],"items_purged_floors":[],"is_endless":false,"potions_floor_spawned":[13],"killed_by":"Slime Boss","ascension_level":4}