{"gold_per_floor":[368,368,30,30,40,74,249,281,281,281,281,316,330,346,346,449,449,459,459,22,22,63,63,82,82,82,82,95,95,136,148,148,278,278,315,392,392,4,4,4,31,31,31,31,49,69,69,69,69,94,94,94,1,30,30],"floor_reached":55,"playtime":5218,"items_purged":["Regret","Defend_R"],"score":868,"play_id":"3ea88345-9cf5-4949-9e24-1b18d63c7289","local_time":"20190603121602","is_ascension_mode":true,"campfire_choices":[{"data":"Doubt","floor":11.0,"key":"PURGE"},{"floor":15.0,"key":"REST"},{"data":"Defend_R","floor":23.0,"key":"PURGE"},{"data":"HandOfGreed","floor":25.0,"key":"SMITH"},{"data":"Strike_R","floor":27.0,"key":"PURGE"},{"data":"Strike_R","floor":29.0,"key":"PURGE"},{"data":"Fire Breathing","floor":32.0,"key":"SMITH"},{"data":"Feed","floor":40.0,"key":"SMITH"},{"data":"Strike_R","floor":42.0,"key":"PURGE"},{"data":"Pain","floor":44.0,"key":"PURGE"},{"floor":47.0,"key":"RECALL"},{"data":"Bash","floor":49.0,"key":"SMITH"},{"data":"Evolve","floor":52.0,"key":"SMITH"}],"neow_cost":"TEN_PERCENT_HP_LOSS","seed_source_timestamp":0,"circlet_count":0,"master_deck":["Bash+1","True Grit+1","Immolate","Spot Weakness+1","Berserk","Armaments+1","Spot Weakness+1","Armaments+1","Limit Break+1","Warcry+1","HandOfGreed+1","True Grit+1","Ghostly+1","Ghostly+1","Ghostly+1","Ghostly+1","Ghostly+1","Flex+1","Heavy Blade+1","Berserk","Fire Breathing+1","Feed+1","Whirlwind","Flex+1","Intimidate+1","Evolve+1","Warcry+1","Immolate","Madness+1","Dark Embrace"],"special_seed":0,"relics":["Burning Blood","FossilizedHelix","Toxic Egg 2","Anchor","Question Card","Peace Pipe","Pen Nib","Empty Cage","Sundial","Cursed Key","WingedGreaves","Unceasing Top","Shuriken","Orichalcum","Gremlin Horn"],"potions_floor_usage":[55],"damage_taken":[{"damage":1.0,"enemies":"Cultist","floor":1.0,"turns":3.0},{"damage":7.0,"enemies":"2 Louse","floor":5.0,"turns":3.0},{"damage":33.0,"enemies":"Gremlin Nob","floor":6.0,"turns":5.0},{"damage":11.0,"enemies":"3 Sentries","floor":8.0,"turns":6.0},{"damage":9.0,"enemies":"Gremlin Nob","floor":12.0,"turns":4.0},{"damage":0.0,"enemies":"Jaw Worm","floor":13.0,"turns":2.0},{"damage":0.0,"enemies":"Large Slime","floor":14.0,"turns":4.0},{"damage":19.0,"enemies":"Hexaghost","floor":16.0,"turns":8.0},{"damage":28.0,"enemies":"Shell Parasite","floor":18.0,"turns":5.0},{"damage":6.0,"enemies":"Chosen","floor":22.0,"turns":8.0},{"damage":0.0,"enemies":"Centurion and Healer","floor":24.0,"turns":7.0},{"damage":1.0,"enemies":"3 Cultists","floor":28.0,"turns":6.0},{"damage":1.0,"enemies":"Snecko","floor":30.0,"turns":5.0},{"damage":1.0,"enemies":"Centurion and Healer","floor":31.0,"turns":6.0},{"damage":3.0,"enemies":"Automaton","floor":33.0,"turns":8.0},{"damage":2.0,"enemies":"3 Shapes","floor":35.0,"turns":4.0},{"damage":12.0,"enemies":"2 Orb Walkers","floor":36.0,"turns":4.0},{"damage":0.0,"enemies":"Reptomancer","floor":41.0,"turns":6.0},{"damage":0.0,"enemies":"3 Darklings","floor":45.0,"turns":3.0},{"damage":0.0,"enemies":"Writhing Mass","floor":46.0,"turns":5.0},{"damage":60.0,"enemies":"Awakened One","floor":50.0,"turns":8.0},{"damage":18.0,"enemies":"Shield and Spear","floor":54.0,"turns":6.0},{"damage":71,"enemies":"The Heart","floor":55,"turns":3}],"seed_played":"6798302678622355414","potions_obtained":[{"floor":6.0,"key":"Strength Potion"},{"floor":8.0,"key":"Swift Potion"},{"floor":10.0,"key":"Strength Potion"},{"floor":10.0,"key":"FairyPotion"},{"floor":13.0,"key":"SkillPotion"},{"floor":16.0,"key":"Weak Potion"},{"floor":18.0,"key":"Weak Potion"},{"floor":24.0,"key":"Fire Potion"},{"floor":31.0,"key":"LiquidBronze"},{"floor":33.0,"key":"Dexterity Potion"},{"floor":36.0,"key":"Poison Potion"},{"floor":46.0,"key":"Strength Potion"}],"is_trial":false,"path_per_floor":["M","?","$","?","M","E","?","E","T","?","R","E","M","M","R","B",null,"M","?","$","?","M","R","M","R","T","R","M","R","M","M","R","B",null,"M","?","?","$","?","R","E","R","T","R","M","M","R","?","R","B",null,"R","$","E","B"],"character_chosen":"IRONCLAD","items_purchased":["Toxic Egg 2","True Grit+1","Sundial","HandOfGreed","True Grit+1","Unceasing Top","Madness+1"],"campfire_rested":1,"item_purchase_floors":[3,3,20,20,20,38,53],"current_hp_per_floor":[72,72,72,72,71,44,44,39,39,39,39,36,42,48,69,56,72,50,37,37,37,37,37,38,38,38,38,38,38,38,38,38,38,38,41,35,35,35,35,35,41,41,41,41,41,41,41,41,41,10,41,41,41,29,0],"gold":30,"neow_bonus":"TWO_FIFTY_GOLD","is_prod":false,"is_daily":false,"chose_seed":false,"campfire_upgraded":5,"win_rate":0,"timestamp":1559589362,"path_taken":["M","?","$","?","?","E","?","E","T","?","R","E","?","M","R","BOSS","M","?","$","?","M","R","M","R","T","R","M","R","M","M","R","BOSS","M","?","?","$","?","R","E","R","T","R","M","?","R","?","R","BOSS","R","$","E","BOSS"],"build_version":"2019-01-23","purchased_purges":2,"victory":false,"max_hp_per_floor":[72,72,72,72,72,72,72,72,72,72,72,72,72,72,72,72,72,72,77,77,38,38,38,38,38,38,38,38,38,38,38,38,38,38,41,41,41,41,41,41,41,41,41,41,41,41,41,41,41,41,41,41,41,41,41],"card_choices":[{"not_picked":["Wild Strike","Warcry"],"picked":"Headbutt","floor":1.0},{"not_picked":["Pommel Strike","Anger"],"picked":"Immolate","floor":5.0},{"not_picked":["Inflame","Feel No Pain"],"picked":"Spot Weakness+1","floor":6.0},{"not_picked":["Iron Wave","Rage+1"],"picked":"Berserk","floor":8.0},{"not_picked":["Warcry+1","Carnage","Wild Strike"],"picked":"Armaments+1","floor":12.0},{"not_picked":["Sentinel+1","Reckless Charge","Metallicize"],"picked":"Spot Weakness+1","floor":13.0},{"not_picked":["Wild Strike","True Grit+1","Sentinel+1"],"picked":"Armaments+1","floor":14.0},{"not_picked":["Fiend Fire","Exhume+1","Double Tap+1"],"picked":"Limit Break+1","floor":16.0},{"not_picked":["Shrug It Off+1","Clash","Entrench+1"],"picked":"Warcry+1","floor":18.0},{"not_picked":["Sword Boomerang","Second Wind+1","Warcry+1"],"picked":"Flex+1","floor":22.0},{"not_picked":["Searing Blow","Intimidate+1","Shrug It Off+1"],"picked":"Heavy Blade+1","floor":24.0},{"not_picked":["Twin Strike+1","Heavy Blade","Body Slam+1"],"picked":"Headbutt","floor":28.0},{"not_picked":["Armaments+1","Corruption","Clothesline"],"picked":"Berserk","floor":30.0},{"not_picked":["Anger","Headbutt+1","Iron Wave"],"picked":"Fire Breathing","floor":31.0},{"not_picked":["Demon Form","Exhume+1","Reaper"],"picked":"Feed","floor":33.0},{"not_picked":["Heavy Blade","Armaments+1","Pommel Strike"],"picked":"Whirlwind","floor":35.0},{"not_picked":["Anger","Wild Strike","Pommel Strike"],"picked":"Flex+1","floor":36.0},{"not_picked":["Cleave","Twin Strike","Anger"],"picked":"Intimidate+1","floor":41.0},{"not_picked":["Dropkick+1","Clothesline","Battle Trance+1"],"picked":"Evolve","floor":45.0},{"not_picked":["Feel No Pain","Pommel Strike","Iron Wave"],"picked":"Warcry+1","floor":46.0},{"not_picked":["Searing Blow+1","Rage+1","Pommel Strike"],"picked":"Dark Embrace","floor":54.0}],"player_experience":388561,"relics_obtained":[{"floor":6.0,"key":"Anchor"},{"floor":8.0,"key":"Question Card"},{"floor":9.0,"key":"Peace Pipe"},{"floor":12.0,"key":"Pen Nib"},{"floor":36.0,"key":"WingedGreaves"},{"floor":41.0,"key":"Shuriken"},{"floor":43.0,"key":"Orichalcum"},{"floor":54.0,"key":"Gremlin Horn"}],"event_choices":[{"damage_healed":0.0,"max_hp_gain":0.0,"max_hp_loss":0.0,"gold_gain":0.0,"event_name":"Big Fish","player_choice":"Box","floor":2.0,"gold_loss":0.0,"damage_taken":0.0,"relics_obtained":["FossilizedHelix"],"cards_obtained":["Regret"]},{"cards_removed":["Headbutt"],"damage_healed":5.0,"max_hp_gain":0.0,"max_hp_loss":0.0,"gold_gain":0.0,"event_name":"Bonfire Elementals","player_choice":"Offered Common","floor":4.0,"gold_loss":0.0,"damage_taken":0.0},{"cards_removed":["Headbutt"],"damage_healed":5.0,"max_hp_gain":0.0,"max_hp_loss":0.0,"gold_gain":0.0,"event_name":"Bonfire Elementals","player_choice":"Offered Special","floor":4.0,"gold_loss":0.0,"damage_taken":0.0},{"damage_healed":0.0,"max_hp_gain":0.0,"max_hp_loss":0.0,"gold_gain":175.0,"event_name":"Liars Game","player_choice":"AGREE","floor":7.0,"gold_loss":0.0,"damage_taken":0.0,"cards_obtained":["Doubt"]},{"damage_healed":0.0,"max_hp_gain":0.0,"max_hp_loss":0.0,"gold_gain":0.0,"event_name":"Lab","player_choice":"Got Potions","floor":10.0,"gold_loss":0.0,"damage_taken":0.0},{"damage_healed":0.0,"max_hp_gain":5.0,"max_hp_loss":0.0,"gold_gain":0.0,"event_name":"Forgotten Altar","player_choice":"Shed Blood","floor":19.0,"gold_loss":0.0,"damage_taken":18.0},{"damage_healed":0.0,"max_hp_gain":0.0,"max_hp_loss":39.0,"gold_gain":0.0,"event_name":"Ghosts","player_choice":"Became a Ghost","floor":21.0,"gold_loss":0.0,"damage_taken":0.0,"cards_obtained":["Ghostly","Ghostly","Ghostly","Ghostly","Ghostly"]},{"damage_healed":0.0,"max_hp_gain":0.0,"max_hp_loss":0.0,"gold_gain":0.0,"event_name":"Mysterious Sphere","player_choice":"Fight","floor":36.0,"gold_loss":0.0,"damage_taken":0.0},{"cards_removed":["Headbutt"],"damage_healed":0.0,"max_hp_gain":0.0,"max_hp_loss":0.0,"gold_gain":0.0,"event_name":"Falling","player_choice":"Removed Attack","floor":37.0,"gold_loss":0.0,"damage_taken":0.0},{"cards_removed":["Defend_R"],"damage_healed":0.0,"max_hp_gain":0.0,"max_hp_loss":0.0,"gold_gain":0.0,"event_name":"Purifier","player_choice":"Purged","floor":39.0,"gold_loss":0.0,"damage_taken":0.0},{"damage_healed":0.0,"max_hp_gain":0.0,"max_hp_loss":0.0,"gold_gain":0.0,"cards_transformed":["Defend_R"],"event_name":"Transmorgrifier","player_choice":"Transformed","floor":48.0,"gold_loss":0.0,"damage_taken":0.0,"cards_obtained":["Immolate"]}],"is_beta":false,"boss_relics":[{"not_picked":["Runic Dome","Eternal Feather"],"picked":"Empty Cage"},{"not_picked":["Black Star","Snecko Eye"],"picked":"Cursed Key"}],"items_purged_floors":[3,38],"is_endless":false,"potions_floor_spawned":[6,8,13,16,18,24,31,33,36,45,46],"killed_by":"The Heart","ascension_level":3}