{"gold_per_floor":[114,64,14,29,29,29,44,82,82,113,113,138,138,157,157,285,285,304,322,322,322,10,43,43,76,99,99,13,13,138,178,178,298,298,317,341,41,166,166,205,205,224,247,247,7,30,30,49,49,49,49,49,9,44,44],"floor_reached":56,"playtime":8706,"items_purged":["Shame","Shame"],"score":1643,"play_id":"706e24f1-95be-48a2-9260-a2acbdea1094","local_time":"20190715210055","is_ascension_mode":true,"campfire_choices":[{"data":"Feed","floor":6.0,"key":"SMITH"},{"floor":11.0,"key":"REST"},{"data":"Offering","floor":13.0,"key":"SMITH"},{"floor":15.0,"key":"REST"},{"floor":24.0,"key":"REST"},{"data":"Armaments","floor":29.0,"key":"SMITH"},{"data":"1","floor":32,"key":"LIFT"},{"data":"2","floor":41,"key":"LIFT"},{"data":"3","floor":44,"key":"LIFT"},{"floor":47,"key":"REST"},{"floor":49,"key":"RECALL"},{"data":"Brutality","floor":52,"key":"SMITH"}],"neow_cost":"CURSE","seed_source_timestamp":0,"circlet_count":0,"master_deck":["Strike_R","Strike_R","Strike_R","Strike_R","Strike_R","Defend_R","Defend_R","Defend_R","Defend_R","Bash","Feed+1","Pummel","Armaments+1","Spot Weakness","Spot Weakness","Offering+1","Cleave","Ghostly Armor","Shockwave","Blood for Blood","Headbutt","Brutality+1","Injury","Intimidate","Feel No Pain","Dramatic Entrance","Heavy Blade","Seeing Red+1","Havoc","True Grit+1","Battle Trance","Disarm+1","Brutality","Reaper","Immolate","Intimidate+1","Sentinel+1","Feel No Pain","Headbutt","Thunderclap","Offering+1","Armaments+1","Warcry+1","Secret Weapon+1","Warcry+1","Warcry+1","Second Wind+1","Sword Boomerang+1","Sever Soul","Sentinel+1"],"special_seed":0,"relics":["Burning Blood","Golden Idol","Ornamental Fan","Bottled Lightning","Dream Catcher","Calling Bell","Happy Flower","Pear","Incense Burner","Toolbox","Anchor","Dead Branch","Smiling Mask","Matryoshka","Girya","Toxic Egg 2","Ancient Tea Set","Orrery","Frozen Eye","FossilizedHelix","Bag of Marbles","Bag of Preparation","Boot"],"potions_floor_usage":[30,31,40,55,55,55],"damage_taken":[{"damage":10.0,"enemies":"Small Slimes","floor":1.0,"turns":5.0},{"damage":1.0,"enemies":"2 Louse","floor":4.0,"turns":2.0},{"damage":7.0,"enemies":"Jaw Worm","floor":7.0,"turns":2.0},{"damage":28.0,"enemies":"Gremlin Nob","floor":8.0,"turns":4.0},{"damage":48.0,"enemies":"Lagavulin","floor":10.0,"turns":6.0},{"damage":10.0,"enemies":"2 Fungi Beasts","floor":12.0,"turns":3.0},{"damage":16.0,"enemies":"Exordium Wildlife","floor":14.0,"turns":3.0},{"damage":33.0,"enemies":"Slime Boss","floor":16.0,"turns":6.0},{"damage":15.0,"enemies":"Chosen","floor":18.0,"turns":4.0},{"damage":29.0,"enemies":"2 Thieves","floor":19.0,"turns":4.0},{"damage":24.0,"enemies":"Gremlin Leader","floor":23.0,"turns":5.0},{"damage":15.0,"enemies":"Slavers","floor":25.0,"turns":3.0},{"damage":7,"enemies":"Colosseum Slavers","floor":30,"turns":4},{"damage":12,"enemies":"Colosseum Nobs","floor":30,"turns":3},{"damage":32,"enemies":"Gremlin Leader","floor":31,"turns":6},{"damage":48,"enemies":"Champ","floor":33,"turns":6},{"damage":11,"enemies":"3 Shapes","floor":35,"turns":4},{"damage":15,"enemies":"Orb Walker","floor":36,"turns":3},{"damage":18,"enemies":"Mind Bloom Boss Battle","floor":38,"turns":6},{"damage":49,"enemies":"Nemesis","floor":40,"turns":5},{"damage":10,"enemies":"Writhing Mass","floor":42,"turns":4},{"damage":0,"enemies":"Jaw Worm Horde","floor":46,"turns":1},{"damage":0,"enemies":"Sphere and 2 Shapes","floor":48,"turns":1},{"damage":51,"enemies":"Donu and Deca","floor":50,"turns":7},{"damage":10,"enemies":"Shield and Spear","floor":54,"turns":2},{"damage":164,"enemies":"The Heart","floor":55,"turns":8}],"seed_played":"-4796314206332686327","potions_obtained":[{"floor":8.0,"key":"Strength Potion"},{"floor":10.0,"key":"SteroidPotion"},{"floor":14.0,"key":"SteroidPotion"},{"floor":16.0,"key":"SpeedPotion"},{"floor":19.0,"key":"BloodPotion"},{"floor":25.0,"key":"EssenceOfSteel"},{"floor":31,"key":"Poison Potion"},{"floor":33,"key":"EssenceOfSteel"},{"floor":35,"key":"GamblersBrew"},{"floor":42,"key":"BloodPotion"}],"is_trial":false,"path_per_floor":["M","?","$","M","?","R","M","E","T","E","R","M","R","M","R","B",null,"M","M","?","?","$","E","R","E","T","?","$","R","?","E","R","B",null,"M","M","$","?","?","E","R","M","T","R","$","M","R","M","R","B",null,"R","$","E","B",null],"character_chosen":"IRONCLAD","items_purchased":["Armaments","Toolbox","Dramatic Entrance","Heavy Blade","Battle Trance","Frozen Eye","Thunderclap","Secret Weapon+1","Warcry+1","Sever Soul"],"campfire_rested":4,"item_purchase_floors":[3,22,22,22,28,37,37,45,45,53],"current_hp_per_floor":[71,71,71,80,80,80,83,65,65,23,49,49,49,43,72,49,98,93,70,70,70,70,52,86,81,81,81,81,81,82,87,87,45,107,106,97,97,106,106,75,75,86,86,86,86,126,139,139,139,126,139,139,139,139,81],"gold":44,"neow_bonus":"THREE_RARE_CARDS","is_prod":false,"is_daily":false,"chose_seed":false,"campfire_upgraded":4,"win_rate":0,"timestamp":1563238855,"path_taken":["M","?","$","M","?","R","M","E","T","E","R","M","R","M","R","BOSS","M","M","?","?","$","E","R","E","T","?","?","R","?","E","R","BOSS","M","M","$","?","?","E","R","M","T","R","$","M","R","M","R","BOSS","R","$","E","BOSS"],"build_version":"2019-07-05","purchased_purges":2,"victory":true,"max_hp_per_floor":[83,83,83,87,81,81,85,89,89,89,89,93,93,97,97,101,111,115,115,115,115,115,115,115,119,119,119,119,119,127,127,127,127,127,131,131,131,131,131,135,135,135,135,135,135,139,139,139,139,143,143,143,143,147,147],"card_choices":[{"not_picked":["Fiend Fire","Offering"],"picked":"Feed","floor":0.0},{"not_picked":["Pommel Strike","Body Slam"],"picked":"Pummel","floor":1.0},{"not_picked":["Cleave","Perfected Strike"],"picked":"Spot Weakness","floor":4.0},{"not_picked":["Headbutt","Wild Strike"],"picked":"Spot Weakness","floor":7.0},{"not_picked":["Sever Soul","Limit Break"],"picked":"Offering","floor":8.0},{"not_picked":["Clash","Twin Strike"],"picked":"Cleave","floor":10.0},{"not_picked":["Sword Boomerang","Flex"],"picked":"Ghostly Armor","floor":11.0},{"not_picked":["Pommel Strike","Iron Wave"],"picked":"Shockwave","floor":12.0},{"not_picked":["Dropkick","Pommel Strike"],"picked":"Blood for Blood","floor":14.0},{"not_picked":["Wild Strike","Iron Wave"],"picked":"Headbutt","floor":15.0},{"not_picked":["Demon Form","Double Tap"],"picked":"Brutality","floor":16.0},{"not_picked":["Clothesline+1","Pommel Strike"],"picked":"Intimidate","floor":18.0},{"not_picked":["Clash+1","Shrug It Off"],"picked":"Feel No Pain","floor":19.0},{"not_picked":["Dual Wield","Clash"],"picked":"Seeing Red+1","floor":23.0},{"not_picked":["Clash","Iron Wave"],"picked":"Havoc","floor":24.0},{"not_picked":["Wild Strike+1","Clash"],"picked":"True Grit+1","floor":25.0},{"not_picked":["Sword Boomerang+1","Armaments"],"picked":"Disarm","floor":30},{"not_picked":["Rampage","Iron Wave+1"],"picked":"Brutality","floor":31},{"not_picked":["Brutality","Limit Break+1"],"picked":"Reaper","floor":33},{"not_picked":["Clash","Armaments+1"],"picked":"Immolate","floor":34},{"not_picked":["Armaments+1","Pommel Strike"],"picked":"Intimidate+1","floor":34},{"not_picked":["Wild Strike","Warcry+1"],"picked":"Sentinel+1","floor":34},{"not_picked":["Demon Form","Cleave+1"],"picked":"Feel No Pain","floor":35},{"not_picked":["Pommel Strike+1","Dropkick"],"picked":"Headbutt","floor":36},{"not_picked":["Body Slam+1","Perfected Strike+1"],"picked":"Armaments+1","floor":40},{"not_picked":["Heavy Blade","Reckless Charge"],"picked":"Warcry+1","floor":42},{"not_picked":["Wild Strike","Power Through+1"],"picked":"Warcry+1","floor":46},{"not_picked":["Hemokinesis+1","Bludgeon"],"picked":"Second Wind+1","floor":47},{"not_picked":["Iron Wave","Clothesline"],"picked":"Sword Boomerang+1","floor":48},{"not_picked":["Body Slam+1","Sword Boomerang"],"picked":"Sentinel+1","floor":54}],"player_experience":940138,"relics_obtained":[{"floor":8.0,"key":"Ornamental Fan"},{"floor":9.0,"key":"Bottled Lightning"},{"floor":10.0,"key":"Dream Catcher"},{"floor":17.0,"key":"Happy Flower"},{"floor":17.0,"key":"Pear"},{"floor":17.0,"key":"Incense Burner"},{"floor":23.0,"key":"Anchor"},{"floor":25.0,"key":"Dead Branch"},{"floor":26.0,"key":"Smiling Mask"},{"floor":30,"key":"Girya"},{"floor":30,"key":"Toxic Egg 2"},{"floor":31,"key":"Ancient Tea Set"},{"floor":38,"key":"FossilizedHelix"},{"floor":40,"key":"Bag of Marbles"},{"floor":43,"key":"Bag of Preparation"},{"floor":54,"key":"Boot"}],"event_choices":[{"cards_removed":["Shame"],"damage_healed":0.0,"max_hp_gain":0.0,"max_hp_loss":0.0,"gold_gain":0.0,"event_name":"The Cleric","player_choice":"Card Removal","floor":2.0,"gold_loss":50.0,"damage_taken":0.0},{"damage_healed":0.0,"max_hp_gain":0.0,"max_hp_loss":6.0,"gold_gain":0.0,"event_name":"Golden Idol","player_choice":"Lose Max HP","floor":5.0,"gold_loss":0.0,"damage_taken":0.0,"relics_obtained":["Golden Idol"]},{"damage_healed":0.0,"max_hp_gain":0.0,"max_hp_loss":0.0,"gold_gain":0.0,"event_name":"Ghosts","player_choice":"Ignored","floor":20.0,"gold_loss":0.0,"damage_taken":0.0},{"cards_removed":["Normality"],"damage_healed":0.0,"max_hp_gain":0.0,"max_hp_loss":0.0,"gold_gain":0.0,"event_name":"Back to Basics","player_choice":"Elegance","floor":21.0,"gold_loss":0.0,"damage_taken":0.0},{"damage_healed":0.0,"max_hp_gain":0.0,"max_hp_loss":0.0,"gold_gain":0.0,"event_name":"Addict","player_choice":"Stole Relic","floor":27.0,"gold_loss":0.0,"damage_taken":0.0,"relics_obtained":["Matryoshka"],"cards_obtained":["Shame"]},{"damage_healed":0,"gold_gain":0,"player_choice":"Fight","damage_taken":0,"max_hp_gain":0,"max_hp_loss":0,"event_name":"Colosseum","floor":30,"gold_loss":0},{"damage_healed":0,"gold_gain":0,"player_choice":"Fought Nobs","damage_taken":0,"max_hp_gain":0,"max_hp_loss":0,"event_name":"Colosseum","floor":30,"gold_loss":0},{"damage_healed":0,"gold_gain":0,"player_choice":"Fight","damage_taken":0,"max_hp_gain":0,"max_hp_loss":0,"event_name":"MindBloom","floor":38,"gold_loss":0},{"damage_healed":0,"gold_gain":0,"player_choice":"Copied","damage_taken":0,"max_hp_gain":0,"max_hp_loss":0,"event_name":"Duplicator","floor":39,"gold_loss":0,"cards_obtained":["Offering"]}],"is_beta":false,"boss_relics":[{"not_picked":["Runic Dome","Fusion Hammer"],"picked":"Calling Bell"},{"not_picked":["Tiny House","Velvet Choker"],"picked":"Orrery"}],"items_purged_floors":[28,37],"is_endless":false,"potions_floor_spawned":[8,10,14,16,19,25,31,33,35,38,42],"ascension_level":7}