{"gold_per_floor":[115,129,142,153,169,169,194,194,194,207,240,257,7,17,17,119,119,153,170,170,181,196,209,209,244,321,336,27,46,66,66],"floor_reached":31,"playtime":2869,"items_purged":[],"score":327,"play_id":"ab1f2733-5e05-48d0-b48c-0715b5062237","local_time":"20191020173627","is_ascension_mode":false,"campfire_choices":[{"data":"Well Laid Plans","floor":6,"key":"SMITH"},{"data":"Skewer","floor":8,"key":"SMITH"},{"data":"Infinite Blades","floor":15,"key":"SMITH"},{"floor":24,"key":"REST"}],"neow_cost":"NONE","seed_source_timestamp":109169613162400,"circlet_count":0,"master_deck":["Strike_G","Strike_G","Strike_G","Strike_G","Strike_G","Defend_G","Defend_G","Defend_G","Defend_G","Defend_G","Survivor","Neutralize","Dash","Well Laid Plans+1","Flying Knee","Malaise","Skewer+1","Dagger Throw","Backflip","Eviscerate","Predator","Infinite Blades+1","Transmutation","Terror","Burst","Underhanded Strike","Prepared","Neutralize","Underhanded Strike","Enlightenment","Infinite Blades","Underhanded Strike","Crippling Poison+1","Finisher","Noxious Fumes+1","Prepared+1","Blade Dance"],"relics":["Ring of the Snake","Blood Vial","Calipers","Ninja Scroll","Potion Belt","WristBlade","Mango","Letter Opener","Gambling Chip"],"potions_floor_usage":[16,16,16,16,16,16,16,23,27,29],"damage_taken":[{"damage":2,"enemies":"Cultist","floor":1,"turns":4},{"damage":0,"enemies":"Small Slimes","floor":2,"turns":4},{"damage":0,"enemies":"Jaw Worm","floor":3,"turns":4},{"damage":1,"enemies":"Large Slime","floor":4,"turns":6},{"damage":7,"enemies":"3 Louse","floor":5,"turns":4},{"damage":8,"enemies":"Gremlin Nob","floor":7,"turns":5},{"damage":0,"enemies":"2 Fungi Beasts","floor":10,"turns":2},{"damage":18,"enemies":"3 Sentries","floor":11,"turns":7},{"damage":0,"enemies":"Looter","floor":12,"turns":2},{"damage":0,"enemies":"3 Louse","floor":14,"turns":2},{"damage":16,"enemies":"Hexaghost","floor":16,"turns":4},{"damage":18,"enemies":"3 Byrds","floor":18,"turns":6},{"damage":20,"enemies":"2 Thieves","floor":19,"turns":4},{"damage":3,"enemies":"Snecko","floor":21,"turns":3},{"damage":20,"enemies":"Sentry and Sphere","floor":22,"turns":5},{"damage":7,"enemies":"Centurion and Healer","floor":23,"turns":4},{"damage":20,"enemies":"Book of Stabbing","floor":25,"turns":8},{"damage":22,"enemies":"Snake Plant","floor":27,"turns":4},{"damage":2,"enemies":"Snecko","floor":29,"turns":4},{"damage":2,"enemies":"Centurion and Healer","floor":30,"turns":4}],"seed_played":"8737628948767658578","potions_obtained":[{"floor":1,"key":"SteroidPotion"},{"floor":2,"key":"SteroidPotion"},{"floor":5,"key":"EntropicBrew"},{"floor":11,"key":"Fire Potion"},{"floor":12,"key":"Poison Potion"},{"floor":18,"key":"Swift Potion"},{"floor":21,"key":"Fire Potion"},{"floor":25,"key":"Poison Potion"},{"floor":27,"key":"SpeedPotion"}],"is_trial":false,"path_per_floor":["M","M","M","M","M","R","E","R","T","M","E","M","$","M","R","B",null,"M","M","?","M","M","M","R","E","T","M","$","M","M","?"],"character_chosen":"THE_SILENT","items_purchased":["Infinite Blades","Transmutation","Gambling Chip"],"campfire_rested":1,"item_purchase_floors":[13,13,28],"current_hp_per_floor":[68,70,70,69,63,63,57,57,57,59,43,45,45,47,47,33,70,52,34,34,33,15,10,31,27,27,7,7,7,7,0],"gold":66,"neow_bonus":"RANDOM_COMMON_RELIC","is_prod":false,"is_daily":false,"chose_seed":false,"campfire_upgraded":3,"win_rate":0.0,"timestamp":1571607387,"path_taken":["M","M","M","M","M","R","E","R","T","M","E","?","$","M","R","BOSS","M","M","?","M","M","M","R","E","T","M","?","M","M","?"],"build_version":"2019-07-17","purchased_purges":0,"victory":false,"max_hp_per_floor":[70,70,70,70,70,70,70,70,70,70,70,70,70,70,70,70,70,70,70,70,70,70,70,70,84,84,84,84,84,84,89],"card_choices":[{"not_picked":["Leg Sweep","Backflip"],"picked":"Dash","floor":1},{"not_picked":["Terror","Bane"],"picked":"Well Laid Plans","floor":2},{"not_picked":["Tactician","Calculated Gamble"],"picked":"Flying Knee","floor":3},{"not_picked":["Distraction","Underhanded Strike"],"picked":"Malaise","floor":4},{"not_picked":["Reflex","Masterful Stab"],"picked":"Skewer","floor":5},{"not_picked":["Skewer","Poisoned Stab"],"picked":"Dagger Throw","floor":7},{"not_picked":["Masterful Stab","PiercingWail"],"picked":"Backflip","floor":10},{"not_picked":["Sucker Punch","Leg Sweep"],"picked":"Eviscerate","floor":11},{"not_picked":["Flechettes","Doppelganger"],"picked":"Predator","floor":12},{"not_picked":["Bouncing Flask","Heel Hook"],"picked":"Terror","floor":14},{"not_picked":["Corpse Explosion","Doppelganger"],"picked":"Burst","floor":16},{"not_picked":["Bane+1","Slice"],"picked":"Underhanded Strike","floor":18},{"not_picked":["Underhanded Strike","Dagger Spray"],"picked":"Prepared","floor":19},{"not_picked":["Choke","Tactician"],"picked":"Infinite Blades","floor":21},{"not_picked":["Poisoned Stab","Bane"],"picked":"Underhanded Strike","floor":22},{"not_picked":["Doppelganger","Dagger Spray"],"picked":"Crippling Poison+1","floor":23},{"not_picked":["Underhanded Strike+1","Well Laid Plans"],"picked":"Finisher","floor":25},{"not_picked":["Deflect","Flying Knee"],"picked":"Noxious Fumes+1","floor":27},{"not_picked":["Bouncing Flask","Outmaneuver+1"],"picked":"Prepared+1","floor":29},{"not_picked":["Poisoned Stab+1","Well Laid Plans+1"],"picked":"Blade Dance","floor":30}],"player_experience":20035,"relics_obtained":[{"floor":7,"key":"Calipers"},{"floor":9,"key":"Ninja Scroll"},{"floor":11,"key":"Potion Belt"},{"floor":25,"key":"Mango"},{"floor":26,"key":"Letter Opener"}],"event_choices":[{"damage_healed":0,"gold_gain":0,"player_choice":"3 cards matched","damage_taken":0,"max_hp_gain":0,"max_hp_loss":0,"event_name":"Match and Keep!","floor":20,"gold_loss":0,"cards_obtained":["Neutralize","Underhanded Strike","Enlightenment"]},{"damage_healed":0,"gold_gain":0,"player_choice":"3 cards matched","damage_taken":0,"max_hp_gain":0,"max_hp_loss":0,"event_name":"Match and Keep!","floor":20,"gold_loss":0,"cards_obtained":["Neutralize","Underhanded Strike","Enlightenment"]}],"is_beta":false,"boss_relics":[{"not_picked":["Empty Cage","Tiny House"],"picked":"WristBlade"}],"items_purged_floors":[],"is_endless":false,"potions_floor_spawned":[1,2,5,10,11,12,18,21,25,27],"ascension_level":0}