{"gold_per_floor":[114,114,127,141,141,169,169,203,203,216,216,216,230,230,230,328,328,317,333,189,189,201,22,22,32,32,59,59,93,112,211,211,314,314,328,328,328,328,346,372,383,383,383,398,410,443,843,153,153,153],"floor_reached":51,"playtime":5332,"items_purged":["Defend_G","Defend_G","Strike_G"],"score":755,"play_id":"6e67345d-2db3-4c48-a3c8-845346e33e87","local_time":"20191021123721","is_ascension_mode":false,"campfire_choices":[{"data":"Blade Dance","floor":7.0,"key":"SMITH"},{"data":"Neutralize","floor":12.0,"key":"SMITH"},{"floor":15.0,"key":"REST"},{"data":"Terror","floor":24.0,"key":"SMITH"},{"data":"Acrobatics","floor":28.0,"key":"SMITH"},{"data":"Cloak And Dagger","floor":32.0,"key":"SMITH"},{"data":"Prepared","floor":42,"key":"SMITH"},{"data":"Madness","floor":49,"key":"SMITH"}],"neow_cost":"NONE","seed_source_timestamp":0,"circlet_count":0,"master_deck":["Strike_G","Strike_G+1","Defend_G+1","Defend_G+1","Survivor","Neutralize+1","Blade Dance+1","Blade Dance+1","Sucker Punch","Sucker Punch","After Image+1","Acrobatics+1","Sucker Punch","Wraith Form v2+1","PiercingWail","Accuracy+1","Terror+1","Accuracy+1","Cloak And Dagger+1","Accuracy+1","Cloak And Dagger+1","A Thousand Cuts+1","Prepared+1","Enlightenment","Madness+1","Crippling Poison+1","Choke+1","Accuracy+1","Accuracy+1"],"special_seed":0,"relics":["Ring of the Snake","Pen Nib","Frozen Egg 2","War Paint","Empty Cage","GremlinMask","Meat on the Bone","Dream Catcher","Potion Belt","WristBlade","Matryoshka","Kunai","Molten Egg 2","Du-Vu Doll","Old Coin","Sling","Strawberry","Ancient Tea Set"],"potions_floor_usage":[50,50],"damage_taken":[{"damage":0.0,"enemies":"2 Louse","floor":1.0,"turns":3.0},{"damage":0.0,"enemies":"Small Slimes","floor":3.0,"turns":3.0},{"damage":0.0,"enemies":"Cultist","floor":4.0,"turns":3.0},{"damage":21.0,"enemies":"3 Sentries","floor":6.0,"turns":11.0},{"damage":26.0,"enemies":"Lagavulin","floor":8.0,"turns":7.0},{"damage":0.0,"enemies":"Looter","floor":10.0,"turns":3.0},{"damage":0.0,"enemies":"Gremlin Gang","floor":13.0,"turns":5.0},{"damage":24.0,"enemies":"The Guardian","floor":16.0,"turns":19.0},{"damage":3.0,"enemies":"2 Thieves","floor":18.0,"turns":4.0},{"damage":0.0,"enemies":"Chosen","floor":19.0,"turns":6.0},{"damage":1.0,"enemies":"Snecko","floor":22.0,"turns":7.0},{"damage":3.0,"enemies":"Snake Plant","floor":25.0,"turns":4.0},{"damage":7.0,"enemies":"Gremlin Leader","floor":27.0,"turns":5.0},{"damage":18.0,"enemies":"Book of Stabbing","floor":29.0,"turns":6.0},{"damage":12.0,"enemies":"Chosen and Byrds","floor":30.0,"turns":4.0},{"damage":4.0,"enemies":"Automaton","floor":33.0,"turns":6.0},{"damage":27.0,"enemies":"3 Darklings","floor":35.0,"turns":3.0},{"damage":13.0,"enemies":"3 Shapes","floor":39.0,"turns":4.0},{"damage":10,"enemies":"Giant Head","floor":40,"turns":8},{"damage":3,"enemies":"Transient","floor":41,"turns":5},{"damage":10,"enemies":"Jaw Worm Horde","floor":44,"turns":4},{"damage":15,"enemies":"Maw","floor":45,"turns":6},{"damage":11,"enemies":"Nemesis","floor":46,"turns":7},{"damage":0,"enemies":"Mind Bloom Boss Battle","floor":47,"turns":3},{"damage":30,"enemies":"Donu and Deca","floor":50,"turns":5}],"seed_played":"7837449811852337864","potions_obtained":[{"floor":1.0,"key":"Dexterity Potion"},{"floor":6.0,"key":"Energy Potion"},{"floor":10.0,"key":"LiquidBronze"},{"floor":16.0,"key":"Regen Potion"},{"floor":18.0,"key":"Block Potion"},{"floor":22.0,"key":"GhostInAJar"},{"floor":27.0,"key":"GhostInAJar"},{"floor":29.0,"key":"EssenceOfSteel"},{"floor":30.0,"key":"SpeedPotion"},{"floor":33.0,"key":"GamblersBrew"},{"floor":40,"key":"GamblersBrew"},{"floor":41,"key":"Dexterity Potion"},{"floor":46,"key":"Weak Potion"}],"is_trial":false,"path_per_floor":["M","?","M","M","?","E","R","E","T","M","?","R","M","?","R","B",null,"M","M","$","?","M","$","R","M","T","E","R","E","M","?","R","B",null,"M","?","?","?","M","E","M","R","T","M","M","E","?","$","R","B",null],"character_chosen":"THE_SILENT","items_purchased":["Accuracy+1","Accuracy+1","Accuracy+1","Sling","Strawberry","Ancient Tea Set"],"campfire_rested":1,"item_purchase_floors":[20,23,48,48,48,48],"current_hp_per_floor":[70,56,56,56,56,35,35,9,9,9,26,26,26,26,46,22,67,64,64,64,64,63,63,63,60,60,53,53,35,35,35,35,43,67,40,40,32,32,43,45,42,42,42,44,41,42,42,49,49,31],"gold":153,"neow_bonus":"TRANSFORM_CARD","is_prod":false,"is_daily":false,"chose_seed":false,"campfire_upgraded":7,"win_rate":0.0,"timestamp":1571675841,"path_taken":["M","?","M","M","?","E","R","E","T","M","?","R","M","?","R","BOSS","M","M","?","?","M","$","R","?","T","E","R","E","M","?","R","BOSS","M","?","?","?","M","E","?","R","T","M","M","E","?","$","R","BOSS"],"build_version":"2019-07-17","purchased_purges":3,"victory":true,"max_hp_per_floor":[70,70,70,70,70,70,70,70,70,70,70,70,70,67,67,67,67,67,67,67,67,67,67,67,67,67,67,67,67,67,67,67,67,67,67,67,67,67,67,67,67,67,67,67,67,67,67,74,74,74],"card_choices":[{"not_picked":["Leg Sweep","Deflect"],"picked":"Blade Dance","floor":1.0},{"not_picked":["Backflip","Bane"],"picked":"Sucker Punch","floor":3.0},{"not_picked":["Slice","Deflect","Dagger Throw"],"picked":"SKIP","floor":4.0},{"not_picked":["Dagger Throw","Heel Hook"],"picked":"Sucker Punch","floor":6.0},{"not_picked":["Expertise","Bouncing Flask"],"picked":"After Image","floor":8.0},{"not_picked":["Quick Slash","Dagger Spray"],"picked":"Acrobatics","floor":10.0},{"not_picked":["Distraction","Deadly Poison"],"picked":"Sucker Punch","floor":13.0},{"not_picked":["Envenom+1","Night Terror"],"picked":"Wraith Form v2+1","floor":16.0},{"not_picked":["Flechettes+1","Quick Slash+1"],"picked":"PiercingWail","floor":18.0},{"not_picked":["Endless Agony","Backflip","Flechettes"],"picked":"SKIP","floor":19.0},{"not_picked":["Dagger Spray","Footwork+1"],"picked":"Terror","floor":22.0},{"not_picked":["Distraction","Poisoned Stab"],"picked":"Cloak And Dagger+1","floor":25.0},{"not_picked":["Dodge and Roll","Escape Plan"],"picked":"Accuracy+1","floor":27.0},{"not_picked":["Noxious Fumes+1","Bullet Time"],"picked":"Cloak And Dagger","floor":29.0},{"not_picked":["Flying Knee","Dodge and Roll","Poisoned Stab+1"],"picked":"SKIP","floor":30.0},{"not_picked":["Tools of the Trade+1","Corpse Explosion"],"picked":"A Thousand Cuts+1","floor":33.0},{"not_picked":["Bouncing Flask+1","Backflip"],"picked":"Prepared","floor":35.0},{"not_picked":["Forethought","Apotheosis"],"picked":"Enlightenment","floor":36.0},{"not_picked":["Quick Slash+1","Masterful Stab+1","Underhanded Strike"],"picked":"SKIP","floor":39.0},{"not_picked":["Outmaneuver+1","Deadly Poison","Dagger Spray"],"picked":"SKIP","floor":40},{"not_picked":["Flechettes","Caltrops+1"],"picked":"Crippling Poison+1","floor":41},{"not_picked":["Dodge and Roll","Crippling Poison+1"],"picked":"Choke+1","floor":44},{"not_picked":["Flying Knee+1","Underhanded Strike+1","Outmaneuver"],"picked":"SKIP","floor":45},{"not_picked":["Glass Knife+1","Sucker Punch+1"],"picked":"Accuracy+1","floor":46}],"player_experience":41310,"relics_obtained":[{"floor":6.0,"key":"Pen Nib"},{"floor":8.0,"key":"Frozen Egg 2"},{"floor":9.0,"key":"War Paint"},{"floor":26.0,"key":"Meat on the Bone"},{"floor":27.0,"key":"Dream Catcher"},{"floor":29.0,"key":"Potion Belt"},{"floor":40,"key":"Matryoshka"},{"floor":43,"key":"Kunai"},{"floor":43,"key":"Molten Egg 2"},{"floor":46,"key":"Du-Vu Doll"},{"floor":47,"key":"Old Coin"}],"event_choices":[{"damage_healed":0.0,"max_hp_gain":0.0,"max_hp_loss":0.0,"gold_gain":0.0,"event_name":"Shining Light","player_choice":"Entered Light","floor":2.0,"gold_loss":0.0,"damage_taken":14.0,"cards_upgraded":["Strike_G","Defend_G"]},{"damage_healed":0.0,"max_hp_gain":0.0,"max_hp_loss":0.0,"gold_gain":0.0,"event_name":"Golden Idol","player_choice":"Ignored","floor":5.0,"gold_loss":0.0,"damage_taken":0.0},{"damage_healed":17.0,"max_hp_gain":0.0,"max_hp_loss":0.0,"gold_gain":0.0,"event_name":"Mushrooms","player_choice":"Healed and dodged fight","floor":11.0,"gold_loss":0.0,"damage_taken":0.0,"cards_obtained":["Parasite"]},{"cards_removed":["Parasite"],"damage_healed":0.0,"max_hp_gain":0.0,"max_hp_loss":0.0,"gold_gain":0.0,"event_name":"Fountain of Cleansing","player_choice":"Removed Curses","floor":14.0,"gold_loss":0.0,"damage_taken":0.0},{"damage_healed":0.0,"max_hp_gain":0.0,"max_hp_loss":0.0,"gold_gain":0.0,"event_name":"FaceTrader","player_choice":"Trade","floor":21.0,"gold_loss":0.0,"damage_taken":0.0,"relics_obtained":["GremlinMask"]},{"damage_healed":0.0,"max_hp_gain":0.0,"max_hp_loss":0.0,"gold_gain":99.0,"event_name":"Nest","player_choice":"Stole From Cult","floor":31.0,"gold_loss":0.0,"damage_taken":0.0},{"damage_healed":0.0,"max_hp_gain":0.0,"max_hp_loss":0.0,"gold_gain":0.0,"event_name":"SensoryStone","player_choice":"Memory 1","floor":36.0,"gold_loss":0.0,"damage_taken":0.0},{"damage_healed":0.0,"max_hp_gain":0.0,"max_hp_loss":0.0,"gold_gain":0.0,"event_name":"Winding Halls","player_choice":"Embrace Madness","floor":37.0,"gold_loss":0.0,"damage_taken":8.0,"cards_obtained":["Madness","Madness"]},{"cards_removed":["Madness"],"damage_healed":0.0,"max_hp_gain":0.0,"max_hp_loss":0.0,"gold_gain":0.0,"event_name":"Falling","player_choice":"Removed Skill","floor":38.0,"gold_loss":0.0,"damage_taken":0.0},{"damage_healed":0,"gold_gain":0,"player_choice":"Fight","damage_taken":0,"max_hp_gain":0,"max_hp_loss":0,"event_name":"MindBloom","floor":47,"gold_loss":0}],"is_beta":false,"boss_relics":[{"not_picked":["Orrery","Runic Dome"],"picked":"Empty Cage"},{"not_picked":["Philosopher\u0027s Stone","Lizard Tail"],"picked":"WristBlade"}],"items_purged_floors":[20,23,48],"is_endless":false,"potions_floor_spawned":[1,6,10,16,18,22,27,29,30,33,40,41,46],"ascension_level":0}