{"gold_per_floor":[117,292,33,33,46,46,87,87,135,155,155,198,198,217,217,306,306,324,35,35,35,54,54,89,89,89,129,129,165,180,196,196,294,294,312,331,396,415,430,430,465,465,465,7,48,73,73,108,108,108,108,108,28,28],"floor_reached":54,"playtime":14932,"items_purged":["Doubt"],"score":1547,"play_id":"e3e55750-bef1-4368-905b-798dfb25fc0b","local_time":"20190903183733","is_ascension_mode":true,"campfire_choices":[{"data":"Zap","floor":6.0,"key":"SMITH"},{"data":"Defragment","floor":8.0,"key":"SMITH"},{"data":"Self Repair","floor":11.0,"key":"SMITH"},{"data":"Lockon","floor":13.0,"key":"SMITH"},{"floor":15.0,"key":"REST"},{"data":"Dualcast","floor":23.0,"key":"SMITH"},{"data":"Hologram","floor":25.0,"key":"SMITH"},{"data":"Heatsinks","floor":28.0,"key":"SMITH"},{"data":"Consume","floor":32.0,"key":"SMITH"},{"data":"Redo","floor":40,"key":"SMITH"},{"data":"Amplify","floor":42,"key":"SMITH"},{"floor":49,"key":"RECALL"},{"data":"Hologram","floor":52,"key":"SMITH"}],"neow_cost":"NONE","seed_source_timestamp":0,"circlet_count":0,"master_deck":["AscendersBane","Defend_B","Defend_B","Defend_B","Defend_B","Zap+1","Dualcast+1","White Noise","Lockon+1","Injury","Defragment+1","Self Repair+1","Turbo","Gash+1","Coolheaded","All For One+1","Defragment+1","Go for the Eyes+1","Bite+1","Bite+1","Bite+1","Bite+1","Bite+1","Defragment+1","Heatsinks+1","Hologram+1","Glacier","Hyperbeam+1","Stack","Consume+1","Creative AI","Turbo","Loop","Redo+1","Beam Cell+1","Glacier","Amplify+1","Hologram+1","Body Slam+1","Escape Plan+1","Electrodynamics","Loop"],"special_seed":0,"relics":["FrozenCore","NeowsBlessing","Vajra","Golden Idol","Symbiotic Virus","Centennial Puzzle","Incense Burner","Inserter","Molten Egg 2","Bottled Flame","Gambling Chip","Bronze Scales","Emotion Chip","Whetstone","Pantograph","Shuriken","PrismaticShard","Bag of Marbles","Torii","Juzu Bracelet"],"potions_floor_usage":[39],"damage_taken":[{"damage":0.0,"enemies":"2 Louse","floor":1.0,"turns":1.0},{"damage":0.0,"enemies":"Small Slimes","floor":5.0,"turns":1.0},{"damage":0.0,"enemies":"Lagavulin","floor":7.0,"turns":1.0},{"damage":7.0,"enemies":"Jaw Worm","floor":10.0,"turns":2.0},{"damage":25.0,"enemies":"3 Sentries","floor":12.0,"turns":5.0},{"damage":17.0,"enemies":"Exordium Thugs","floor":14.0,"turns":4.0},{"damage":34.0,"enemies":"Slime Boss","floor":16.0,"turns":6.0},{"damage":10.0,"enemies":"Chosen","floor":18.0,"turns":4.0},{"damage":19.0,"enemies":"Shell Parasite","floor":22.0,"turns":3.0},{"damage":0.0,"enemies":"Gremlin Leader","floor":24.0,"turns":5.0},{"damage":20.0,"enemies":"Book of Stabbing","floor":27.0,"turns":3.0},{"damage":19.0,"enemies":"Slavers","floor":29.0,"turns":4.0},{"damage":1.0,"enemies":"Centurion and Healer","floor":30.0,"turns":3.0},{"damage":12.0,"enemies":"Cultist and Chosen","floor":31.0,"turns":4.0},{"damage":48.0,"enemies":"Collector","floor":33.0,"turns":8.0},{"damage":18.0,"enemies":"3 Shapes","floor":35.0,"turns":6.0},{"damage":17.0,"enemies":"3 Darklings","floor":36.0,"turns":5.0},{"damage":39.0,"enemies":"2 Orb Walkers","floor":37.0,"turns":4.0},{"damage":0,"enemies":"Sphere and 2 Shapes","floor":38,"turns":3},{"damage":17,"enemies":"Jaw Worm Horde","floor":39,"turns":7},{"damage":0,"enemies":"Giant Head","floor":41,"turns":9},{"damage":8,"enemies":"Nemesis","floor":45,"turns":6},{"damage":0,"enemies":"Maw","floor":46,"turns":8},{"damage":9,"enemies":"Giant Head","floor":48,"turns":6},{"damage":48,"enemies":"Donu and Deca","floor":50,"turns":9},{"damage":49,"enemies":"Shield and Spear","floor":54,"turns":2}],"seed_played":"4603035624943486777","potions_obtained":[{"floor":5.0,"key":"Poison Potion"},{"floor":7.0,"key":"EssenceOfSteel"},{"floor":10.0,"key":"Explosive Potion"},{"floor":16.0,"key":"Dexterity Potion"},{"floor":27.0,"key":"SkillPotion"},{"floor":31.0,"key":"Dexterity Potion"},{"floor":36.0,"key":"GamblersBrew"},{"floor":37.0,"key":"SteroidPotion"},{"floor":46,"key":"Energy Potion"},{"floor":48,"key":"LiquidBronze"}],"is_trial":false,"path_per_floor":["M","?","$","?","M","R","E","R","T","M","R","E","R","M","R","B",null,"M","$","?","?","M","R","E","R","T","E","R","E","M","M","R","B",null,"M","M","?","M","M","R","E","R","T","$","E","M","T","E","R","B",null,"R","$","E"],"character_chosen":"DEFECT","items_purchased":["Lockon","Vajra","Molten Egg 2","Go for the Eyes+1","Shuriken","PrismaticShard","Hologram","Loop"],"campfire_rested":1,"item_purchase_floors":[3,3,19,19,44,44,44,53],"current_hp_per_floor":[64,64,64,64,64,64,64,64,64,57,57,42,42,25,46,22,59,59,59,49,49,33,33,49,49,49,29,29,32,37,44,44,29,44,48,44,17,23,31,31,49,49,49,49,49,49,49,49,49,23,43,43,43,0],"gold":28,"neow_bonus":"THREE_ENEMY_KILL","is_prod":false,"is_daily":false,"chose_seed":false,"campfire_upgraded":11,"win_rate":0,"timestamp":1567550253,"path_taken":["M","?","$","?","M","R","E","R","T","M","R","E","R","M","R","BOSS","M","$","?","?","?","R","E","R","T","E","R","E","M","M","R","BOSS","M","M","?","M","M","R","E","R","T","$","E","M","?","E","R","BOSS","R","$","E"],"build_version":"2019-07-17","purchased_purges":1,"victory":false,"max_hp_per_floor":[71,71,71,71,71,71,71,71,71,71,71,71,71,71,71,71,71,71,71,49,49,49,49,49,49,49,49,49,49,49,49,49,49,49,49,49,49,49,49,49,49,49,49,49,49,49,49,49,49,49,49,49,49,49],"card_choices":[{"not_picked":["Stack","Steam Power"],"picked":"White Noise","floor":1.0},{"not_picked":["Compile Driver","Steam"],"picked":"Defragment","floor":5.0},{"not_picked":["FTL","Conserve Battery"],"picked":"Self Repair","floor":7.0},{"not_picked":["Sweeping Beam","Go for the Eyes"],"picked":"Turbo","floor":10.0},{"not_picked":["Hologram","All For One"],"picked":"Gash","floor":12.0},{"not_picked":["Static Discharge","Fusion"],"picked":"Coolheaded","floor":14.0},{"not_picked":["Meteor Strike","Fission"],"picked":"All For One","floor":16.0},{"not_picked":["Turbo","Rip and Tear"],"picked":"Defragment+1","floor":18.0},{"not_picked":["Turbo","Compile Driver+1"],"picked":"Heatsinks","floor":22.0},{"not_picked":["Force Field","Hyperbeam+1"],"picked":"Hologram","floor":24.0},{"not_picked":["Turbo","Force Field"],"picked":"Glacier","floor":27.0},{"not_picked":["Stack","Aggregate"],"picked":"Hyperbeam+1","floor":29.0},{"not_picked":["Hologram","Sweeping Beam+1"],"picked":"Stack","floor":30.0},{"not_picked":["Core Surge+1","Turbo"],"picked":"Consume","floor":31.0},{"not_picked":["Fission","Hyperbeam+1"],"picked":"Creative AI","floor":33.0},{"not_picked":["Stack","Beam Cell+1"],"picked":"Turbo","floor":35.0},{"not_picked":["Barrage+1","Coolheaded"],"picked":"Loop","floor":36.0},{"not_picked":["Glacier","Consume"],"picked":"Redo","floor":37.0},{"not_picked":["Leap+1","Loop"],"picked":"Beam Cell+1","floor":38},{"not_picked":["Coolheaded","Sweeping Beam+1"],"picked":"Glacier","floor":39},{"not_picked":["Ball Lightning+1","Conserve Battery"],"picked":"Amplify","floor":41},{"not_picked":["Havoc+1","Infernal Blade"],"picked":"Body Slam+1","floor":45},{"not_picked":["Blood for Blood+1","Wild Strike+1"],"picked":"Escape Plan+1","floor":46},{"not_picked":["Rebound+1","Twin Strike+1"],"picked":"Electrodynamics","floor":48}],"player_experience":1290708,"relics_obtained":[{"floor":7.0,"key":"Symbiotic Virus"},{"floor":9.0,"key":"Centennial Puzzle"},{"floor":12.0,"key":"Incense Burner"},{"floor":24.0,"key":"Bottled Flame"},{"floor":27.0,"key":"Gambling Chip"},{"floor":29.0,"key":"Bronze Scales"},{"floor":37.0,"key":"Emotion Chip"},{"floor":41,"key":"Whetstone"},{"floor":43,"key":"Pantograph"},{"floor":45,"key":"Bag of Marbles"},{"floor":47,"key":"Torii"},{"floor":48,"key":"Juzu Bracelet"}],"event_choices":[{"damage_healed":0.0,"max_hp_gain":0.0,"max_hp_loss":0.0,"gold_gain":175.0,"event_name":"Liars Game","player_choice":"AGREE","floor":2.0,"gold_loss":0.0,"damage_taken":0.0,"cards_obtained":["Doubt"]},{"damage_healed":0.0,"max_hp_gain":0.0,"max_hp_loss":0.0,"gold_gain":0.0,"event_name":"Golden Idol","player_choice":"Take Wound","floor":4.0,"gold_loss":0.0,"damage_taken":0.0,"relics_obtained":["Golden Idol"],"cards_obtained":["Injury"]},{"damage_healed":0.0,"max_hp_gain":0.0,"max_hp_loss":22.0,"gold_gain":0.0,"event_name":"Vampires","player_choice":"Became a vampire","floor":20.0,"gold_loss":0.0,"damage_taken":0.0,"cards_obtained":["Bite","Bite","Bite","Bite","Bite"]},{"damage_healed":0.0,"max_hp_gain":0.0,"max_hp_loss":0.0,"gold_gain":0.0,"event_name":"Duplicator","player_choice":"Copied","floor":21.0,"gold_loss":0.0,"damage_taken":0.0,"cards_obtained":["Defragment"]},{"damage_healed":0.0,"max_hp_gain":0.0,"max_hp_loss":0.0,"gold_gain":0.0,"event_name":"Mysterious Sphere","player_choice":"Fight","floor":37.0,"gold_loss":0.0,"damage_taken":0.0}],"is_beta":false,"boss_relics":[{"not_picked":["Black Star","Sozu"],"picked":"Inserter"},{"not_picked":["Busted Crown","Calling Bell"],"picked":"FrozenCore"}],"items_purged_floors":[3],"is_endless":false,"potions_floor_spawned":[5,7,10,16,22,27,31,36,37,38,46,48],"killed_by":"Shield and Spear","ascension_level":14}