{"gold_per_floor":[165,165,240,240,255,285,285,304,304,304,120,155,5,35,35,137,137,156,168,183,70,70,103,103,103],"floor_reached":25,"playtime":2689,"items_purged":[],"score":379,"play_id":"3d4762c6-9d7c-4328-aab5-3bd2c4a0ba57","local_time":"20190711151607","is_ascension_mode":true,"campfire_choices":[{"data":"Self Repair","floor":7.0,"key":"SMITH"},{"data":"Dualcast","floor":10.0,"key":"SMITH"},{"data":"Defragment","floor":15.0,"key":"SMITH"},{"data":"Consume","floor":24,"key":"SMITH"}],"neow_cost":"NONE","seed_source_timestamp":0,"circlet_count":0,"master_deck":["Defend_B+1","Dualcast+1","Self Repair+1","Loop","Doom and Gloom","Capacitor","Conserve Battery","Chill","Genetic Algorithm","Capacitor","Rainbow","Self Repair","Dramatic Entrance","Defragment+1","Meteor Strike","Machine Learning+1","All For One+1","Turbo+1","Hologram","Consume+1","Redo","Capacitor","Go for the Eyes","Bite","Bite","Bite","Bite","Bite","Stack"],"special_seed":0,"relics":["Tiny House","Incense Burner","Sundial","Dead Branch","Bag of Preparation","Centennial Puzzle","Astrolabe","Bag of Marbles"],"potions_floor_usage":[16,16,19,20,23],"damage_taken":[{"damage":7.0,"enemies":"Small Slimes","floor":1.0,"turns":4.0},{"damage":7.0,"enemies":"2 Louse","floor":5.0,"turns":3.0},{"damage":36.0,"enemies":"3 Sentries","floor":6.0,"turns":8.0},{"damage":8.0,"enemies":"Cultist","floor":8.0,"turns":4.0},{"damage":1.0,"enemies":"Gremlin Nob","floor":12.0,"turns":4.0},{"damage":19.0,"enemies":"Lagavulin","floor":14.0,"turns":7.0},{"damage":25,"enemies":"Slime Boss","floor":16,"turns":13},{"damage":15,"enemies":"3 Byrds","floor":18,"turns":5},{"damage":16,"enemies":"2 Thieves","floor":19,"turns":3},{"damage":37,"enemies":"Snake Plant","floor":20,"turns":5},{"damage":35,"enemies":"Book of Stabbing","floor":23,"turns":6},{"damage":34,"enemies":"Slavers","floor":25,"turns":1}],"seed_played":"2531269150691112201","potions_obtained":[{"floor":0.0,"key":"SteroidPotion"},{"floor":1.0,"key":"SteroidPotion"},{"floor":5.0,"key":"Dexterity Potion"},{"floor":8.0,"key":"Explosive Potion"},{"floor":14.0,"key":"GamblersBrew"},{"floor":16,"key":"FearPotion"},{"floor":18,"key":"FearPotion"},{"floor":20,"key":"PowerPotion"}],"is_trial":false,"path_per_floor":["M","?","?","?","M","E","R","M","T","R","$","E","$","E","R","B",null,"M","M","M","$","?","E","R","E"],"character_chosen":"DEFECT","items_purchased":["Chill","Genetic Algorithm","Capacitor","Self Repair","Dramatic Entrance","Capacitor","Go for the Eyes"],"campfire_rested":0,"item_purchase_floors":[11,11,11,13,13,21,21],"current_hp_per_floor":[73,70,59,59,59,30,30,32,32,32,32,41,41,39,39,31,68,70,54,34,34,34,27,27,0],"gold":103,"neow_bonus":"BOSS_RELIC","is_prod":false,"is_daily":false,"chose_seed":false,"campfire_upgraded":4,"win_rate":0,"timestamp":1562872567,"path_taken":["M","?","?","?","M","E","R","M","T","R","$","E","$","E","R","BOSS","M","?","M","$","?","E","R","E"],"build_version":"2019-07-05","purchased_purges":0,"victory":false,"max_hp_per_floor":[80,80,80,80,80,80,80,80,80,80,80,80,80,80,80,80,80,80,80,80,80,56,56,56,56],"card_choices":[{"not_picked":["Gash","Barrage"],"picked":"Self Repair","floor":0.0},{"not_picked":["Go for the Eyes","Double Energy"],"picked":"Loop","floor":1.0},{"not_picked":["Compile Driver","Storm"],"picked":"Doom and Gloom","floor":5.0},{"not_picked":["Melter","Scrape"],"picked":"Capacitor","floor":6.0},{"not_picked":["Hologram","Rebound"],"picked":"Conserve Battery","floor":8.0},{"not_picked":["Capacitor","Doom and Gloom"],"picked":"Rainbow","floor":12.0},{"not_picked":["Static Discharge","Compile Driver"],"picked":"Defragment","floor":14.0},{"not_picked":["Thunder Strike","Rainbow"],"picked":"Meteor Strike","floor":16},{"not_picked":["Redo","Sweeping Beam+1"],"picked":"Hologram","floor":18},{"not_picked":["Glacier","Beam Cell+1"],"picked":"Consume","floor":19},{"not_picked":["Blizzard+1","Gash+1"],"picked":"Redo","floor":20},{"not_picked":["Go for the Eyes","Rainbow"],"picked":"Stack","floor":23}],"player_experience":873922,"relics_obtained":[{"floor":6.0,"key":"Sundial"},{"floor":9.0,"key":"Dead Branch"},{"floor":12.0,"key":"Bag of Preparation"},{"floor":14.0,"key":"Centennial Puzzle"},{"floor":23,"key":"Bag of Marbles"}],"event_choices":[{"damage_healed":0.0,"max_hp_gain":0.0,"max_hp_loss":0.0,"gold_gain":0.0,"event_name":"Scrap Ooze","player_choice":"Success","floor":2.0,"gold_loss":0.0,"damage_taken":3.0,"relics_obtained":["Incense Burner"]},{"damage_healed":0.0,"max_hp_gain":0.0,"max_hp_loss":0.0,"gold_gain":75.0,"event_name":"World of Goop","player_choice":"Gather Gold","floor":3.0,"gold_loss":0.0,"damage_taken":11.0},{"cards_removed":["Defend_B"],"damage_healed":0.0,"max_hp_gain":0.0,"max_hp_loss":0.0,"gold_gain":0.0,"event_name":"Bonfire Elementals","player_choice":"Offered Basic","floor":4.0,"gold_loss":0.0,"damage_taken":0.0},{"damage_healed":0,"gold_gain":0,"player_choice":"Became a vampire","damage_taken":0,"max_hp_gain":0,"max_hp_loss":24,"event_name":"Vampires","floor":22,"gold_loss":0,"cards_obtained":["Bite","Bite","Bite","Bite","Bite"]}],"is_beta":false,"boss_relics":[{"not_picked":["Busted Crown","Philosopher\u0027s Stone"],"picked":"Astrolabe"}],"items_purged_floors":[],"is_endless":false,"potions_floor_spawned":[1,5,8,14,16,18,20],"killed_by":"Slavers","ascension_level":7}