{"gold_per_floor":[114,114,124,124,138,169,169,180,180,180,194,209,223,2,2,105,105,122,122,137,42,58,91,108,108,108,108,123,123],"floor_reached":29,"playtime":3993,"items_purged":[],"score":274,"play_id":"66ca1afd-3d7e-4e15-8f24-47f716faed3a","local_time":"20191020142618","is_ascension_mode":false,"campfire_choices":[{"data":"Self Repair","floor":10,"key":"SMITH"},{"data":"Streamline","floor":15,"key":"SMITH"},{"data":"Self Repair","floor":25,"key":"SMITH"}],"neow_cost":"NONE","seed_source_timestamp":96637731473700,"circlet_count":0,"master_deck":["Defend_B+1","Defend_B+1","Defend_B+1","Defend_B+1","Zap","Dualcast","Static Discharge","Force Field","Conserve Battery","Self Repair+1","Streamline+1","Static Discharge","Sweeping Beam","Conserve Battery","Static Discharge","Electrodynamics","Auto Shields+1","Reprogram+1","Darkness+1","Lockon","Hello World","Defragment","Hologram","Hologram+1","Multi-Cast","Self Repair+1","Glacier+1"],"relics":["Cracked Core","Strawberry","Bottled Flame","Ancient Tea Set","Astrolabe","CultistMask","Nunchaku","Molten Egg 2"],"potions_floor_usage":[16,16,18,23,24,28,29],"damage_taken":[{"damage":7,"enemies":"2 Louse","floor":1,"turns":2},{"damage":1,"enemies":"Jaw Worm","floor":3,"turns":4},{"damage":1,"enemies":"Cultist","floor":5,"turns":3},{"damage":23,"enemies":"Lagavulin","floor":6,"turns":9},{"damage":10,"enemies":"Red Slaver","floor":8,"turns":5},{"damage":11,"enemies":"Large Slime","floor":11,"turns":6},{"damage":25,"enemies":"Gremlin Gang","floor":12,"turns":4},{"damage":1,"enemies":"Red Slaver","floor":13,"turns":4},{"damage":25,"enemies":"Slime Boss","floor":16,"turns":8},{"damage":27,"enemies":"Chosen","floor":18,"turns":6},{"damage":5,"enemies":"Shell Parasite","floor":20,"turns":7},{"damage":25,"enemies":"Snake Plant","floor":22,"turns":6},{"damage":48,"enemies":"Slavers","floor":23,"turns":7},{"damage":11,"enemies":"Chosen and Byrds","floor":24,"turns":5},{"damage":25,"enemies":"Cultist and Chosen","floor":28,"turns":6},{"damage":33,"enemies":"3 Cultists","floor":29,"turns":5}],"seed_played":"-3366040831976709850","potions_obtained":[{"floor":3,"key":"Explosive Potion"},{"floor":5,"key":"SteroidPotion"},{"floor":6,"key":"Block Potion"},{"floor":11,"key":"FocusPotion"},{"floor":16,"key":"Fruit Juice"},{"floor":18,"key":"PowerPotion"},{"floor":22,"key":"SkillPotion"},{"floor":24,"key":"PowerPotion"}],"is_trial":false,"path_per_floor":["M","?","M","?","M","E","?","M","T","R","M","M","M","$","R","B",null,"M","?","M","$","M","E","M","R","T","?","M","M"],"character_chosen":"DEFECT","items_purchased":["Static Discharge","Ancient Tea Set","Defragment","Hologram"],"campfire_rested":0,"item_purchase_floors":[14,14,21,21],"current_hp_per_floor":[75,80,79,72,71,55,55,52,52,52,51,36,35,35,35,10,94,82,82,87,87,72,34,33,33,33,33,28,0],"gold":123,"neow_bonus":"TEN_PERCENT_HP_BONUS","is_prod":false,"is_daily":false,"chose_seed":false,"campfire_upgraded":3,"win_rate":0.0,"timestamp":1571595978,"path_taken":["M","?","M","?","M","E","?","M","T","R","M","?","M","?","R","BOSS","M","?","?","?","?","E","M","R","T","?","M","M"],"build_version":"2019-07-17","purchased_purges":0,"victory":false,"max_hp_per_floor":[82,87,87,87,87,94,94,94,94,94,94,94,94,94,94,94,94,99,99,99,99,99,99,99,99,99,99,99,99],"card_choices":[{"not_picked":["Barrage","Skim"],"picked":"Static Discharge","floor":1},{"not_picked":["Compile Driver","Tempest"],"picked":"Force Field","floor":3},{"not_picked":["Barrage","BootSequence"],"picked":"Conserve Battery","floor":5},{"not_picked":["Stack","Skim"],"picked":"Self Repair","floor":6},{"not_picked":["Sweeping Beam","Redo"],"picked":"Streamline","floor":8},{"not_picked":["Aggregate","Barrage"],"picked":"Static Discharge","floor":11},{"not_picked":["Gash","Go for the Eyes"],"picked":"Sweeping Beam","floor":12},{"not_picked":["Beam Cell","Steam"],"picked":"Conserve Battery","floor":13},{"not_picked":["Biased Cognition","Fission"],"picked":"Electrodynamics","floor":16},{"not_picked":["Compile Driver","Beam Cell"],"picked":"Lockon","floor":18},{"not_picked":["Sweeping Beam","Coolheaded"],"picked":"Hello World","floor":20},{"not_picked":["Streamline","Redo"],"picked":"Hologram+1","floor":22},{"not_picked":["Compile Driver+1","Redo"],"picked":"Multi-Cast","floor":23},{"not_picked":["Steam","Cold Snap"],"picked":"Self Repair","floor":24},{"not_picked":["Go for the Eyes+1","Hologram"],"picked":"Glacier+1","floor":28}],"player_experience":7596,"relics_obtained":[{"floor":6,"key":"Strawberry"},{"floor":9,"key":"Bottled Flame"},{"floor":23,"key":"Nunchaku"},{"floor":26,"key":"Molten Egg 2"}],"event_choices":[{"damage_healed":0,"gold_gain":0,"player_choice":"Donut","damage_taken":0,"max_hp_gain":5,"max_hp_loss":0,"event_name":"Big Fish","floor":2,"gold_loss":0},{"cards_removed":["Strike_B"],"damage_healed":0,"gold_gain":0,"player_choice":"Card Removal","damage_taken":7,"max_hp_gain":0,"max_hp_loss":0,"event_name":"Golden Wing","floor":4,"gold_loss":0},{"damage_healed":0,"gold_gain":0,"player_choice":"Bought 0 Potions","damage_taken":0,"max_hp_gain":0,"max_hp_loss":0,"event_name":"The Woman in Blue","floor":7,"gold_loss":0},{"damage_healed":0,"gold_gain":0,"player_choice":"Trade","damage_taken":0,"relics_obtained":["CultistMask"],"max_hp_gain":0,"max_hp_loss":0,"event_name":"FaceTrader","floor":19,"gold_loss":0},{"damage_healed":0,"gold_gain":0,"player_choice":"Simplicity","damage_taken":0,"max_hp_gain":0,"max_hp_loss":0,"event_name":"Back to Basics","floor":27,"gold_loss":0,"cards_upgraded":["Defend_B","Defend_B","Defend_B","Defend_B"]}],"is_beta":false,"boss_relics":[{"not_picked":["Runic Pyramid","Sozu"],"picked":"Astrolabe"}],"items_purged_floors":[],"is_endless":false,"potions_floor_spawned":[3,5,6,11,16,18,22,24],"killed_by":"3 Cultists","ascension_level":0}