{"gold_per_floor":[119,119,134,146,166,191,191,202,202,202,233,247,247,273,273,374,374,390,402,10,22,22,22],"floor_reached":23,"playtime":1791,"items_purged":[],"score":323,"play_id":"c8a09ffa-8a58-49a6-a4b8-e745b3201e0f","local_time":"20190821153824","is_ascension_mode":true,"campfire_choices":[{"floor":7,"key":"REST"},{"data":"Feed","floor":10,"key":"SMITH"},{"data":"1","floor":15,"key":"LIFT"}],"neow_cost":"NONE","seed_source_timestamp":1898491697140,"circlet_count":0,"master_deck":["Strike_R","Strike_R","Strike_R","Strike_R","Strike_R","Defend_R","Defend_R","Defend_R","Defend_R","Bash","Rupture","Whirlwind","Flame Barrier","Warcry","Feed+1","Fire Breathing","Iron Wave+1","Heavy Blade+1","Regret","Dark Embrace","Exhume","Sword Boomerang+1","Rage","Sever Soul+1","Warcry","Reckless Charge+1","True Grit","Rupture","Rampage+1","Intimidate","Flame Barrier+1"],"relics":["Burning Blood","Art of War","Torii","Meat on the Bone","Molten Egg 2","Dream Catcher","Girya","Shovel","Orrery","Bottled Tornado"],"potions_floor_usage":[16,23],"damage_taken":[{"damage":8,"enemies":"Jaw Worm","floor":1,"turns":4},{"damage":6,"enemies":"Cultist","floor":3,"turns":4},{"damage":2,"enemies":"2 Louse","floor":4,"turns":3},{"damage":11,"enemies":"Looter","floor":5,"turns":4},{"damage":52,"enemies":"3 Sentries","floor":6,"turns":10},{"damage":2,"enemies":"Exordium Wildlife","floor":8,"turns":3},{"damage":40,"enemies":"Lagavulin","floor":11,"turns":9},{"damage":17,"enemies":"Exordium Thugs","floor":12,"turns":6},{"damage":25,"enemies":"3 Sentries","floor":14,"turns":5},{"damage":59,"enemies":"Slime Boss","floor":16,"turns":10},{"damage":44,"enemies":"Spheric Guardian","floor":18,"turns":6},{"damage":16,"enemies":"Chosen","floor":19,"turns":7},{"damage":22,"enemies":"Snecko","floor":21,"turns":6},{"damage":62,"enemies":"Gremlin Leader","floor":23,"turns":5}],"seed_played":"-7993638588132009451","potions_obtained":[{"floor":1,"key":"Explosive Potion"},{"floor":6,"key":"SmokeBomb"},{"floor":8,"key":"Ancient Potion"},{"floor":11,"key":"BloodPotion"},{"floor":19,"key":"AttackPotion"}],"is_trial":false,"path_per_floor":["M","?","M","M","M","E","R","M","T","R","E","M","?","E","R","B",null,"M","M","$","M","$","E"],"character_chosen":"IRONCLAD","items_purchased":["Rampage+1","Bottled Tornado","Intimidate"],"campfire_rested":1,"item_purchase_floors":[20,20,20],"current_hp_per_floor":[70,70,70,74,69,23,47,54,54,54,36,41,41,38,38,24,80,54,56,56,52,52,0],"gold":22,"neow_bonus":"RANDOM_COMMON_RELIC","is_prod":false,"is_daily":false,"chose_seed":false,"campfire_upgraded":1,"win_rate":0,"timestamp":1566416304,"path_taken":["M","?","?","M","M","E","R","M","T","R","E","M","?","E","R","BOSS","M","M","$","M","$","E"],"build_version":"2019-07-17","purchased_purges":0,"victory":false,"max_hp_per_floor":[80,80,80,80,80,80,80,83,83,83,87,91,91,95,95,99,99,99,99,99,99,99,99],"card_choices":[{"not_picked":["Fire Breathing","Iron Wave"],"picked":"Rupture","floor":1},{"not_picked":["Sword Boomerang","Reckless Charge"],"picked":"Whirlwind","floor":3},{"not_picked":["Clothesline","Pummel"],"picked":"Flame Barrier","floor":4},{"not_picked":["Twin Strike","Headbutt"],"picked":"Warcry","floor":5},{"not_picked":["Anger","Juggernaut"],"picked":"Feed","floor":6},{"not_picked":["Warcry","Twin Strike"],"picked":"Fire Breathing","floor":8},{"not_picked":["Twin Strike+1","Fire Breathing"],"picked":"Iron Wave+1","floor":11},{"not_picked":["Clothesline+1","Iron Wave+1"],"picked":"Heavy Blade+1","floor":12},{"not_picked":["Twin Strike+1","Blood for Blood+1"],"picked":"Dark Embrace","floor":14},{"not_picked":["Double Tap","Fiend Fire+1"],"picked":"Exhume","floor":16},{"not_picked":["Twin Strike+1","Headbutt+1"],"picked":"Sword Boomerang+1","floor":17},{"not_picked":["Flex","Clash+1"],"picked":"Rage","floor":17},{"not_picked":["Carnage+1","Battle Trance"],"picked":"Sever Soul+1","floor":17},{"not_picked":["Shrug It Off","Pommel Strike+1"],"picked":"Warcry","floor":17},{"not_picked":["Thunderclap+1","Perfected Strike+1"],"picked":"Reckless Charge+1","floor":17},{"not_picked":["Clothesline+1","Shrug It Off"],"picked":"True Grit","floor":18},{"not_picked":["Uppercut+1","Sword Boomerang+1"],"picked":"Rupture","floor":19},{"not_picked":["Wild Strike+1","Clothesline+1"],"picked":"Flame Barrier+1","floor":21}],"player_experience":1160040,"relics_obtained":[{"floor":6,"key":"Meat on the Bone"},{"floor":9,"key":"Molten Egg 2"},{"floor":11,"key":"Dream Catcher"},{"floor":14,"key":"Shovel"}],"event_choices":[{"damage_healed":0,"gold_gain":0,"player_choice":"Gave Potion","damage_taken":0,"relics_obtained":["Torii"],"max_hp_gain":0,"max_hp_loss":0,"event_name":"WeMeetAgain","floor":2,"gold_loss":0},{"damage_healed":0,"gold_gain":0,"player_choice":"Box","damage_taken":0,"relics_obtained":["Girya"],"max_hp_gain":0,"max_hp_loss":0,"event_name":"Big Fish","floor":13,"gold_loss":0,"cards_obtained":["Regret"]}],"is_beta":false,"boss_relics":[{"not_picked":["Coffee Dripper","Ectoplasm"],"picked":"Orrery"}],"items_purged_floors":[],"is_endless":false,"potions_floor_spawned":[1,6,8,11,19],"killed_by":"Gremlin Leader","ascension_level":8}