{"gold_per_floor":[362,373,50,63,79,113,113,33,33,33,52,84,102,114,114,214,214,232,242,45,45,45,70,70,86,86,86],"floor_reached":27,"playtime":8520,"items_purged":["Doubt"],"score":245,"play_id":"fd140220-5abb-4767-adc8-de5fd5faf668","local_time":"20190526180616","is_ascension_mode":false,"campfire_choices":[{"data":"Armaments","floor":7.0,"key":"SMITH"},{"floor":15.0,"key":"REST"},{"floor":24.0,"key":"REST"}],"neow_cost":"CURSE","seed_source_timestamp":0,"circlet_count":0,"master_deck":["Strike_R","Strike_R","Strike_R","Strike_R","Strike_R","Defend_R","Defend_R","Defend_R","Defend_R","Bash","Shrug It Off","Body Slam","Clash","Armaments+1","Evolve","Swift Strike","Body Slam","Warcry","Juggernaut","True Grit","Armaments","Shrug It Off","Bloodletting","Dual Wield","Cleave","Feed","Iron Wave+1","Headbutt","Secret Weapon","Warcry","Power Through+1"],"special_seed":0,"relics":["Burning Blood","Omamori","Bottled Lightning","Ancient Tea Set","Champion Belt","White Beast Statue","Pen Nib","Kunai","Molten Egg 2"],"potions_floor_usage":[25,25,27],"damage_taken":[{"damage":10.0,"enemies":"Cultist","floor":1.0,"turns":4.0},{"damage":17.0,"enemies":"Jaw Worm","floor":2.0,"turns":4.0},{"damage":4.0,"enemies":"2 Louse","floor":4.0,"turns":3.0},{"damage":2.0,"enemies":"2 Fungi Beasts","floor":5.0,"turns":3.0},{"damage":9.0,"enemies":"3 Sentries","floor":6.0,"turns":8.0},{"damage":11.0,"enemies":"Large Slime","floor":11.0,"turns":5.0},{"damage":18.0,"enemies":"Gremlin Nob","floor":12.0,"turns":4.0},{"damage":7.0,"enemies":"Blue Slaver","floor":13.0,"turns":3.0},{"damage":5.0,"enemies":"Exordium Thugs","floor":14.0,"turns":4.0},{"damage":39.0,"enemies":"Hexaghost","floor":16.0,"turns":9.0},{"damage":27.0,"enemies":"Spheric Guardian","floor":18.0,"turns":5.0},{"damage":28.0,"enemies":"Shell Parasite","floor":19.0,"turns":7.0},{"damage":55.0,"enemies":"Gremlin Leader","floor":23.0,"turns":6.0},{"damage":31,"enemies":"Sentry and Sphere","floor":25,"turns":6},{"damage":13,"enemies":"Centurion and Healer","floor":27,"turns":7}],"seed_played":"3697822865520523854","potions_obtained":[{"floor":1.0,"key":"GamblersBrew"},{"floor":12.0,"key":"EssenceOfSteel"},{"floor":13.0,"key":"PowerPotion"},{"floor":16.0,"key":"BloodPotion"},{"floor":18.0,"key":"Explosive Potion"},{"floor":19.0,"key":"EntropicBrew"},{"floor":23.0,"key":"AttackPotion"},{"floor":25,"key":"SteroidPotion"}],"is_trial":false,"path_per_floor":["M","M","$","M","M","E","R","$","T","T","M","E","M","M","R","B",null,"M","M","$","?","?","E","R","M","T","M"],"character_chosen":"IRONCLAD","items_purchased":["Clash","Armaments","Evolve","Swift Strike","True Grit","Armaments","Secret Weapon"],"campfire_rested":2,"item_purchase_floors":[3,3,3,3,8,8,20],"current_hp_per_floor":[76,65,65,67,71,68,68,68,68,68,63,51,50,51,75,42,80,63,45,45,45,45,12,38,13,13,0],"gold":86,"neow_bonus":"TWO_FIFTY_GOLD","is_prod":false,"is_daily":false,"chose_seed":false,"campfire_upgraded":1,"win_rate":0.0,"timestamp":1558919176,"path_taken":["M","?","$","M","M","E","R","$","T","?","M","E","M","M","R","BOSS","M","M","$","?","?","E","R","M","T","M"],"build_version":"2019-01-23","purchased_purges":1,"victory":false,"max_hp_per_floor":[80,80,80,80,80,80,80,80,80,80,80,80,80,80,80,80,80,84,88,88,88,88,88,88,88,88,88],"card_choices":[{"not_picked":["Wild Strike","Second Wind"],"picked":"Shrug It Off","floor":1.0},{"not_picked":["Shockwave","Reckless Charge"],"picked":"Body Slam","floor":2.0},{"not_picked":["Uppercut","Armaments"],"picked":"Body Slam","floor":4.0},{"not_picked":["Pommel Strike","Sword Boomerang"],"picked":"Warcry","floor":5.0},{"not_picked":["Armaments","Rampage"],"picked":"Juggernaut","floor":6.0},{"not_picked":["Heavy Blade","Warcry"],"picked":"Shrug It Off","floor":11.0},{"not_picked":["Disarm","Headbutt"],"picked":"Bloodletting","floor":12.0},{"not_picked":["Anger","Feel No Pain"],"picked":"Dual Wield","floor":13.0},{"not_picked":["Perfected Strike","Heavy Blade"],"picked":"Cleave","floor":14.0},{"not_picked":["Brutality","Impervious"],"picked":"Feed","floor":16.0},{"not_picked":["Heavy Blade+1","Dual Wield"],"picked":"Iron Wave+1","floor":18.0},{"not_picked":["Twin Strike","Fiend Fire"],"picked":"Headbutt","floor":19.0},{"not_picked":["Wild Strike","Clash"],"picked":"Warcry","floor":23.0},{"not_picked":["Warcry","Dropkick"],"picked":"Power Through+1","floor":25}],"player_experience":181821,"relics_obtained":[{"floor":6.0,"key":"Omamori"},{"floor":9.0,"key":"Bottled Lightning"},{"floor":10.0,"key":"Ancient Tea Set"},{"floor":12.0,"key":"Champion Belt"},{"floor":23.0,"key":"Kunai"},{"floor":26,"key":"Molten Egg 2"}],"event_choices":[{"damage_healed":0.0,"max_hp_gain":0.0,"max_hp_loss":0.0,"gold_gain":0.0,"event_name":"Addict","player_choice":"Stole Relic","floor":21.0,"gold_loss":0.0,"damage_taken":0.0,"relics_obtained":["Pen Nib"],"cards_obtained":["Shame"]},{"damage_healed":0.0,"max_hp_gain":0.0,"max_hp_loss":0.0,"gold_gain":0.0,"event_name":"Ghosts","player_choice":"Ignored","floor":22.0,"gold_loss":0.0,"damage_taken":0.0}],"is_beta":false,"boss_relics":[{"not_picked":["Ectoplasm","Cursed Key"],"picked":"White Beast Statue"}],"items_purged_floors":[3],"is_endless":false,"potions_floor_spawned":[1,12,13,16,18,19,23,25],"killed_by":"Centurion and Healer","ascension_level":0}