{"gold_per_floor":[17,29,40,57,57,88,17,17,17,17],"floor_reached":10,"playtime":523,"items_purged":[],"score":119,"play_id":"2ffb3a6c-f2b4-42eb-855f-b2c0ab612849","local_time":"20190909080058","is_ascension_mode":true,"campfire_choices":[{"data":"Echo Form","floor":8,"key":"SMITH"}],"neow_cost":"NO_GOLD","seed_source_timestamp":127414320342039,"circlet_count":0,"master_deck":["AscendersBane","Strike_B","Strike_B","Strike_B","Defend_B","Defend_B","Defend_B","Defend_B","Zap","Dualcast","Echo Form+1","Lockon","Gash","Defragment","Ball Lightning","Conserve Battery","Storm"],"special_seed":0,"relics":["Cracked Core","Pocketwatch","Bottled Lightning"],"potions_floor_usage":[10,10],"damage_taken":[{"damage":6.0,"enemies":"Cultist","floor":1.0,"turns":4.0},{"damage":2.0,"enemies":"Jaw Worm","floor":2.0,"turns":3.0},{"damage":12.0,"enemies":"Small Slimes","floor":3.0,"turns":2.0},{"damage":11.0,"enemies":"Blue Slaver","floor":4.0,"turns":3.0},{"damage":31.0,"enemies":"Gremlin Nob","floor":6.0,"turns":4.0},{"damage":18,"enemies":"Large Slime","floor":10,"turns":1}],"seed_played":"-8288167032224202528","potions_obtained":[{"floor":2.0,"key":"EssenceOfSteel"},{"floor":4.0,"key":"FearPotion"}],"is_trial":false,"path_per_floor":["M","M","M","M","?","E","$","R","T","M"],"character_chosen":"DEFECT","items_purchased":["Regen Potion"],"campfire_rested":0,"item_purchase_floors":[7],"current_hp_per_floor":[58,56,44,33,33,2,2,2,2,0],"gold":17,"neow_bonus":"THREE_RARE_CARDS","is_prod":false,"is_daily":false,"chose_seed":false,"campfire_upgraded":1,"win_rate":0,"timestamp":1568030458,"path_taken":["M","M","M","?","?","E","$","R","T","M"],"build_version":"2019-07-17","purchased_purges":0,"victory":false,"max_hp_per_floor":[71,71,71,71,71,71,71,71,71,71],"card_choices":[{"not_picked":["Buffer","Core Surge"],"picked":"Echo Form","floor":0.0},{"not_picked":["Redo","Streamline"],"picked":"Lockon","floor":1.0},{"not_picked":["Rip and Tear","Darkness"],"picked":"Gash","floor":2.0},{"not_picked":["Stack","Ball Lightning"],"picked":"Defragment","floor":3.0},{"not_picked":["Defragment","Barrage"],"picked":"Ball Lightning","floor":4.0},{"not_picked":["Go for the Eyes","Streamline"],"picked":"Storm","floor":6.0}],"player_experience":1342941,"relics_obtained":[{"floor":6.0,"key":"Pocketwatch"},{"floor":9,"key":"Bottled Lightning"}],"event_choices":[{"damage_healed":0.0,"max_hp_gain":0.0,"max_hp_loss":0.0,"gold_gain":0.0,"cards_transformed":["Strike_B"],"event_name":"Transmorgrifier","player_choice":"Transformed","floor":5.0,"gold_loss":0.0,"damage_taken":0.0,"cards_obtained":["Conserve Battery"]}],"is_beta":false,"boss_relics":[],"items_purged_floors":[],"is_endless":false,"potions_floor_spawned":[2,4],"killed_by":"Large Slime","ascension_level":15}