{"gold_per_floor":[211,225,244,519,538,538,46,76,76,102,24,24,35,52,52,153,153,164,164,178,178],"floor_reached":21,"playtime":2485,"items_purged":["Regret"],"score":239,"play_id":"9f0add49-ad6d-4cc1-bbcb-3059710583a4","local_time":"20190617043437","is_ascension_mode":true,"campfire_choices":[{"data":"Go for the Eyes","floor":6.0,"key":"SMITH"},{"data":"Redo","floor":12,"key":"SMITH"},{"floor":15,"key":"REST"}],"neow_cost":"NONE","seed_source_timestamp":0,"circlet_count":0,"master_deck":["Strike_B","Strike_B","Strike_B","Strike_B","Defend_B","Defend_B","Defend_B","Defend_B","Zap","Dualcast","Go for the Eyes+1","Heatsinks","Redo+1","Rebound","Transmutation","FTL","Coolheaded","Cold Snap","Scrape","Echo Form","Defragment","Core Surge","Gash","FTL"],"special_seed":0,"relics":["Cracked Core","OrangePellets","Omamori","Orichalcum","Sundial","Runic Dome","Letter Opener"],"potions_floor_usage":[10,13,16],"damage_taken":[{"damage":2.0,"enemies":"Jaw Worm","floor":1.0,"turns":4.0},{"damage":1.0,"enemies":"Cultist","floor":2.0,"turns":4.0},{"damage":2.0,"enemies":"Small Slimes","floor":3.0,"turns":3.0},{"damage":10.0,"enemies":"2 Fungi Beasts","floor":5.0,"turns":4.0},{"damage":5.0,"enemies":"Lagavulin","floor":8.0,"turns":4.0},{"damage":38,"enemies":"Gremlin Nob","floor":10,"turns":5},{"damage":16,"enemies":"Exordium Wildlife","floor":13,"turns":3},{"damage":0,"enemies":"Gremlin Gang","floor":14,"turns":3},{"damage":2,"enemies":"Hexaghost","floor":16,"turns":9},{"damage":35,"enemies":"3 Byrds","floor":18,"turns":4},{"damage":4,"enemies":"Shell Parasite","floor":20,"turns":5},{"damage":29,"enemies":"Snake Plant","floor":21,"turns":2}],"seed_played":"-7510329551242790791","potions_obtained":[{"floor":3.0,"key":"FocusPotion"},{"floor":5.0,"key":"LiquidBronze"},{"floor":10,"key":"AttackPotion"},{"floor":13,"key":"Weak Potion"}],"is_trial":false,"path_per_floor":["M","M","M","?","M","R","$","E","T","E","$","R","M","M","R","B",null,"M","?","M","M"],"character_chosen":"DEFECT","items_purchased":["Transmutation","FTL","OrangePellets","Scrape"],"campfire_rested":1,"item_purchase_floors":[7,7,7,11],"current_hp_per_floor":[73,72,70,70,60,60,60,55,55,17,17,17,1,1,23,21,62,27,27,23,0],"gold":178,"neow_bonus":"HUNDRED_GOLD","is_prod":false,"is_daily":false,"chose_seed":false,"campfire_upgraded":2,"win_rate":0,"timestamp":1560771277,"path_taken":["M","M","M","?","M","R","$","E","T","E","?","R","M","M","R","BOSS","M","?","M","M"],"build_version":"2019-01-23","purchased_purges":1,"victory":false,"max_hp_per_floor":[75,75,75,75,75,75,75,75,75,75,75,75,75,75,75,75,75,75,75,75,75],"card_choices":[{"not_picked":["Cold Snap","Rebound"],"picked":"Go for the Eyes","floor":1.0},{"not_picked":["Cold Snap","Aggregate"],"picked":"Heatsinks","floor":2.0},{"not_picked":["Static Discharge","Stack"],"picked":"Redo","floor":3.0},{"not_picked":["Compile Driver","Blizzard"],"picked":"Rebound","floor":5.0},{"not_picked":["Redo","Undo"],"picked":"Coolheaded","floor":8.0},{"not_picked":["Rebound","Compile Driver"],"picked":"Cold Snap","floor":10},{"not_picked":["Compile Driver","Turbo"],"picked":"Echo Form","floor":13},{"not_picked":["Blizzard","Go for the Eyes"],"picked":"Defragment","floor":14},{"not_picked":["Hyperbeam","Electrodynamics"],"picked":"Core Surge","floor":16},{"not_picked":["Go for the Eyes+1","Stack+1"],"picked":"Gash","floor":18},{"not_picked":["Streamline+1","Leap"],"picked":"FTL","floor":20}],"player_experience":646893,"relics_obtained":[{"floor":8.0,"key":"Omamori"},{"floor":9.0,"key":"Orichalcum"},{"floor":10,"key":"Sundial"}],"event_choices":[{"damage_healed":0.0,"max_hp_gain":0.0,"max_hp_loss":0.0,"gold_gain":275.0,"event_name":"Golden Shrine","player_choice":"Desecrate","floor":4.0,"gold_loss":0.0,"damage_taken":0.0,"cards_obtained":["Regret"]},{"damage_healed":0,"gold_gain":0,"player_choice":"Opened","damage_taken":0,"relics_obtained":["Letter Opener"],"max_hp_gain":0,"max_hp_loss":0,"event_name":"The Mausoleum","floor":19,"gold_loss":0}],"is_beta":false,"boss_relics":[{"not_picked":["Fusion Hammer","Velvet Choker"],"picked":"Runic Dome"}],"items_purged_floors":[7],"is_endless":false,"potions_floor_spawned":[3,5,10,13],"killed_by":"Snake Plant","ascension_level":5}