{"gold_per_floor":[117,292,307,68,68,96,14,14,37,37,112,132,166,182,182,278,278,288,307,317,329,252,287,7,7,7,42,55,89,89,120,120,222,222,238,250,262,274,26,51,51,86,86,86,119,119,136,170,170,170,170,170,20,49,49],"floor_reached":56,"playtime":9995,"items_purged":["Doubt","Regret"],"score":1794,"play_id":"79d5f0e7-37a3-4990-9eb8-f3b49db4a109","local_time":"20190613155554","is_ascension_mode":true,"campfire_choices":[{"data":"Self Repair","floor":8.0,"key":"SMITH"},{"data":"Dualcast","floor":10.0,"key":"SMITH"},{"data":"Secret Technique","floor":15.0,"key":"SMITH"},{"data":"Scrape","floor":25.0,"key":"SMITH"},{"data":"Double Energy","floor":30.0,"key":"SMITH"},{"data":"White Noise","floor":32.0,"key":"SMITH"},{"data":"Chrysalis","floor":41.0,"key":"SMITH"},{"data":"Seek","floor":44.0,"key":"SMITH"},{"data":"Turbo","floor":46.0,"key":"SMITH"},{"floor":49.0,"key":"RECALL"},{"data":"Scrape","floor":52.0,"key":"SMITH"}],"neow_cost":"NONE","seed_source_timestamp":0,"circlet_count":0,"master_deck":["Zap","Dualcast+1","Gash","Gash","Secret Technique+1","White Noise+1","Self Repair+1","Scrape+1","All For One","Hyperbeam","Redo","All For One","BootSequence","Gash","Meteor Strike","Hello World","Lockon","Tempest","Capacitor","Chill","Heatsinks+1","Leap","Steam Power+1","Double Energy+1","Consume","Beam Cell+1","Turbo+1","Reboot","Self Repair","Turbo+1","Storm","Sadistic Nature","Chaos","Steam+1","White Noise","Stack","Multi-Cast","Scrape+1","Chill","Glacier+1","Consume+1","Recycle","Capacitor","Hologram+1","Seek+1","Chrysalis+1","Turbo+1","Hologram+1","Echo Form","Undo+1","All For One","Reprogram+1"],"special_seed":0,"relics":["Cracked Core","NeowsBlessing","Meat on the Bone","Prayer Wheel","Bronze Scales","Anchor","Pandora\u0027s Box","Smiling Mask","WingedGreaves","Matryoshka","Singing Bowl","Orichalcum","Inserter","Pear","Strawberry","Vajra","Ice Cream","Bottled Lightning","Bag of Preparation","Kunai"],"potions_floor_usage":[55,55,55],"damage_taken":[{"damage":0.0,"enemies":"2 Louse","floor":1.0,"turns":1.0},{"damage":0.0,"enemies":"Jaw Worm","floor":3.0,"turns":1.0},{"damage":0.0,"enemies":"3 Sentries","floor":6.0,"turns":1.0},{"damage":0.0,"enemies":"Cultist","floor":12.0,"turns":3.0},{"damage":38.0,"enemies":"Lagavulin","floor":13.0,"turns":5.0},{"damage":2.0,"enemies":"Red Slaver","floor":14.0,"turns":2.0},{"damage":52.0,"enemies":"Hexaghost","floor":16.0,"turns":8.0},{"damage":0.0,"enemies":"3 Byrds","floor":18.0,"turns":3.0},{"damage":0.0,"enemies":"Shell Parasite","floor":19.0,"turns":3.0},{"damage":17.0,"enemies":"Chosen and Byrds","floor":20.0,"turns":5.0},{"damage":23.0,"enemies":"Snake Plant","floor":21.0,"turns":4.0},{"damage":0.0,"enemies":"Gremlin Leader","floor":23.0,"turns":2.0},{"damage":17.0,"enemies":"Slavers","floor":27.0,"turns":3.0},{"damage":0.0,"enemies":"Cultist and Chosen","floor":28.0,"turns":2.0},{"damage":23.0,"enemies":"Gremlin Leader","floor":29.0,"turns":4.0},{"damage":25.0,"enemies":"Slavers","floor":31.0,"turns":4.0},{"damage":39.0,"enemies":"Collector","floor":33.0,"turns":8.0},{"damage":14.0,"enemies":"Orb Walker","floor":35.0,"turns":3.0},{"damage":22.0,"enemies":"3 Darklings","floor":36.0,"turns":4.0},{"damage":5.0,"enemies":"Transient","floor":37.0,"turns":5.0},{"damage":39.0,"enemies":"Writhing Mass","floor":38.0,"turns":4.0},{"damage":14.0,"enemies":"Reptomancer","floor":40.0,"turns":3.0},{"damage":0.0,"enemies":"Giant Head","floor":42.0,"turns":5.0},{"damage":3.0,"enemies":"Nemesis","floor":45.0,"turns":5.0},{"damage":9.0,"enemies":"Maw","floor":47.0,"turns":4.0},{"damage":2.0,"enemies":"Giant Head","floor":48.0,"turns":4.0},{"damage":0.0,"enemies":"Donu and Deca","floor":50.0,"turns":3.0},{"damage":0.0,"enemies":"Shield and Spear","floor":54.0,"turns":1.0},{"damage":50,"enemies":"The Heart","floor":55,"turns":5}],"seed_played":"2303155494878325296","potions_obtained":[{"floor":3.0,"key":"Regen Potion"},{"floor":12.0,"key":"Ancient Potion"},{"floor":14.0,"key":"SteroidPotion"},{"floor":19.0,"key":"Strength Potion"},{"floor":20.0,"key":"Fire Potion"},{"floor":21.0,"key":"FearPotion"},{"floor":29.0,"key":"Regen Potion"},{"floor":31.0,"key":"LiquidBronze"},{"floor":37.0,"key":"FearPotion"},{"floor":40.0,"key":"Explosive Potion"},{"floor":42.0,"key":"Regen Potion"},{"floor":54.0,"key":"AttackPotion"}],"is_trial":false,"path_per_floor":["M","?","M","$","?","E","$","R","T","R","?","M","E","M","R","B",null,"M","M","M","M","$","E","$","R","T","E","M","E","R","E","R","B",null,"M","M","M","M","$","E","R","E","T","R","E","R","M","E","R","B",null,"R","$","E","B",null],"character_chosen":"DEFECT","items_purchased":["Secret Technique","Self Repair","Self Repair","Storm","Sadistic Nature","Seek","Chrysalis","Bag of Preparation"],"campfire_rested":0,"item_purchase_floors":[4,7,22,24,24,39,39,53],"current_hp_per_floor":[75,75,75,75,75,75,75,75,75,75,64,74,55,53,53,13,75,75,75,68,55,55,62,62,62,62,55,55,63,63,60,60,50,77,63,58,72,62,62,75,75,94,94,94,96,96,94,96,96,96,96,96,96,96,78],"gold":49,"neow_bonus":"THREE_ENEMY_KILL","is_prod":false,"is_daily":false,"chose_seed":false,"campfire_upgraded":10,"win_rate":0,"timestamp":1560466554,"path_taken":["M","?","M","$","?","E","$","R","T","R","?","M","E","?","R","BOSS","M","M","?","M","?","E","$","R","T","E","?","E","R","E","R","BOSS","M","?","?","M","$","E","R","E","T","R","E","R","M","E","R","BOSS","R","$","E","BOSS"],"build_version":"2019-01-23","purchased_purges":2,"victory":true,"max_hp_per_floor":[75,75,75,75,75,75,75,75,75,75,75,75,75,75,75,75,75,75,75,75,75,75,75,75,75,75,75,75,77,77,77,77,77,77,77,77,77,77,77,87,87,96,96,96,96,96,96,96,96,96,96,96,96,96,96],"card_choices":[{"not_picked":["Hologram","Storm"],"picked":"Gash","floor":1.0},{"not_picked":["Beam Cell","Undo"],"picked":"Gash","floor":3.0},{"not_picked":["Genetic Algorithm","Doom and Gloom"],"picked":"White Noise","floor":6.0},{"not_picked":["FTL","Double Energy"],"picked":"Scrape","floor":12.0},{"not_picked":["Genetic Algorithm","Cold Snap"],"picked":"All For One","floor":12.0},{"not_picked":["Barrage","Darkness"],"picked":"Hyperbeam","floor":13.0},{"not_picked":["Sunder","Barrage"],"picked":"Redo","floor":14.0},{"not_picked":["Doom and Gloom","Redo","Seek"],"picked":"SKIP","floor":14.0},{"not_picked":["Biased Cognition","Hyperbeam"],"picked":"All For One","floor":16.0},{"not_picked":["Stack","Hello World"],"picked":"Heatsinks+1","floor":18.0},{"not_picked":["Barrage+1","Sunder"],"picked":"Leap","floor":18.0},{"not_picked":["Rebound+1","Hologram"],"picked":"Steam Power+1","floor":19.0},{"not_picked":["Cold Snap","Chill"],"picked":"Double Energy","floor":19.0},{"not_picked":["Hello World","Barrage"],"picked":"Consume","floor":20.0},{"not_picked":["Loop","Leap"],"picked":"Beam Cell+1","floor":20.0},{"not_picked":["Leap+1","Rebound+1"],"picked":"Turbo+1","floor":21.0},{"not_picked":["Conserve Battery","Ball Lightning+1"],"picked":"Reboot","floor":21.0},{"not_picked":["Tempest","Auto Shields"],"picked":"Turbo","floor":23.0},{"not_picked":["Turbo","Storm"],"picked":"Chaos","floor":27.0},{"not_picked":["Storm","Rebound"],"picked":"Steam+1","floor":28.0},{"not_picked":["Coolheaded","Compile Driver"],"picked":"White Noise","floor":28.0},{"not_picked":["Meteor Strike","Streamline","Steam"],"picked":"Singing Bowl","floor":29.0},{"not_picked":["Ball Lightning","Auto Shields"],"picked":"Stack","floor":31.0},{"not_picked":["Hyperbeam","Machine Learning"],"picked":"Multi-Cast","floor":33.0},{"not_picked":["Chill+1","Skim"],"picked":"Scrape","floor":35.0},{"not_picked":["Cold Snap+1","Auto Shields"],"picked":"Chill","floor":35.0},{"not_picked":["Storm+1","Rebound"],"picked":"Glacier+1","floor":36.0},{"not_picked":["Defragment","Cold Snap"],"picked":"Consume+1","floor":36.0},{"not_picked":["Stack+1","Beam Cell"],"picked":"Recycle","floor":37.0},{"not_picked":["Sunder+1","Streamline"],"picked":"Capacitor","floor":37.0},{"not_picked":["Loop","Aggregate+1"],"picked":"Hologram+1","floor":38.0},{"not_picked":["Rebound","Loop","Aggregate+1"],"picked":"SKIP","floor":38.0},{"not_picked":["Auto Shields+1","Barrage"],"picked":"Turbo+1","floor":40.0},{"not_picked":["Auto Shields+1","Ball Lightning","Go for the Eyes"],"picked":"Singing Bowl","floor":42.0},{"not_picked":["Chaos+1","Rebound"],"picked":"Hologram+1","floor":45.0},{"not_picked":["Compile Driver","Lockon+1"],"picked":"Echo Form","floor":47.0},{"not_picked":["Consume","Cold Snap+1"],"picked":"Undo+1","floor":47.0},{"not_picked":["Cold Snap+1","Compile Driver+1"],"picked":"All For One","floor":48.0},{"not_picked":["Cold Snap","Rebound+1"],"picked":"Reprogram+1","floor":54.0}],"player_experience":597961,"relics_obtained":[{"floor":6.0,"key":"Prayer Wheel"},{"floor":9.0,"key":"Bronze Scales"},{"floor":13.0,"key":"Anchor"},{"floor":23.0,"key":"Smiling Mask"},{"floor":26.0,"key":"WingedGreaves"},{"floor":27.0,"key":"Matryoshka"},{"floor":29.0,"key":"Singing Bowl"},{"floor":31.0,"key":"Orichalcum"},{"floor":40.0,"key":"Pear"},{"floor":42.0,"key":"Strawberry"},{"floor":43.0,"key":"Vajra"},{"floor":45.0,"key":"Ice Cream"},{"floor":48.0,"key":"Bottled Lightning"},{"floor":54.0,"key":"Kunai"}],"event_choices":[{"damage_healed":0.0,"max_hp_gain":0.0,"max_hp_loss":0.0,"gold_gain":175.0,"event_name":"Liars Game","player_choice":"AGREE","floor":2.0,"gold_loss":0.0,"damage_taken":0.0,"cards_obtained":["Doubt"]},{"damage_healed":0.0,"max_hp_gain":0.0,"max_hp_loss":0.0,"gold_gain":0.0,"event_name":"Big Fish","player_choice":"Box","floor":5.0,"gold_loss":0.0,"damage_taken":0.0,"relics_obtained":["Meat on the Bone"],"cards_obtained":["Regret"]},{"damage_healed":0.0,"max_hp_gain":0.0,"max_hp_loss":0.0,"gold_gain":75.0,"event_name":"World of Goop","player_choice":"Gather Gold","floor":11.0,"gold_loss":0.0,"damage_taken":11.0}],"is_beta":false,"boss_relics":[{"not_picked":["Empty Cage","Astrolabe"],"picked":"Pandora\u0027s Box"},{"not_picked":["Nuclear Battery","Fusion Hammer"],"picked":"Inserter"}],"items_purged_floors":[4,24],"is_endless":false,"potions_floor_spawned":[3,12,14,19,20,21,29,31,37,40,42,54],"ascension_level":4}