{"gold_per_floor":[119,135,148,160,160,200,200,223,223,223,9,9,9,30,30,153,153,176,176,176,176,28,28,40,0,24,24,24,56,56,71,71,71],"floor_reached":33,"playtime":2450,"items_purged":[],"score":302,"play_id":"4aec13de-8e50-40bc-bb98-8ae176c80926","local_time":"20190603100714","is_ascension_mode":true,"campfire_choices":[{"data":"Fire Breathing","floor":7.0,"key":"SMITH"},{"data":"Havoc","floor":10.0,"key":"SMITH"},{"floor":13.0,"key":"REST"},{"floor":15.0,"key":"REST"},{"data":"RitualDagger","floor":23.0,"key":"SMITH"},{"data":"Rupture","floor":28.0,"key":"SMITH"},{"floor":30.0,"key":"REST"},{"floor":32.0,"key":"REST"}],"neow_cost":"NONE","seed_source_timestamp":0,"circlet_count":0,"master_deck":["Strike_R","Strike_R","Strike_R","Strike_R","Strike_R","Defend_R","Defend_R","Defend_R","Defend_R","Bash","Thunderclap","Fire Breathing+1","Battle Trance","Sentinel","Injury","Juggernaut","Havoc+1","Metallicize","Shrug It Off","Immolate","Thunderclap","Juggernaut","Dual Wield","Writhe","RitualDagger+1","Rupture+1","Spot Weakness","Burning Pact+1","Rage","Impervious","Seeing Red","Rampage","Pommel Strike+1"],"special_seed":0,"relics":["Black Blood","NeowsBlessing","Bloody Idol","Torii","WingedGreaves","Dream Catcher","Gambling Chip","Vajra","Nunchaku"],"potions_floor_usage":[33],"damage_taken":[{"damage":0.0,"enemies":"Cultist","floor":1.0,"turns":1.0},{"damage":0.0,"enemies":"2 Louse","floor":2.0,"turns":1.0},{"damage":0.0,"enemies":"Jaw Worm","floor":3.0,"turns":1.0},{"damage":50.0,"enemies":"Exordium Thugs","floor":4.0,"turns":7.0},{"damage":16.0,"enemies":"Gremlin Nob","floor":6.0,"turns":3.0},{"damage":12.0,"enemies":"Looter","floor":8.0,"turns":3.0},{"damage":9.0,"enemies":"3 Louse","floor":14.0,"turns":4.0},{"damage":22.0,"enemies":"The Guardian","floor":16.0,"turns":12.0},{"damage":20.0,"enemies":"Spheric Guardian","floor":18.0,"turns":5.0},{"damage":34.0,"enemies":"3 Byrds","floor":24.0,"turns":3.0},{"damage":45.0,"enemies":"Slavers","floor":29.0,"turns":5.0},{"damage":14.0,"enemies":"3 Cultists","floor":31.0,"turns":4.0},{"damage":76,"enemies":"Automaton","floor":33,"turns":8}],"seed_played":"-8337932138285065245","potions_obtained":[{"floor":1.0,"key":"SteroidPotion"},{"floor":2.0,"key":"PowerPotion"},{"floor":4.0,"key":"SteroidPotion"},{"floor":8.0,"key":"Regen Potion"},{"floor":18.0,"key":"LiquidBronze"},{"floor":29.0,"key":"Ancient Potion"},{"floor":31.0,"key":"GamblersBrew"}],"is_trial":false,"path_per_floor":["M","M","M","M","?","E","R","M","T","R","$","$","R","M","R","B",null,"M","?","?","?","$","R","M","$","T","$","R","E","R","M","R","B"],"character_chosen":"IRONCLAD","items_purchased":["Dream Catcher","Metallicize","Rupture","Spot Weakness","Rage"],"campfire_rested":4,"item_purchase_floors":[11,11,22,22,25],"current_hp_per_floor":[80,80,80,36,36,26,26,20,20,20,20,20,44,41,65,64,80,70,70,70,64,64,64,45,45,50,50,50,20,44,45,69,0],"gold":71,"neow_bonus":"THREE_ENEMY_KILL","is_prod":false,"is_daily":false,"chose_seed":false,"campfire_upgraded":4,"win_rate":0,"timestamp":1559581634,"path_taken":["M","?","M","?","?","E","R","M","T","R","?","$","R","?","R","BOSS","M","?","?","?","$","R","?","?","T","$","R","E","R","M","R","BOSS"],"build_version":"2019-01-23","purchased_purges":0,"victory":false,"max_hp_per_floor":[80,80,80,80,80,80,80,80,80,80,80,80,80,80,80,80,80,80,80,80,80,80,80,80,80,80,80,80,80,80,80,80,80],"card_choices":[{"not_picked":["Dual Wield","Body Slam"],"picked":"Thunderclap","floor":1.0},{"not_picked":["Clothesline","Wild Strike"],"picked":"Fire Breathing","floor":2.0},{"not_picked":["Sword Boomerang","Hemokinesis"],"picked":"Battle Trance","floor":3.0},{"not_picked":["Flex","Warcry"],"picked":"Sentinel","floor":4.0},{"not_picked":["Whirlwind","Twin Strike"],"picked":"Juggernaut","floor":6.0},{"not_picked":["Wild Strike","Body Slam"],"picked":"Havoc","floor":8.0},{"not_picked":["Pommel Strike","Clash"],"picked":"Shrug It Off","floor":13.0},{"not_picked":["Seeing Red","Feel No Pain"],"picked":"Immolate","floor":14.0},{"not_picked":["Evolve","Clash"],"picked":"Thunderclap","floor":15.0},{"not_picked":["Immolate","Bludgeon"],"picked":"Juggernaut","floor":16.0},{"not_picked":["Thunderclap+1","Rampage"],"picked":"Dual Wield","floor":18.0},{"not_picked":["Armaments","Clothesline+1"],"picked":"Burning Pact+1","floor":24.0},{"not_picked":["Thunderclap+1","Pommel Strike"],"picked":"Impervious","floor":29.0},{"not_picked":["Sword Boomerang","True Grit"],"picked":"Seeing Red","floor":30.0},{"not_picked":["Sentinel","Shockwave"],"picked":"Rampage","floor":31.0},{"not_picked":["Warcry","Shrug It Off"],"picked":"Pommel Strike+1","floor":32.0}],"player_experience":386111,"relics_obtained":[{"floor":6.0,"key":"Torii"},{"floor":9.0,"key":"WingedGreaves"},{"floor":26.0,"key":"Vajra"},{"floor":29.0,"key":"Nunchaku"}],"event_choices":[{"damage_healed":0.0,"max_hp_gain":0.0,"max_hp_loss":0.0,"gold_gain":0.0,"event_name":"Golden Idol","player_choice":"Take Wound","floor":5.0,"gold_loss":0.0,"damage_taken":0.0,"relics_obtained":["Golden Idol"],"cards_obtained":["Injury"]},{"damage_healed":0.0,"max_hp_gain":0.0,"max_hp_loss":0.0,"gold_gain":0.0,"event_name":"Forgotten Altar","player_choice":"Gave Idol","floor":19.0,"relics_lost":["Golden Idol"],"gold_loss":0.0,"damage_taken":0.0,"relics_obtained":["Bloody Idol"]},{"damage_healed":0.0,"max_hp_gain":0.0,"max_hp_loss":0.0,"gold_gain":0.0,"event_name":"The Mausoleum","player_choice":"Opened","floor":20.0,"gold_loss":0.0,"damage_taken":0.0,"relics_obtained":["Gambling Chip"],"cards_obtained":["Writhe"]},{"damage_healed":0.0,"max_hp_gain":0.0,"max_hp_loss":0.0,"gold_gain":0.0,"event_name":"Nest","player_choice":"Joined the Cult","floor":21.0,"gold_loss":0.0,"damage_taken":6.0,"cards_obtained":["RitualDagger"]}],"is_beta":false,"boss_relics":[{"not_picked":["Runic Cube","Astrolabe"],"picked":"Black Blood"}],"items_purged_floors":[],"is_endless":false,"potions_floor_spawned":[1,2,4,8,18,29,31],"killed_by":"Automaton","ascension_level":3}