{"gold_per_floor":[118,118,118,118,118,118,144,144,144,144,162,52,52,66,66,163,163,180,191,204,204,204,204,135,135],"floor_reached":25,"playtime":1847,"items_purged":["Defend_B"],"score":315,"play_id":"5d661f70-65dc-4a04-b973-5d72d9a18f7a","local_time":"20190828100917","is_ascension_mode":true,"campfire_choices":[{"floor":6,"key":"REST"},{"data":"Defend_B","floor":8,"key":"PURGE"},{"data":"Strike_B","floor":13,"key":"PURGE"},{"data":"Loop","floor":15,"key":"SMITH"},{"data":"Echo Form","floor":23,"key":"SMITH"}],"neow_cost":"NONE","seed_source_timestamp":68019084203034,"circlet_count":0,"master_deck":["AscendersBane","Strike_B+1","Zap+1","Dualcast","Heatsinks","Gash","Loop+1","Gash","Heatsinks","Hologram","Echo Form+1","Double Energy","Aggregate","Barrage","Self Repair"],"relics":["Cracked Core","PreservedInsect","Oddly Smooth Stone","Peace Pipe","Symbiotic Virus","Lizard Tail"],"potions_floor_usage":[16,18],"damage_taken":[{"damage":7,"enemies":"Jaw Worm","floor":1,"turns":4},{"damage":14,"enemies":"3 Sentries","floor":7,"turns":6},{"damage":14,"enemies":"2 Louse","floor":11,"turns":2},{"damage":0,"enemies":"Cultist","floor":14,"turns":3},{"damage":23,"enemies":"The Guardian","floor":16,"turns":5},{"damage":21,"enemies":"3 Byrds","floor":18,"turns":4},{"damage":1,"enemies":"Spheric Guardian","floor":19,"turns":3},{"damage":24,"enemies":"Snake Plant","floor":20,"turns":4},{"damage":80,"enemies":"Book of Stabbing","floor":25,"turns":4}],"seed_played":"-533827696484561307","potions_obtained":[{"floor":1,"key":"PowerPotion"},{"floor":11,"key":"Poison Potion"},{"floor":16,"key":"Poison Potion"},{"floor":20,"key":"Poison Potion"}],"is_trial":false,"path_per_floor":["M","?","T","?","$","R","E","R","T","?","M","$","R","M","R","B",null,"M","M","M","?","?","R","$","E"],"character_chosen":"DEFECT","items_purchased":["Heatsinks","Self Repair"],"campfire_rested":1,"item_purchase_floors":[12,24],"current_hp_per_floor":[61,61,61,46,46,68,54,54,54,54,40,40,40,40,40,17,61,40,39,15,15,15,15,15,0],"gold":135,"neow_bonus":"RANDOM_COMMON_RELIC","is_prod":false,"is_daily":false,"chose_seed":false,"campfire_upgraded":2,"win_rate":0,"timestamp":1567001357,"path_taken":["M","?","?","?","?","R","E","R","T","?","?","$","R","M","R","BOSS","M","?","M","?","?","R","$","E"],"build_version":"2019-07-17","purchased_purges":1,"victory":false,"max_hp_per_floor":[75,75,75,75,75,75,75,75,75,75,75,75,75,75,75,75,75,75,75,75,75,75,75,75,75],"card_choices":[{"not_picked":["Compile Driver","Barrage"],"picked":"Heatsinks","floor":1},{"not_picked":["Rebound","Cold Snap"],"picked":"Loop","floor":7},{"not_picked":["Stack","Chill"],"picked":"Gash","floor":11},{"not_picked":["Doom and Gloom","Buffer"],"picked":"Hologram","floor":14},{"not_picked":["Electrodynamics","Seek"],"picked":"Echo Form","floor":16},{"not_picked":["Double Energy","Aggregate","Storm"],"picked":"SKIP","floor":18},{"not_picked":["Cold Snap","Barrage","Sweeping Beam"],"picked":"SKIP","floor":19},{"not_picked":["Steam Power","Force Field"],"picked":"Double Energy","floor":20}],"player_experience":1216728,"relics_obtained":[{"floor":3,"key":"Oddly Smooth Stone"},{"floor":7,"key":"Peace Pipe"},{"floor":9,"key":"Symbiotic Virus"}],"event_choices":[{"damage_healed":0,"gold_gain":0,"cards_transformed":["Strike_B"],"player_choice":"Change","damage_taken":0,"max_hp_gain":0,"max_hp_loss":0,"event_name":"Living Wall","floor":2,"gold_loss":0,"cards_obtained":["Gash"]},{"damage_healed":0,"gold_gain":0,"player_choice":"Entered Light","damage_taken":15,"max_hp_gain":0,"max_hp_loss":0,"event_name":"Shining Light","floor":4,"gold_loss":0,"cards_upgraded":["Strike_B","Zap"]},{"cards_removed":["Strike_B"],"damage_healed":0,"gold_gain":0,"player_choice":"Offered Basic","damage_taken":0,"max_hp_gain":0,"max_hp_loss":0,"event_name":"Bonfire Elementals","floor":10,"gold_loss":0},{"damage_healed":0,"gold_gain":0,"player_choice":"Ignored","damage_taken":0,"max_hp_gain":0,"max_hp_loss":0,"event_name":"Cursed Tome","floor":21,"gold_loss":0},{"damage_healed":0,"gold_gain":0,"cards_transformed":["Defend_B","Defend_B"],"player_choice":"Became Test Subject","damage_taken":0,"max_hp_gain":0,"max_hp_loss":0,"event_name":"Drug Dealer","floor":22,"gold_loss":0,"cards_obtained":["Aggregate","Barrage"]}],"is_beta":false,"boss_relics":[{"not_picked":["Eternal Feather","Runic Dome"],"picked":"Lizard Tail"}],"items_purged_floors":[12],"is_endless":false,"potions_floor_spawned":[1,11,16,20],"killed_by":"Book of Stabbing","ascension_level":12}