{"gold_per_floor":[119,131,148,165,165,165,205,205,256,51,51,51,75,117,117,200,200,224,233,260,280,322,322,340,340,409,431,457,457,500,522,522,609,609,638,654,433,433,452,452,490,511,534,562,127,148,370,438,438,438,438,438,4,47,47],"floor_reached":55,"playtime":7086,"items_purged":["Strike_B","Strike_B"],"score":1363,"play_id":"533d9967-7a58-488a-9183-cc84795cb213","local_time":"20191019204454","is_ascension_mode":true,"campfire_choices":[{"floor":6.0,"key":"REST"},{"data":"Zap","floor":8.0,"key":"SMITH"},{"floor":12.0,"key":"REST"},{"floor":15.0,"key":"REST"},{"floor":23.0,"key":"REST"},{"data":"Echo Form","floor":25.0,"key":"SMITH"},{"floor":29.0,"key":"REST"},{"floor":32.0,"key":"REST"},{"data":"Capacitor","floor":40.0,"key":"SMITH"},{"floor":49.0,"key":"RECALL"},{"data":"Biased Cognition","floor":52.0,"key":"SMITH"}],"neow_cost":"NONE","seed_source_timestamp":287616447358573,"circlet_count":0,"master_deck":["AscendersBane","Strike_B","Defend_B","Defend_B","Defend_B","Zap+1","Dualcast","FTL","Ball Lightning","Capacitor+1","Undo","Leap","Ball Lightning+1","Cold Snap+1","Compile Driver+1","Electrodynamics","Echo Form+1","Recycle","Barrage+1","Hologram+1","Glacier","Aggregate","Hello World","Thunder Strike+1","Thunder Strike+1","Static Discharge+1","Biased Cognition+1","Doom and Gloom+1","Doom and Gloom+1","Glacier+1","Lockon+1","Lockon+1","Meteor Strike+1","Biased Cognition","Compile Driver+1"],"special_seed":0,"relics":["Cracked Core","Bronze Scales","Molten Egg 2","CeramicFish","Akabeko","Orichalcum","Sundial","Snecko Eye","Strawberry","Red Mask","Mummified Hand","Singing Bowl","Happy Flower","Nuclear Battery","Frozen Eye","Boot","Eternal Feather","CloakClasp","Cables","Dodecahedron","Nunchaku"],"potions_floor_usage":[55,55],"damage_taken":[{"damage":8.0,"enemies":"2 Louse","floor":1.0,"turns":2.0},{"damage":5.0,"enemies":"Small Slimes","floor":2.0,"turns":4.0},{"damage":2.0,"enemies":"Jaw Worm","floor":3.0,"turns":3.0},{"damage":13.0,"enemies":"Blue Slaver","floor":4.0,"turns":2.0},{"damage":25.0,"enemies":"Gremlin Nob","floor":7.0,"turns":4.0},{"damage":1.0,"enemies":"Red Slaver","floor":13.0,"turns":2.0},{"damage":10.0,"enemies":"3 Sentries","floor":14.0,"turns":5.0},{"damage":5.0,"enemies":"The Guardian","floor":16.0,"turns":10.0},{"damage":16.0,"enemies":"2 Thieves","floor":18.0,"turns":3.0},{"damage":1.0,"enemies":"3 Byrds","floor":20.0,"turns":2.0},{"damage":8.0,"enemies":"Snecko","floor":21.0,"turns":3.0},{"damage":18.0,"enemies":"Masked Bandits","floor":22.0,"turns":4.0},{"damage":1.0,"enemies":"3 Cultists","floor":27.0,"turns":3.0},{"damage":22.0,"enemies":"Slavers","floor":28.0,"turns":3.0},{"damage":16.0,"enemies":"Book of Stabbing","floor":30.0,"turns":4.0},{"damage":16.0,"enemies":"Snake Plant","floor":31.0,"turns":3.0},{"damage":24.0,"enemies":"Automaton","floor":33.0,"turns":6.0},{"damage":13.0,"enemies":"3 Darklings","floor":35.0,"turns":2.0},{"damage":0.0,"enemies":"3 Shapes","floor":36.0,"turns":3.0},{"damage":8.0,"enemies":"Spire Growth","floor":39.0,"turns":3.0},{"damage":8.0,"enemies":"Reptomancer","floor":41.0,"turns":4.0},{"damage":0.0,"enemies":"Transient","floor":42.0,"turns":5.0},{"damage":0.0,"enemies":"Nemesis","floor":44.0,"turns":3.0},{"damage":0.0,"enemies":"Maw","floor":46.0,"turns":4.0},{"damage":16.0,"enemies":"Awakened One","floor":50.0,"turns":7.0},{"damage":15,"enemies":"Shield and Spear","floor":54,"turns":5},{"damage":87,"enemies":"The Heart","floor":55,"turns":5}],"seed_played":"-740002505993420386","potions_obtained":[{"floor":1.0,"key":"PowerPotion"},{"floor":3.0,"key":"DistilledChaos"},{"floor":13.0,"key":"FocusPotion"},{"floor":18.0,"key":"LiquidMemories"},{"floor":31.0,"key":"PotionOfCapacity"},{"floor":33.0,"key":"AttackPotion"},{"floor":35.0,"key":"Block Potion"},{"floor":41.0,"key":"DistilledChaos"},{"floor":54,"key":"GamblersBrew"}],"is_trial":false,"path_per_floor":["M","M","M","M","?","R","E","R","T","$","?","R","M","E","R","B",null,"M","?","M","M","?","R","?","R","T","M","E","R","E","M","R","B",null,"M","M","$","?","M","R","E","M","T","E","$","M","?","T","R","B",null,"R","$","E","B"],"character_chosen":"DEFECT","items_purchased":["Orichalcum","Ball Lightning+1","Cold Snap+1","Frozen Eye","CloakClasp","Lockon+1","Swift Potion","Biased Cognition","Dodecahedron"],"campfire_rested":6,"item_purchase_floors":[10,10,10,37,45,45,53,53,53],"current_hp_per_floor":[56,51,49,36,31,52,27,27,27,27,27,48,47,37,58,53,67,51,58,57,49,31,54,54,54,54,53,33,57,41,25,49,25,66,53,55,55,55,47,47,39,39,39,41,41,41,41,41,59,43,74,84,84,69,0],"gold":47,"neow_bonus":"RANDOM_COMMON_RELIC","is_prod":false,"is_daily":false,"chose_seed":false,"campfire_upgraded":4,"win_rate":0,"timestamp":1571532294,"path_taken":["M","M","M","M","?","R","E","R","T","$","?","R","M","E","R","BOSS","M","?","M","M","?","R","?","R","T","M","E","R","E","M","R","BOSS","M","M","$","?","M","R","E","M","T","E","$","?","?","?","R","BOSS","R","$","E","BOSS"],"build_version":"2019-10-18","purchased_purges":2,"victory":false,"max_hp_per_floor":[71,71,71,71,71,71,71,71,71,71,71,71,71,71,71,71,71,71,78,78,78,78,78,78,78,78,78,80,80,80,80,80,80,80,80,82,82,82,82,82,82,82,82,84,84,84,84,84,84,84,84,84,84,84,84],"card_choices":[{"not_picked":["Heatsinks","Redo"],"picked":"FTL","floor":1.0},{"not_picked":["Leap","Hello World"],"picked":"Ball Lightning","floor":2.0},{"not_picked":["Stack","Scrape"],"picked":"Capacitor","floor":3.0},{"not_picked":["Conserve Battery","Streamline"],"picked":"Undo","floor":4.0},{"not_picked":["Stack","Compile Driver+1"],"picked":"Leap","floor":7.0},{"not_picked":["Double Energy","Capacitor"],"picked":"Compile Driver+1","floor":13.0},{"not_picked":["Beam Cell+1","Sweeping Beam+1"],"picked":"Electrodynamics","floor":14.0},{"not_picked":["Seek","Rainbow"],"picked":"Echo Form","floor":16.0},{"not_picked":["Stack","Beam Cell+1"],"picked":"Recycle","floor":18.0},{"not_picked":["Hologram","Gash+1"],"picked":"Barrage+1","floor":20.0},{"not_picked":["Beam Cell+1","Leap+1"],"picked":"Hologram+1","floor":21.0},{"not_picked":["Doom and Gloom+1","Redo"],"picked":"Glacier","floor":22.0},{"not_picked":["Consume+1","Leap"],"picked":"Thunder Strike+1","floor":27.0},{"not_picked":["Hello World+1","Gash+1","Rebound+1"],"picked":"Singing Bowl","floor":28.0},{"not_picked":["FTL+1","Beam Cell+1"],"picked":"Thunder Strike+1","floor":30.0},{"not_picked":["Turbo","Beam Cell+1"],"picked":"Static Discharge+1","floor":31.0},{"not_picked":["Amplify","Electrodynamics"],"picked":"Biased Cognition","floor":33.0},{"not_picked":["Rebound+1","Barrage+1"],"picked":"Doom and Gloom+1","floor":35.0},{"not_picked":["Turbo","Redo","Stack"],"picked":"Singing Bowl","floor":36.0},{"not_picked":["Cold Snap+1","Turbo"],"picked":"Doom and Gloom+1","floor":39.0},{"not_picked":["Rip and Tear+1","Go for the Eyes+1"],"picked":"Glacier+1","floor":41.0},{"not_picked":["Thunder Strike+1","Doom and Gloom+1"],"picked":"Lockon+1","floor":42.0},{"not_picked":["Hologram","Turbo","Conserve Battery"],"picked":"Singing Bowl","floor":44.0},{"not_picked":["Beam Cell+1","Streamline+1"],"picked":"Meteor Strike+1","floor":46.0},{"not_picked":["Coolheaded","Beam Cell+1"],"picked":"Compile Driver+1","floor":54}],"player_experience":1832894,"relics_obtained":[{"floor":7.0,"key":"CeramicFish"},{"floor":9.0,"key":"Akabeko"},{"floor":14.0,"key":"Sundial"},{"floor":22.0,"key":"Red Mask"},{"floor":26.0,"key":"Mummified Hand"},{"floor":28.0,"key":"Singing Bowl"},{"floor":30.0,"key":"Happy Flower"},{"floor":41.0,"key":"Boot"},{"floor":44.0,"key":"Eternal Feather"},{"floor":48.0,"key":"Cables"},{"floor":54,"key":"Nunchaku"}],"event_choices":[{"damage_healed":0.0,"max_hp_gain":0.0,"max_hp_loss":0.0,"gold_gain":0.0,"event_name":"Scrap Ooze","player_choice":"Success","floor":5.0,"gold_loss":0.0,"damage_taken":5.0,"relics_obtained":["Molten Egg 2"]},{"damage_healed":0.0,"max_hp_gain":0.0,"max_hp_loss":0.0,"gold_gain":0.0,"event_name":"Shining Light","player_choice":"Ignored","floor":11.0,"gold_loss":0.0,"damage_taken":0.0},{"damage_healed":0.0,"max_hp_gain":0.0,"max_hp_loss":0.0,"gold_gain":0.0,"event_name":"Addict","player_choice":"Stole Relic","floor":19.0,"gold_loss":0.0,"damage_taken":0.0,"relics_obtained":["Strawberry"],"cards_obtained":["Shame"]},{"damage_healed":0.0,"max_hp_gain":0.0,"max_hp_loss":0.0,"gold_gain":0.0,"event_name":"Masked Bandits","player_choice":"Fought Bandits","floor":22.0,"gold_loss":0.0,"damage_taken":0.0},{"damage_healed":0.0,"max_hp_gain":0.0,"max_hp_loss":0.0,"gold_gain":0.0,"cards_transformed":["Strike_B","Defend_B"],"event_name":"Drug Dealer","player_choice":"Became Test Subject","floor":24.0,"gold_loss":0.0,"damage_taken":0.0,"cards_obtained":["Aggregate","Hello World"]},{"cards_removed":["Shame"],"damage_healed":0.0,"max_hp_gain":0.0,"max_hp_loss":0.0,"gold_gain":0.0,"event_name":"Fountain of Cleansing","player_choice":"Removed Curses","floor":38.0,"gold_loss":0.0,"damage_taken":0.0},{"damage_healed":0.0,"max_hp_gain":0.0,"max_hp_loss":0.0,"gold_gain":222.0,"event_name":"Tomb of Lord Red Mask","player_choice":"Wore Mask","floor":47.0,"gold_loss":0.0,"damage_taken":0.0}],"is_beta":true,"boss_relics":[{"not_picked":["Tiny House","Busted Crown"],"picked":"Snecko Eye"},{"not_picked":["Runic Dome","Runic Pyramid"],"picked":"Nuclear Battery"}],"items_purged_floors":[37,45],"is_endless":false,"potions_floor_spawned":[1,3,13,14,18,28,31,33,35,41,42,54],"killed_by":"The Heart","ascension_level":15}