{"gold_per_floor":[117,80,92,167,167,167,167,196,196,196,213,213,233,267,267,267],"floor_reached":16,"playtime":5618,"items_purged":[],"score":173,"play_id":"2247d818-75f4-471e-a984-7afa7d0e8f91","local_time":"20190629130222","is_ascension_mode":true,"campfire_choices":[{"floor":6,"key":"REST"},{"floor":12,"key":"REST"},{"data":"Loop","floor":15,"key":"SMITH"}],"neow_cost":"PERCENT_DAMAGE","seed_source_timestamp":0,"circlet_count":0,"master_deck":["Strike_B","Strike_B","Strike_B","Defend_B","Defend_B","Defend_B","Defend_B+1","Zap","Dualcast+1","Go for the Eyes","White Noise","Loop+1","Turbo","Electrodynamics","Auto Shields","Coolheaded"],"relics":["Cracked Core","Ice Cream","Cables","Calipers","Bottled Tornado","Kunai"],"potions_floor_usage":[13,16],"damage_taken":[{"damage":6,"enemies":"Cultist","floor":1,"turns":3},{"damage":4,"enemies":"Small Slimes","floor":3,"turns":2},{"damage":12,"enemies":"Lagavulin","floor":8,"turns":5},{"damage":7,"enemies":"Jaw Worm","floor":11,"turns":3},{"damage":5,"enemies":"3 Louse","floor":13,"turns":2},{"damage":0,"enemies":"3 Sentries","floor":14,"turns":2},{"damage":46,"enemies":"Hexaghost","floor":16,"turns":14}],"seed_played":"1147335860297954767","potions_obtained":[{"floor":3,"key":"Block Potion"},{"floor":8,"key":"FairyPotion"},{"floor":14,"key":"Weak Potion"}],"is_trial":false,"path_per_floor":["M","$","M","?","?","R","T","E","T","?","M","R","M","E","R","B"],"character_chosen":"DEFECT","items_purchased":["White Noise"],"campfire_rested":2,"item_purchase_floors":[2],"current_hp_per_floor":[44,44,40,29,14,36,36,24,24,24,17,39,34,34,34,0],"gold":267,"neow_bonus":"ONE_RARE_RELIC","is_prod":false,"is_daily":false,"chose_seed":true,"campfire_upgraded":1,"win_rate":0,"timestamp":1561827742,"path_taken":["M","$","?","?","?","R","?","E","T","?","M","R","M","E","R","BOSS"],"build_version":"2019-01-23","purchased_purges":0,"victory":false,"max_hp_per_floor":[75,75,75,75,75,75,75,75,75,75,75,75,75,75,75,75],"card_choices":[{"not_picked":["Beam Cell","Hologram"],"picked":"Go for the Eyes","floor":1},{"not_picked":["Lockon","Gash"],"picked":"Loop","floor":3},{"not_picked":["Compile Driver","Steam"],"picked":"Turbo","floor":8},{"not_picked":["Blizzard","Go for the Eyes"],"picked":"Electrodynamics","floor":11},{"not_picked":["Streamline","Self Repair"],"picked":"Auto Shields","floor":13},{"not_picked":["Cold Snap","Capacitor"],"picked":"Coolheaded","floor":14}],"player_experience":702005,"relics_obtained":[{"floor":7,"key":"Cables"},{"floor":8,"key":"Calipers"},{"floor":9,"key":"Bottled Tornado"},{"floor":14,"key":"Kunai"}],"event_choices":[{"damage_healed":0,"gold_gain":75,"player_choice":"Gather Gold","damage_taken":11,"max_hp_gain":0,"max_hp_loss":0,"event_name":"World of Goop","floor":4,"gold_loss":0},{"damage_healed":0,"gold_gain":0,"player_choice":"Entered Light","damage_taken":15,"max_hp_gain":0,"max_hp_loss":0,"event_name":"Shining Light","floor":5,"gold_loss":0,"cards_upgraded":["Defend_B","Dualcast"]},{"cards_removed":["Strike_B"],"damage_healed":0,"gold_gain":0,"player_choice":"Purged","damage_taken":0,"max_hp_gain":0,"max_hp_loss":0,"event_name":"Purifier","floor":10,"gold_loss":0}],"is_beta":false,"boss_relics":[],"items_purged_floors":[],"is_endless":false,"potions_floor_spawned":[3,8,14],"killed_by":"Hexaghost","ascension_level":6}