{"gold_per_floor":[118,118,118,145,40,40,71,71,71,102,27,37,71,85,85,185,185,196,196,213,23,42,68,78,95,95,95,95,95,48,67,67,163,163,180,180,180],"floor_reached":37,"playtime":4565,"items_purged":["Strike_B","Strike_B"],"score":430,"play_id":"9dff146f-229d-462d-b025-13ef9aae93a5","local_time":"20191021144953","is_ascension_mode":false,"campfire_choices":[{"data":"Tempest","floor":6.0,"key":"SMITH"},{"data":"Zap","floor":8.0,"key":"SMITH"},{"floor":15.0,"key":"REST"},{"data":"Beam Cell","floor":27,"key":"SMITH"},{"data":"Beam Cell","floor":29,"key":"SMITH"},{"data":"Dualcast","floor":32,"key":"SMITH"}],"neow_cost":"NONE","seed_source_timestamp":11746730127100,"circlet_count":0,"master_deck":["Strike_B+1","Strike_B+1","Defend_B","Defend_B","Defend_B","Defend_B","Zap+1","Dualcast+1","Tempest+1","Capacitor","Rebound","Conserve Battery","Conserve Battery+1","Streamline","Reprogram+1","Streamline","Machine Learning","Beam Cell+1","Ghostly+1","Ghostly+1","Ghostly+1","Ghostly+1","Ghostly+1","FTL","Steam Power+1","Beam Cell","Ball Lightning","Beam Cell+1","Streamline","Hologram+1","Reboot+1","Hologram+1"],"special_seed":0,"relics":["Cracked Core","Whetstone","Bronze Scales","Potion Belt","Toxic Egg 2","Shuriken","Runic Pyramid","Matryoshka","Bottled Tornado","Pantograph","Nuclear Battery"],"potions_floor_usage":[33,37,37,37,37,37],"damage_taken":[{"damage":0.0,"enemies":"2 Louse","floor":1.0,"turns":3.0},{"damage":26.0,"enemies":"Lagavulin","floor":7.0,"turns":7.0},{"damage":31.0,"enemies":"3 Sentries","floor":10.0,"turns":5.0},{"damage":6.0,"enemies":"Jaw Worm","floor":12.0,"turns":3.0},{"damage":6.0,"enemies":"Gremlin Nob","floor":13.0,"turns":3.0},{"damage":1.0,"enemies":"Small Slimes","floor":14.0,"turns":3.0},{"damage":15.0,"enemies":"Slime Boss","floor":16.0,"turns":9.0},{"damage":0.0,"enemies":"Chosen","floor":18.0,"turns":5.0},{"damage":2.0,"enemies":"Shell Parasite","floor":20.0,"turns":7.0},{"damage":10.0,"enemies":"Cultist and Chosen","floor":22.0,"turns":6.0},{"damage":4.0,"enemies":"Book of Stabbing","floor":23.0,"turns":5.0},{"damage":0.0,"enemies":"Centurion and Healer","floor":24.0,"turns":6.0},{"damage":0.0,"enemies":"Snecko","floor":25.0,"turns":4.0},{"damage":3,"enemies":"Snake Plant","floor":31,"turns":4},{"damage":45,"enemies":"Automaton","floor":33,"turns":11},{"damage":5,"enemies":"Orb Walker","floor":35,"turns":3},{"damage":52,"enemies":"Time Eater","floor":37,"turns":11}],"seed_played":"-1924100397312408375","potions_obtained":[{"floor":7.0,"key":"SteroidPotion"},{"floor":12.0,"key":"Poison Potion"},{"floor":14.0,"key":"Ancient Potion"},{"floor":20.0,"key":"PowerPotion"},{"floor":23.0,"key":"Strength Potion"},{"floor":25.0,"key":"SpeedPotion"},{"floor":31,"key":"Regen Potion"},{"floor":33,"key":"SkillPotion"},{"floor":35,"key":"Energy Potion"}],"is_trial":false,"path_per_floor":["M","?","?","T","$","R","E","R","T","E","$","M","E","M","R","B",null,"M","?","M","$","M","E","M","M","T","R","?","R","$","M","R","B",null,"M","?","B"],"character_chosen":"DEFECT","items_purchased":["Capacitor","Rebound","Steam Power+1","Beam Cell","Hologram+1"],"campfire_rested":1,"item_purchase_floors":[5,5,21,21,30],"current_hp_per_floor":[82,82,87,87,87,87,61,61,61,30,30,24,18,17,43,28,87,87,43,41,41,31,27,27,27,27,27,27,27,27,24,24,13,43,38,38,0],"gold":180,"neow_bonus":"TEN_PERCENT_HP_BONUS","is_prod":false,"is_daily":false,"chose_seed":false,"campfire_upgraded":5,"win_rate":0.0,"timestamp":1571683793,"path_taken":["M","?","?","?","$","R","E","R","T","E","$","M","E","M","R","BOSS","M","?","M","$","M","E","M","M","T","R","?","R","?","?","R","BOSS","M","?","BOSS"],"build_version":"2019-07-17","purchased_purges":2,"victory":false,"max_hp_per_floor":[82,82,87,87,87,87,87,87,87,87,87,87,87,87,87,87,87,87,43,43,43,43,43,43,43,43,43,43,43,43,43,43,43,43,43,43,43],"card_choices":[{"not_picked":["Gash","Conserve Battery"],"picked":"Tempest","floor":1.0},{"not_picked":["Beam Cell","BootSequence"],"picked":"Conserve Battery","floor":7.0},{"not_picked":["Rip and Tear","Hologram"],"picked":"Conserve Battery","floor":10.0},{"not_picked":["Sunder","Genetic Algorithm+1"],"picked":"Streamline","floor":12.0},{"not_picked":["Streamline","Sweeping Beam"],"picked":"Reprogram+1","floor":13.0},{"not_picked":["Auto Shields+1","BootSequence+1"],"picked":"Streamline","floor":14.0},{"not_picked":["Echo Form","Reboot+1"],"picked":"Machine Learning","floor":16.0},{"not_picked":["Conserve Battery+1","Capacitor"],"picked":"Beam Cell","floor":18.0},{"not_picked":["Gash","Stack+1"],"picked":"FTL","floor":20.0},{"not_picked":["Coolheaded+1","Stack+1"],"picked":"Ball Lightning","floor":22.0},{"not_picked":["Steam+1","Genetic Algorithm+1"],"picked":"Beam Cell","floor":23.0},{"not_picked":["Turbo+1","Cold Snap+1"],"picked":"Streamline","floor":24.0},{"not_picked":["Melter","Cold Snap","Stack+1"],"picked":"SKIP","floor":25.0},{"not_picked":["Sunder","Barrage+1"],"picked":"Reboot+1","floor":31},{"not_picked":["Ball Lightning+1","Go for the Eyes"],"picked":"Hologram+1","floor":35}],"player_experience":46642,"relics_obtained":[{"floor":4.0,"key":"Whetstone"},{"floor":7.0,"key":"Bronze Scales"},{"floor":9.0,"key":"Potion Belt"},{"floor":10.0,"key":"Toxic Egg 2"},{"floor":13.0,"key":"Shuriken"},{"floor":23.0,"key":"Matryoshka"},{"floor":26,"key":"Bottled Tornado"},{"floor":26,"key":"Pantograph"}],"event_choices":[{"damage_healed":0.0,"max_hp_gain":0.0,"max_hp_loss":0.0,"gold_gain":0.0,"event_name":"Golden Idol","player_choice":"Ignored","floor":2.0,"gold_loss":0.0,"damage_taken":0.0},{"damage_healed":0.0,"max_hp_gain":5.0,"max_hp_loss":0.0,"gold_gain":0.0,"event_name":"Big Fish","player_choice":"Donut","floor":3.0,"gold_loss":0.0,"damage_taken":0.0},{"damage_healed":0.0,"max_hp_gain":0.0,"max_hp_loss":44.0,"gold_gain":0.0,"event_name":"Ghosts","player_choice":"Became a Ghost","floor":19.0,"gold_loss":0.0,"damage_taken":0.0,"cards_obtained":["Ghostly","Ghostly","Ghostly","Ghostly","Ghostly"]},{"damage_healed":0,"gold_gain":0,"player_choice":"Ignored","damage_taken":0,"max_hp_gain":0,"max_hp_loss":0,"event_name":"The Mausoleum","floor":28,"gold_loss":0},{"damage_healed":0,"gold_gain":0,"player_choice":"Took Portal","damage_taken":0,"max_hp_gain":0,"max_hp_loss":0,"event_name":"SecretPortal","floor":36,"gold_loss":0}],"is_beta":false,"boss_relics":[{"not_picked":["Snecko Eye","Cursed Key"],"picked":"Runic Pyramid"},{"not_picked":["Inserter","Runic Dome"],"picked":"Nuclear Battery"}],"items_purged_floors":[11,21],"is_endless":false,"potions_floor_spawned":[7,12,14,20,23,25,31,33,35],"killed_by":"Time Eater","ascension_level":0}