{"gold_per_floor":[112,124,142,142,160,160,191,210,261,261,277,277,277,277,277,377,377,392,404,404,404,417,417],"floor_reached":23,"playtime":797,"items_purged":[],"score":193,"play_id":"f3afa34d-aad5-4a22-b2f6-85e90944cb87","local_time":"20180717193922","is_ascension_mode":false,"campfire_choices":[{"data":"Ball Lightning","floor":6,"key":"SMITH"},{"floor":12,"key":"REST"},{"floor":15,"key":"REST"}],"neow_cost":"","seed_source_timestamp":504858868105033,"circlet_count":0,"master_deck":["Strike_B","Strike_B","Strike_B","Defend_B","Defend_B","Defend_B","Defend_B+1","Zap+1","Dualcast","Ball Lightning+1","Ball Lightning","Writhe"],"relics":["Cracked Core","Orichalcum","Vajra","Matryoshka","Nuclear Battery","Omamori"],"potions_floor_usage":[],"damage_taken":[{"damage":2,"enemies":"Jaw Worm","floor":1,"turns":4},{"damage":0,"enemies":"Cultist","floor":2,"turns":4},{"damage":7,"enemies":"2 Louse","floor":3,"turns":2},{"damage":13,"enemies":"2 Fungi Beasts","floor":5,"turns":4},{"damage":29,"enemies":"Gremlin Nob","floor":7,"turns":4},{"damage":0,"enemies":"Exordium Thugs","floor":8,"turns":3},{"damage":4,"enemies":"Looter","floor":11,"turns":2},{"damage":34,"enemies":"Slime Boss","floor":16,"turns":9},{"damage":19,"enemies":"Shell Parasite","floor":18,"turns":6},{"damage":2,"enemies":"3 Byrds","floor":19,"turns":4},{"damage":19,"enemies":"Snake Plant","floor":22,"turns":4},{"damage":44,"enemies":"Slavers","floor":23,"turns":3}],"seed_played":"1285596426412531931","potions_obtained":[{"floor":1,"key":"FocusPotion"},{"floor":2,"key":"Explosive Potion"},{"floor":5,"key":"Swift Potion"}],"is_trial":false,"path_per_floor":["M","M","M","?","M","R","E","M","T","?","M","R","?","?","R","B",null,"M","M","?","?","M"],"character_chosen":"DEFECT","items_purchased":[],"campfire_rested":2,"item_purchase_floors":[],"current_hp_per_floor":[73,73,66,51,38,38,9,9,9,14,10,34,22,22,46,12,80,61,59,59,59,40,0],"gold":417,"neow_bonus":"","is_prod":false,"is_daily":false,"chose_seed":false,"campfire_upgraded":1,"win_rate":0,"timestamp":1531820362,"path_taken":["M","M","M","?","?","R","E","M","T","?","M","R","?","?","R","BOSS","M","M","?","?","M","E"],"build_version":"2018-07-12","purchased_purges":0,"victory":false,"max_hp_per_floor":[75,75,75,75,75,75,75,75,75,80,80,80,80,80,80,80,80,80,80,80,80,80,80],"card_choices":[{"not_picked":["Skim","Tempest","Blizzard"],"picked":"SKIP","floor":1},{"not_picked":["Leap","Lockon","Steam"],"picked":"SKIP","floor":2},{"not_picked":["Go for the Eyes","Gash","Barrage"],"picked":"SKIP","floor":3},{"not_picked":["Cold Snap","Barrage"],"picked":"Ball Lightning","floor":5},{"not_picked":["Fission","Compile Driver","Barrage"],"picked":"SKIP","floor":7},{"not_picked":["Heatsinks","Skim","Conserve Battery"],"picked":"SKIP","floor":8},{"not_picked":["Rebound","White Noise","Chill"],"picked":"SKIP","floor":11},{"not_picked":["Sweeping Beam","Steam Power+1","Doom and Gloom"],"picked":"SKIP","floor":18},{"not_picked":["Loop+1","Steam","Double Energy"],"picked":"SKIP","floor":19},{"not_picked":["Rip and Tear+1","Sweeping Beam","Hello World"],"picked":"SKIP","floor":22}],"player_experience":177635,"relics_obtained":[{"floor":7,"key":"Orichalcum"},{"floor":9,"key":"Vajra"}],"event_choices":[{"event_name":"Shining Light","player_choice":"Entered Light","floor":4,"damage_taken":0},{"event_name":"Big Fish","player_choice":"Donut","floor":10,"damage_taken":0},{"event_name":"Scrap Ooze","player_choice":"success","floor":13,"damage_taken":12},{"event_name":"Purifier","player_choice":"One Purge","floor":14,"damage_taken":0},{"event_name":"The Library","player_choice":"Read","floor":20,"damage_taken":0},{"event_name":"The Mausoleum","player_choice":"Yes","floor":21,"damage_taken":0}],"boss_relics":[{"not_picked":["Empty Cage","Calling Bell"],"picked":"Nuclear Battery"}],"items_purged_floors":[],"is_endless":false,"potions_floor_spawned":[1,2,5],"killed_by":"Slavers","ascension_level":0}