{"gold_per_floor":[114,132,112,126,138,138,138,138,165,165,198,211,161,161,161,265,265,280,42,42,54,54,54,67,67,67,99,125,137,149,261,273,285],"floor_reached":33,"playtime":4767,"items_purged":[],"score":278,"play_id":"c6579cae-4f32-49f6-b0b5-7f2bb1588230","local_time":"20190912012710","is_ascension_mode":true,"campfire_choices":[{"data":"Armaments","floor":6,"key":"SMITH"},{"data":"Whirlwind","floor":8,"key":"SMITH"},{"data":"Shockwave","floor":10,"key":"SMITH"},{"data":"Rampage","floor":15,"key":"SMITH"},{"floor":23,"key":"REST"},{"floor":25,"key":"REST"},{"data":"Double Tap","floor":29,"key":"SMITH"},{"data":"Armaments","floor":32,"key":"SMITH"}],"neow_cost":"NONE","seed_source_timestamp":624318550633900,"circlet_count":0,"master_deck":["Strike_R","Defend_R","Defend_R","Defend_R","Defend_R","Bash","Shockwave+1","Whirlwind+1","Anger","Armaments+1","Rampage+1","Dark Embrace","Immolate","Pummel+1","Perfected Strike+1","Ghostly Armor+1","Infernal Blade+1","Armaments+1","Necronomicurse","Pummel+1","Cleave+1","Double Tap+1","Writhe","Anger+1"],"relics":["Burning Blood","NeowsBlessing","Blood Vial","Pen Nib","Astrolabe","Molten Egg 2","Necronomicon","Pantograph","MawBank","Regal Pillow","Calipers","Mercury Hourglass"],"potions_floor_usage":[7,16,24,27,27,28,33],"damage_taken":[{"damage":0,"enemies":"Jaw Worm","floor":1,"turns":1},{"damage":0,"enemies":"Cultist","floor":2,"turns":1},{"damage":0,"enemies":"2 Louse","floor":4,"turns":1},{"damage":12,"enemies":"Looter","floor":5,"turns":3},{"damage":3,"enemies":"Red Slaver","floor":7,"turns":3},{"damage":18,"enemies":"Lagavulin","floor":11,"turns":7},{"damage":4,"enemies":"Blue Slaver","floor":12,"turns":4},{"damage":31,"enemies":"Slime Boss","floor":16,"turns":10},{"damage":30,"enemies":"2 Thieves","floor":18,"turns":4},{"damage":27,"enemies":"3 Byrds","floor":21,"turns":6},{"damage":2,"enemies":"Shelled Parasite and Fungi","floor":24,"turns":3},{"damage":8,"enemies":"Gremlin Leader","floor":27,"turns":3},{"damage":20,"enemies":"Chosen and Byrds","floor":28,"turns":9},{"damage":0,"enemies":"Colosseum Slavers","floor":31,"turns":1},{"damage":36,"enemies":"Colosseum Nobs","floor":31,"turns":4},{"damage":72,"enemies":"Champ","floor":33,"turns":11}],"seed_played":"1453393867409321042","potions_obtained":[{"floor":1,"key":"EssenceOfSteel"},{"floor":2,"key":"FearPotion"},{"floor":3,"key":"Explosive Potion"},{"floor":4,"key":"SkillPotion"},{"floor":5,"key":"SmokeBomb"},{"floor":11,"key":"GamblersBrew"},{"floor":18,"key":"Block Potion"},{"floor":24,"key":"LiquidBronze"},{"floor":27,"key":"EssenceOfSteel"}],"is_trial":false,"path_per_floor":["M","M","?","M","M","R","M","R","T","R","E","M","?","$","R","B",null,"M","$","?","M","?","R","M","R","T","E","M","R","?","?","R","B"],"character_chosen":"IRONCLAD","items_purchased":["Molten Egg 2"],"campfire_rested":2,"item_purchase_floors":[19],"current_hp_per_floor":[80,80,80,80,74,74,77,77,77,77,67,71,71,71,71,48,80,56,56,56,37,21,45,51,75,75,75,63,63,63,43,43,0],"gold":285,"neow_bonus":"THREE_ENEMY_KILL","is_prod":false,"is_daily":false,"chose_seed":false,"campfire_upgraded":6,"win_rate":0,"timestamp":1568269630,"path_taken":["M","M","?","M","M","R","?","R","T","R","E","M","?","$","R","BOSS","M","$","?","?","?","R","M","R","T","E","M","R","?","?","R","BOSS"],"build_version":"2019-07-17","purchased_purges":0,"victory":false,"max_hp_per_floor":[80,80,80,80,80,80,80,80,80,80,80,80,80,80,80,80,80,80,80,80,80,80,80,80,80,80,80,80,80,80,80,80,80],"card_choices":[{"not_picked":["Thunderclap","Clothesline"],"picked":"Shockwave","floor":1},{"not_picked":["Pommel Strike","Shrug It Off"],"picked":"Whirlwind","floor":2},{"not_picked":["Heavy Blade","Twin Strike"],"picked":"Anger","floor":4},{"not_picked":["Cleave","Sword Boomerang"],"picked":"Armaments","floor":5},{"not_picked":["Shrug It Off","Whirlwind"],"picked":"Rampage","floor":11},{"not_picked":["Heavy Blade","Feel No Pain"],"picked":"Dark Embrace","floor":12},{"not_picked":["Bludgeon","Limit Break"],"picked":"Immolate","floor":16},{"not_picked":["Heavy Blade","Body Slam"],"picked":"Infernal Blade+1","floor":18},{"not_picked":["Wild Strike+1","Clash+1"],"picked":"Armaments","floor":21},{"not_picked":["Disarm","Power Through"],"picked":"Pummel+1","floor":24},{"not_picked":["Perfected Strike+1","Clash+1"],"picked":"Cleave+1","floor":27},{"not_picked":["Clash+1","Rampage+1"],"picked":"Double Tap","floor":28},{"not_picked":["Pommel Strike+1","Headbutt+1"],"picked":"Anger+1","floor":31}],"player_experience":79767,"relics_obtained":[{"floor":9,"key":"Blood Vial"},{"floor":11,"key":"Pen Nib"},{"floor":22,"key":"Necronomicon"},{"floor":26,"key":"Pantograph"},{"floor":27,"key":"MawBank"},{"floor":31,"key":"Calipers"},{"floor":31,"key":"Mercury Hourglass"}],"event_choices":[{"damage_healed":0,"gold_gain":0,"player_choice":"Bought 1 Potion","damage_taken":0,"max_hp_gain":0,"max_hp_loss":0,"event_name":"The Woman in Blue","floor":3,"gold_loss":0},{"cards_removed":["Strike_R"],"damage_healed":0,"gold_gain":0,"player_choice":"Card Removal","damage_taken":0,"max_hp_gain":0,"max_hp_loss":0,"event_name":"The Cleric","floor":13,"gold_loss":50},{"damage_healed":0,"gold_gain":0,"player_choice":"Got Potions","damage_taken":0,"max_hp_gain":0,"max_hp_loss":0,"event_name":"Lab","floor":20,"gold_loss":0},{"damage_healed":0,"gold_gain":0,"player_choice":"Obtained Book","damage_taken":16,"max_hp_gain":0,"max_hp_loss":0,"event_name":"Cursed Tome","floor":22,"gold_loss":0},{"damage_healed":0,"gold_gain":0,"player_choice":"Opened","damage_taken":0,"relics_obtained":["Regal Pillow"],"max_hp_gain":0,"max_hp_loss":0,"event_name":"The Mausoleum","floor":30,"gold_loss":0,"cards_obtained":["Writhe"]},{"damage_healed":0,"gold_gain":0,"player_choice":"Fight","damage_taken":0,"max_hp_gain":0,"max_hp_loss":0,"event_name":"Colosseum","floor":31,"gold_loss":0},{"damage_healed":0,"gold_gain":0,"player_choice":"Fought Nobs","damage_taken":0,"max_hp_gain":0,"max_hp_loss":0,"event_name":"Colosseum","floor":31,"gold_loss":0}],"is_beta":false,"boss_relics":[{"not_picked":["Ectoplasm","Empty Cage"],"picked":"Astrolabe"}],"items_purged_floors":[],"is_endless":false,"potions_floor_spawned":[1,2,4,5,11,18,24,27,31],"killed_by":"Champ","ascension_level":1}