{"gold_per_floor":[119,119,167,242,257,291,291,256,256,285,297,329,16,30,30,132,132,147,157,157,157],"floor_reached":21,"playtime":1169,"items_purged":[],"score":300,"play_id":"0f8c9a85-20e6-46f4-ab53-c9ebf856b4fa","local_time":"20190911055758","is_ascension_mode":true,"campfire_choices":[{"data":"Sunder","floor":7,"key":"SMITH"},{"floor":15,"key":"REST"}],"neow_cost":"NONE","seed_source_timestamp":2350142156051900,"circlet_count":0,"master_deck":["Strike_B","Strike_B","Strike_B","Defend_B","Defend_B","Defend_B","Defend_B","Zap","Dualcast","Tempest","Coolheaded","Sunder+1","Cold Snap","Ball Lightning","Fusion","Self Repair","Biased Cognition","Leap","Machine Learning"],"relics":["Cracked Core","NeowsBlessing","Ancient Tea Set","Singing Bowl","Calipers","Girya","Bird Faced Urn","Medical Kit","Black Star"],"potions_floor_usage":[10,16,19,21],"damage_taken":[{"damage":0,"enemies":"Cultist","floor":1,"turns":1},{"damage":0,"enemies":"Jaw Worm","floor":5,"turns":1},{"damage":0,"enemies":"Lagavulin","floor":6,"turns":1},{"damage":6,"enemies":"Gremlin Nob","floor":10,"turns":3},{"damage":8,"enemies":"2 Louse","floor":11,"turns":2},{"damage":41,"enemies":"3 Sentries","floor":12,"turns":13},{"damage":4,"enemies":"Exordium Wildlife","floor":14,"turns":4},{"damage":49,"enemies":"Hexaghost","floor":16,"turns":8},{"damage":28,"enemies":"Chosen","floor":18,"turns":7},{"damage":29,"enemies":"3 Byrds","floor":19,"turns":4},{"damage":37,"enemies":"Centurion and Healer","floor":21,"turns":4}],"seed_played":"-1515959626454275877","potions_obtained":[{"floor":1,"key":"Block Potion"},{"floor":6,"key":"PowerPotion"},{"floor":18,"key":"EssenceOfSteel"},{"floor":19,"key":"SteroidPotion"}],"is_trial":false,"path_per_floor":["M","?","T","?","M","E","R","?","T","E","M","E","$","M","R","B",null,"M","M","?","M"],"character_chosen":"DEFECT","items_purchased":["Medical Kit","Fusion","Self Repair"],"campfire_rested":1,"item_purchase_floors":[13,13,13],"current_hp_per_floor":[68,68,68,57,57,57,57,75,75,71,63,22,22,29,52,26,66,49,31,31,0],"gold":157,"neow_bonus":"THREE_ENEMY_KILL","is_prod":false,"is_daily":false,"chose_seed":false,"campfire_upgraded":1,"win_rate":0,"timestamp":1568145478,"path_taken":["M","?","?","?","?","E","R","?","T","E","M","E","?","M","R","BOSS","M","M","?","M"],"build_version":"2019-07-17","purchased_purges":0,"victory":false,"max_hp_per_floor":[75,75,75,75,75,75,75,75,75,77,77,77,77,79,79,79,79,79,79,79,79],"card_choices":[{"not_picked":["Blizzard","Skim"],"picked":"Tempest","floor":1},{"not_picked":["Go for the Eyes","Hello World"],"picked":"Coolheaded","floor":5},{"not_picked":["Streamline","Coolheaded"],"picked":"Sunder","floor":6},{"not_picked":["Redo","Steam","Sunder"],"picked":"Singing Bowl","floor":10},{"not_picked":["Barrage","Sweeping Beam"],"picked":"Cold Snap","floor":11},{"not_picked":["Redo","Aggregate"],"picked":"Ball Lightning","floor":12},{"not_picked":["Cold Snap","Reprogram","Beam Cell"],"picked":"Singing Bowl","floor":14},{"not_picked":["Hyperbeam","Amplify"],"picked":"Biased Cognition","floor":16},{"not_picked":["Rebound+1","Turbo"],"picked":"Leap","floor":18},{"not_picked":["Gash","Turbo"],"picked":"Machine Learning","floor":19}],"player_experience":634790,"relics_obtained":[{"floor":3,"key":"Ancient Tea Set"},{"floor":6,"key":"Singing Bowl"},{"floor":9,"key":"Calipers"},{"floor":10,"key":"Girya"},{"floor":12,"key":"Bird Faced Urn"}],"event_choices":[{"cards_removed":["Strike_B"],"damage_healed":0,"gold_gain":0,"player_choice":"Forget","damage_taken":0,"max_hp_gain":0,"max_hp_loss":0,"event_name":"Living Wall","floor":2,"gold_loss":0},{"damage_healed":0,"gold_gain":75,"player_choice":"Gather Gold","damage_taken":11,"max_hp_gain":0,"max_hp_loss":0,"event_name":"World of Goop","floor":4,"gold_loss":0},{"damage_healed":18,"gold_gain":0,"player_choice":"Healed","damage_taken":0,"max_hp_gain":0,"max_hp_loss":0,"event_name":"The Cleric","floor":8,"gold_loss":35},{"damage_healed":0,"gold_gain":0,"player_choice":"Ignored","damage_taken":0,"max_hp_gain":0,"max_hp_loss":0,"event_name":"Vampires","floor":20,"gold_loss":0}],"is_beta":false,"boss_relics":[{"not_picked":["Empty Cage","Calling Bell"],"picked":"Black Star"}],"items_purged_floors":[],"is_endless":false,"potions_floor_spawned":[1,6,18,19],"killed_by":"Centurion and Healer","ascension_level":7}