{"gold_per_floor":[115,134,148,167,31,31,31,66,66,91,104,114,131,148,148,247,247,259,269,288,116,91,91],"floor_reached":23,"playtime":1566,"items_purged":["Strike_B"],"score":248,"play_id":"30071155-47e1-4e2b-b09e-5d3140f259b6","local_time":"20190830222150","is_ascension_mode":true,"campfire_choices":[{"data":"Gash","floor":6.0,"key":"SMITH"},{"floor":15,"key":"REST"}],"neow_cost":"NONE","seed_source_timestamp":0,"circlet_count":0,"master_deck":["Strike_B+1","Strike_B+1","Strike_B","Defend_B","Defend_B","Defend_B","Defend_B","Zap","Dualcast","FTL","Gash+1","Hologram","Core Surge","Double Energy","Fission","Cold Snap","Self Repair","Undo+1","Gash+1","Conserve Battery","Go for the Eyes","Gash"],"special_seed":0,"relics":["Cracked Core","Bag of Preparation","Regal Pillow","Pantograph","Anchor","Whetstone","White Beast Statue"],"potions_floor_usage":[13,13,16,16,20,23],"damage_taken":[{"damage":1.0,"enemies":"Cultist","floor":1.0,"turns":3.0},{"damage":0.0,"enemies":"2 Louse","floor":2.0,"turns":2.0},{"damage":2.0,"enemies":"Small Slimes","floor":3.0,"turns":2.0},{"damage":4.0,"enemies":"Red Slaver","floor":4.0,"turns":4.0},{"damage":30.0,"enemies":"Lagavulin","floor":8.0,"turns":8.0},{"damage":15,"enemies":"3 Sentries","floor":10,"turns":8},{"damage":0,"enemies":"Blue Slaver","floor":11,"turns":2},{"damage":0,"enemies":"Large Slime","floor":12,"turns":4},{"damage":0,"enemies":"3 Louse","floor":13,"turns":2},{"damage":4,"enemies":"Red Slaver","floor":14,"turns":3},{"damage":54,"enemies":"Hexaghost","floor":16,"turns":9},{"damage":24,"enemies":"Chosen","floor":18,"turns":5},{"damage":25,"enemies":"Shell Parasite","floor":19,"turns":6},{"damage":45,"enemies":"3 Cultists","floor":20,"turns":7},{"damage":19,"enemies":"Gremlin Leader","floor":23,"turns":3}],"seed_played":"-1353624690038511958","potions_obtained":[{"floor":2.0,"key":"Strength Potion"},{"floor":3.0,"key":"SteroidPotion"},{"floor":8.0,"key":"Ancient Potion"},{"floor":12,"key":"Weak Potion"},{"floor":13,"key":"AttackPotion"},{"floor":14,"key":"Poison Potion"},{"floor":18,"key":"FairyPotion"},{"floor":19,"key":"Energy Potion"},{"floor":20,"key":"Energy Potion"}],"is_trial":false,"path_per_floor":["M","M","M","M","$","R","?","E","T","E","M","M","M","M","R","B",null,"M","M","M","$","$","E"],"character_chosen":"DEFECT","items_purchased":["Core Surge","Conserve Battery","Go for the Eyes","Gash"],"campfire_rested":1,"item_purchase_floors":[5,21,21,22],"current_hp_per_floor":[74,74,72,68,68,68,68,38,38,23,23,23,23,19,56,28,75,58,40,12,12,12,0],"gold":91,"neow_bonus":"RANDOM_COMMON_RELIC","is_prod":false,"is_daily":false,"chose_seed":false,"campfire_upgraded":1,"win_rate":0,"timestamp":1567167710,"path_taken":["M","?","M","?","$","R","?","E","T","E","?","M","M","M","R","BOSS","M","?","M","?","$","E"],"build_version":"2019-07-17","purchased_purges":1,"victory":false,"max_hp_per_floor":[75,75,75,75,75,75,75,75,75,75,75,75,75,75,75,75,75,75,75,75,75,75,75],"card_choices":[{"not_picked":["Conserve Battery","Turbo"],"picked":"FTL","floor":1.0},{"not_picked":["Redo","Scrape"],"picked":"Gash","floor":2.0},{"not_picked":["Barrage","Lockon"],"picked":"Hologram","floor":3.0},{"not_picked":["Turbo","Blizzard","Redo"],"picked":"SKIP","floor":4.0},{"not_picked":["Go for the Eyes","BootSequence"],"picked":"Double Energy","floor":8.0},{"not_picked":["Compile Driver","Rebound"],"picked":"Fission","floor":10},{"not_picked":["Redo","Hologram","Stack"],"picked":"SKIP","floor":11},{"not_picked":["Blizzard","Hologram","Reinforced Body"],"picked":"SKIP","floor":12},{"not_picked":["Streamline","Steam"],"picked":"Cold Snap","floor":13},{"not_picked":["Capacitor","Double Energy"],"picked":"Self Repair","floor":14},{"not_picked":["Darkness","Stack"],"picked":"Undo+1","floor":18},{"not_picked":["Steam Power","Go for the Eyes"],"picked":"Gash+1","floor":19},{"not_picked":["Scrape+1","Self Repair","Rebound+1"],"picked":"SKIP","floor":20}],"player_experience":478496,"relics_obtained":[{"floor":8.0,"key":"Pantograph"},{"floor":9.0,"key":"Anchor"},{"floor":10,"key":"Whetstone"}],"event_choices":[{"damage_healed":0.0,"max_hp_gain":0.0,"max_hp_loss":0.0,"gold_gain":0.0,"event_name":"WeMeetAgain","player_choice":"Gave Potion","floor":7.0,"gold_loss":0.0,"damage_taken":0.0,"relics_obtained":["Regal Pillow"]}],"is_beta":false,"boss_relics":[{"not_picked":["Ectoplasm","Cursed Key"],"picked":"White Beast Statue"}],"items_purged_floors":[21],"is_endless":false,"potions_floor_spawned":[2,3,8,12,13,14,18,19,20],"killed_by":"Gremlin Leader","ascension_level":4}