{"gold_per_floor":[114,114,129,204,204,204,222,222,222,68,84,84,98,114,114,114],"floor_reached":16,"playtime":2353,"items_purged":[],"score":101,"play_id":"bf4002af-e5db-4fab-9c6f-7ab55c0c653b","local_time":"20190916132647","is_ascension_mode":true,"campfire_choices":[{"data":"Reaper","floor":6,"key":"SMITH"},{"data":"Armaments","floor":8,"key":"SMITH"},{"floor":12,"key":"REST"},{"data":"Metallicize","floor":15,"key":"SMITH"}],"neow_cost":"CURSE","seed_source_timestamp":65909961299699,"circlet_count":0,"master_deck":["Strike_R","Strike_R","Strike_R","Strike_R","Strike_R","Defend_R","Defend_R","Defend_R","Defend_R","Bash","Clumsy","Reaper+1","Feel No Pain","Injury","Armaments+1","Metallicize+1","Cleave","Thunderclap"],"relics":["Burning Blood","Golden Idol","Pantograph","Regal Pillow"],"potions_floor_usage":[16],"damage_taken":[{"damage":13,"enemies":"Jaw Worm","floor":1,"turns":4},{"damage":4,"enemies":"Small Slimes","floor":3,"turns":4},{"damage":34,"enemies":"Cultist","floor":7,"turns":7},{"damage":25,"enemies":"Red Slaver","floor":11,"turns":6},{"damage":18,"enemies":"Exordium Thugs","floor":13,"turns":7},{"damage":26,"enemies":"Exordium Wildlife","floor":14,"turns":9},{"damage":88,"enemies":"The Guardian","floor":16,"turns":20}],"seed_played":"6955268780820058534","potions_obtained":[{"floor":7,"key":"Strength Potion"}],"is_trial":false,"path_per_floor":["M","?","M","?","?","R","M","R","T","$","M","R","M","M","R","B"],"character_chosen":"IRONCLAD","items_purchased":["Regal Pillow"],"campfire_rested":1,"item_purchase_floors":[10],"current_hp_per_floor":[77,82,85,74,74,74,51,51,51,51,37,77,77,64,64,0],"gold":114,"neow_bonus":"THREE_RARE_CARDS","is_prod":false,"is_daily":false,"chose_seed":false,"campfire_upgraded":3,"win_rate":0,"timestamp":1568658407,"path_taken":["M","?","M","?","?","R","M","R","T","?","?","R","M","M","R","BOSS"],"build_version":"2019-07-17","purchased_purges":0,"victory":false,"max_hp_per_floor":[80,85,85,85,85,85,85,85,85,85,85,85,85,85,85,85],"card_choices":[{"not_picked":["Brutality","Bludgeon"],"picked":"Reaper","floor":0},{"not_picked":["Pommel Strike","Wild Strike"],"picked":"Feel No Pain","floor":1},{"not_picked":["Fire Breathing","Clash","Corruption"],"picked":"SKIP","floor":3},{"not_picked":["Rage","True Grit"],"picked":"Armaments","floor":7},{"not_picked":["Flame Barrier","Blood for Blood"],"picked":"Metallicize","floor":11},{"not_picked":["True Grit","Perfected Strike"],"picked":"Cleave","floor":13},{"not_picked":["Warcry","Headbutt"],"picked":"Thunderclap","floor":14}],"player_experience":224613,"relics_obtained":[{"floor":9,"key":"Pantograph"}],"event_choices":[{"damage_healed":0,"gold_gain":0,"player_choice":"Donut","damage_taken":0,"max_hp_gain":5,"max_hp_loss":0,"event_name":"Big Fish","floor":2,"gold_loss":0},{"damage_healed":0,"gold_gain":75,"player_choice":"Gather Gold","damage_taken":11,"max_hp_gain":0,"max_hp_loss":0,"event_name":"World of Goop","floor":4,"gold_loss":0},{"damage_healed":0,"gold_gain":0,"player_choice":"Take Wound","damage_taken":0,"relics_obtained":["Golden Idol"],"max_hp_gain":0,"max_hp_loss":0,"event_name":"Golden Idol","floor":5,"gold_loss":0,"cards_obtained":["Injury"]}],"is_beta":false,"boss_relics":[],"items_purged_floors":[],"is_endless":false,"potions_floor_spawned":[7],"killed_by":"The Guardian","ascension_level":2}