{"gold_per_floor":[119,135,310,327,56,86,86,119,145,145,175,175,209,30,30,132,132,148,168,168,203,217,217],"floor_reached":23,"playtime":1657,"items_purged":["Doubt"],"score":252,"play_id":"ef1e5f91-4bc1-4eba-9e0e-213bdeb87340","local_time":"20190917203915","is_ascension_mode":true,"campfire_choices":[{"floor":7,"key":"REST"},{"floor":10,"key":"REST"},{"data":"Armaments","floor":12,"key":"SMITH"},{"floor":15,"key":"REST"}],"neow_cost":"NONE","seed_source_timestamp":509876470434400,"circlet_count":0,"master_deck":["Strike_R","Strike_R","Strike_R","Strike_R","Strike_R","Defend_R","Defend_R","Defend_R","Defend_R","Bash","Pommel Strike","Cleave","Armaments","Iron Wave","Armaments+1","Infernal Blade","Barricade+1","HandOfGreed","Offering","Flame Barrier+1","Feel No Pain+1","Infernal Blade","True Grit","Perfected Strike"],"relics":["Burning Blood","Pen Nib","Orichalcum","PreservedInsect","Anchor","Frozen Egg 2","Bag of Marbles","Velvet Choker"],"potions_floor_usage":[16,16,23],"damage_taken":[{"damage":9,"enemies":"Jaw Worm","floor":1,"turns":4},{"damage":7,"enemies":"2 Louse","floor":2,"turns":2},{"damage":10,"enemies":"Small Slimes","floor":4,"turns":3},{"damage":46,"enemies":"Lagavulin","floor":6,"turns":6},{"damage":20,"enemies":"Gremlin Nob","floor":8,"turns":4},{"damage":9,"enemies":"3 Sentries","floor":11,"turns":6},{"damage":13,"enemies":"Gremlin Nob","floor":13,"turns":4},{"damage":62,"enemies":"Hexaghost","floor":16,"turns":10},{"damage":6,"enemies":"Chosen","floor":18,"turns":3},{"damage":0,"enemies":"3 Byrds","floor":19,"turns":4},{"damage":20,"enemies":"3 Cultists","floor":21,"turns":5},{"damage":24,"enemies":"Shelled Parasite and Fungi","floor":22,"turns":6},{"damage":90,"enemies":"Gremlin Leader","floor":23,"turns":8}],"seed_played":"-8230456622437647603","potions_obtained":[{"floor":4,"key":"SkillPotion"},{"floor":11,"key":"SpeedPotion"},{"floor":13,"key":"SkillPotion"},{"floor":18,"key":"EntropicBrew"},{"floor":19,"key":"Strength Potion"},{"floor":21,"key":"BloodPotion"}],"is_trial":false,"path_per_floor":["M","M","?","M","$","E","R","E","T","R","E","R","E","$","R","B",null,"M","M","?","M","M","E"],"character_chosen":"IRONCLAD","items_purchased":["Iron Wave","Pen Nib","HandOfGreed"],"campfire_rested":3,"item_purchase_floors":[5,5,14],"current_hp_per_floor":[85,84,84,80,80,40,66,52,52,78,75,75,68,68,88,32,88,88,88,88,74,56,0],"gold":217,"neow_bonus":"TEN_PERCENT_HP_BONUS","is_prod":false,"is_daily":false,"chose_seed":false,"campfire_upgraded":1,"win_rate":0,"timestamp":1568777955,"path_taken":["M","M","?","M","$","E","R","E","T","R","E","R","E","$","R","BOSS","M","M","?","M","M","E"],"build_version":"2019-07-17","purchased_purges":1,"victory":false,"max_hp_per_floor":[88,88,88,88,88,88,88,88,88,88,88,88,88,88,88,88,88,88,88,88,88,88,88],"card_choices":[{"not_picked":["Evolve","Entrench"],"picked":"Pommel Strike","floor":1},{"not_picked":["Sever Soul","Dual Wield"],"picked":"Cleave","floor":2},{"not_picked":["Headbutt","Thunderclap"],"picked":"Armaments","floor":4},{"not_picked":["Burning Pact","Rupture"],"picked":"Armaments","floor":6},{"not_picked":["Armaments","Battle Trance"],"picked":"Infernal Blade","floor":8},{"not_picked":["Shrug It Off","Cleave"],"picked":"Barricade","floor":11},{"not_picked":["Heavy Blade","Pummel","Thunderclap"],"picked":"SKIP","floor":13},{"not_picked":["Dark Embrace+1","Reaper"],"picked":"Offering","floor":16},{"not_picked":["Fire Breathing+1","Wild Strike+1"],"picked":"Flame Barrier+1","floor":18},{"not_picked":["Armaments","Clash"],"picked":"Feel No Pain+1","floor":19},{"not_picked":["Heavy Blade","Sword Boomerang"],"picked":"True Grit","floor":21},{"not_picked":["Headbutt","Battle Trance"],"picked":"Perfected Strike","floor":22}],"player_experience":14955,"relics_obtained":[{"floor":6,"key":"Orichalcum"},{"floor":8,"key":"PreservedInsect"},{"floor":9,"key":"Anchor"},{"floor":11,"key":"Frozen Egg 2"},{"floor":13,"key":"Bag of Marbles"}],"event_choices":[{"damage_healed":0,"gold_gain":175,"player_choice":"AGREE","damage_taken":0,"max_hp_gain":0,"max_hp_loss":0,"event_name":"Liars Game","floor":3,"gold_loss":0,"cards_obtained":["Doubt"]},{"damage_healed":0,"gold_gain":0,"player_choice":"Read","damage_taken":0,"max_hp_gain":0,"max_hp_loss":0,"event_name":"The Library","floor":20,"gold_loss":0,"cards_obtained":["Infernal Blade"]}],"is_beta":false,"boss_relics":[{"not_picked":["Runic Pyramid","Snecko Eye"],"picked":"Velvet Choker"}],"items_purged_floors":[5],"is_endless":false,"potions_floor_spawned":[4,11,13,18,19,21],"killed_by":"Gremlin Leader","ascension_level":3}