{"gold_per_floor":[119,84,101,101,114,114,127,140,165,182,192,192,204,204,204,204],"floor_reached":16,"playtime":456,"items_purged":[],"score":96,"play_id":"6a168b86-0161-48c7-8b80-0c619bcebea3","local_time":"20190107102708","is_ascension_mode":false,"campfire_choices":[{"data":"Bash","floor":6.0,"key":"SMITH"},{"floor":15,"key":"REST"}],"neow_cost":"CURSE","seed_source_timestamp":0,"circlet_count":0,"master_deck":["Strike_R","Strike_R","Strike_R","Strike_R","Strike_R","Defend_R","Defend_R","Defend_R","Defend_R","Bash+1","Normality","Cleave+1","Cleave"],"special_seed":0,"relics":["Burning Blood","Dead Branch","Potion Belt"],"potions_floor_usage":[],"damage_taken":[{"damage":7.0,"enemies":"Cultist","floor":1.0,"turns":5.0},{"damage":10.0,"enemies":"Jaw Worm","floor":3.0,"turns":4.0},{"damage":9.0,"enemies":"2 Louse","floor":5.0,"turns":3.0},{"damage":21.0,"enemies":"Blue Slaver","floor":7.0,"turns":5.0},{"damage":12,"enemies":"3 Louse","floor":8,"turns":3},{"damage":12,"enemies":"Looter","floor":10,"turns":5},{"damage":10,"enemies":"Large Slime","floor":11,"turns":6},{"damage":17,"enemies":"Gremlin Gang","floor":13,"turns":5},{"damage":48,"enemies":"The Guardian","floor":16,"turns":6}],"seed_played":"1536359682860065429","potions_obtained":[{"floor":5.0,"key":"Poison Potion"},{"floor":7,"key":"FearPotion"},{"floor":8,"key":"SkillPotion"},{"floor":13,"key":"Dexterity Potion"}],"is_trial":false,"path_per_floor":["M","?","M","?","M","R","M","M","T","M","M","?","M","?","R","B"],"character_chosen":"IRONCLAD","items_purchased":[],"campfire_rested":1,"item_purchase_floors":[],"current_hp_per_floor":[79,80,76,76,73,73,58,52,52,46,42,34,23,23,47,0],"gold":204,"neow_bonus":"ONE_RARE_RELIC","is_prod":false,"is_daily":false,"chose_seed":false,"campfire_upgraded":1,"win_rate":0,"timestamp":1546817228,"path_taken":["M","?","M","?","M","R","M","M","T","M","M","?","?","?","R","BOSS"],"build_version":"2019-01-03v4","purchased_purges":0,"victory":false,"max_hp_per_floor":[80,80,80,80,80,80,80,80,80,80,80,80,80,80,80,80],"card_choices":[{"not_picked":["Warcry","Reckless Charge"],"picked":"Cleave","floor":1.0},{"not_picked":["Perfected Strike","Sword Boomerang","Clothesline"],"picked":"SKIP","floor":3.0},{"not_picked":["Headbutt","Anger","Pommel Strike"],"picked":"SKIP","floor":5.0},{"not_picked":["Wild Strike","Iron Wave","True Grit"],"picked":"SKIP","floor":7},{"not_picked":["Hemokinesis","Seeing Red","Rupture"],"picked":"SKIP","floor":8},{"not_picked":["Anger","True Grit","Infernal Blade"],"picked":"SKIP","floor":10},{"not_picked":["Anger","Wild Strike","Blood for Blood"],"picked":"SKIP","floor":11},{"not_picked":["Clothesline","Corruption"],"picked":"Cleave","floor":13}],"player_experience":202570,"relics_obtained":[{"floor":9,"key":"Potion Belt"}],"event_choices":[{"damage_healed":20.0,"max_hp_gain":0.0,"max_hp_loss":0.0,"gold_gain":0.0,"event_name":"The Cleric","player_choice":"Healed","floor":2.0,"gold_loss":35.0,"damage_taken":0.0},{"damage_healed":0.0,"max_hp_gain":0.0,"max_hp_loss":0.0,"gold_gain":0.0,"event_name":"Golden Wing","player_choice":"Ignored","floor":4.0,"gold_loss":0.0,"damage_taken":0.0},{"damage_healed":0,"gold_gain":0,"player_choice":"Damaged","damage_taken":8,"max_hp_gain":0,"max_hp_loss":0,"event_name":"Wheel of Change","floor":12,"gold_loss":0},{"damage_healed":0,"gold_gain":0,"player_choice":"Grow","damage_taken":0,"max_hp_gain":0,"max_hp_loss":0,"event_name":"Living Wall","floor":14,"gold_loss":0,"cards_upgraded":["Cleave"]}],"is_beta":false,"boss_relics":[],"items_purged_floors":[],"is_endless":false,"potions_floor_spawned":[5,7,8,13],"killed_by":"The Guardian","ascension_level":0}