{"gold_per_floor":[115,40,58,24,24,24,44,54,54,54,69,124,124],"floor_reached":13,"playtime":588,"items_purged":["Defend_R"],"score":90,"play_id":"00a25859-741b-49e3-b5e7-30fdaeed327d","local_time":"20190921124833","is_ascension_mode":true,"campfire_choices":[{"data":"Inflame","floor":6,"key":"SMITH"}],"neow_cost":"NONE","seed_source_timestamp":316399232992200,"circlet_count":0,"master_deck":["Strike_R","Strike_R","Strike_R","Strike_R","Defend_R+1","Bash","Ghostly Armor+1","Inflame+1","Heavy Blade","Heavy Blade","Offering","Fire Breathing"],"relics":["Burning Blood","War Paint","Darkstone Periapt"],"potions_floor_usage":[],"damage_taken":[{"damage":8,"enemies":"2 Louse","floor":1,"turns":3},{"damage":0,"enemies":"Small Slimes","floor":3,"turns":3},{"damage":4,"enemies":"Jaw Worm","floor":7,"turns":4},{"damage":15,"enemies":"2 Fungi Beasts","floor":8,"turns":3},{"damage":13,"enemies":"Blue Slaver","floor":11,"turns":3},{"damage":34,"enemies":"Lagavulin Event","floor":12,"turns":4},{"damage":36,"enemies":"3 Sentries","floor":13,"turns":4}],"seed_played":"8440820904618706070","potions_obtained":[{"floor":7,"key":"Strength Potion"}],"is_trial":false,"path_per_floor":["M","$","M","$","?","R","M","M","T","?","M","?","E"],"character_chosen":"IRONCLAD","items_purchased":["Inflame"],"campfire_rested":0,"item_purchase_floors":[4],"current_hp_per_floor":[78,78,80,80,80,80,80,71,71,64,57,29,0],"gold":124,"neow_bonus":"REMOVE_CARD","is_prod":false,"is_daily":false,"chose_seed":false,"campfire_upgraded":1,"win_rate":0,"timestamp":1569095313,"path_taken":["M","$","M","$","?","R","M","M","T","?","M","?","E"],"build_version":"2019-07-17","purchased_purges":1,"victory":false,"max_hp_per_floor":[80,80,80,80,80,80,80,80,80,80,80,80,80],"card_choices":[{"not_picked":["Body Slam","Havoc"],"picked":"Ghostly Armor","floor":1},{"not_picked":["Havoc","True Grit","Sword Boomerang"],"picked":"SKIP","floor":3},{"not_picked":["Body Slam","Rage"],"picked":"Heavy Blade","floor":7},{"not_picked":["Intimidate","True Grit"],"picked":"Heavy Blade","floor":8},{"not_picked":["Reckless Charge","Hemokinesis"],"picked":"Offering","floor":11},{"not_picked":["Havoc","Pommel Strike"],"picked":"Fire Breathing","floor":12}],"player_experience":28532,"relics_obtained":[{"floor":9,"key":"War Paint"}],"event_choices":[{"cards_removed":["Defend_R"],"damage_healed":0,"gold_gain":0,"player_choice":"Forget","damage_taken":0,"max_hp_gain":0,"max_hp_loss":0,"event_name":"Living Wall","floor":5,"gold_loss":0},{"cards_removed":["Strike_R"],"damage_healed":0,"gold_gain":0,"player_choice":"Card Removal","damage_taken":7,"max_hp_gain":0,"max_hp_loss":0,"event_name":"Golden Wing","floor":10,"gold_loss":0},{"damage_healed":0,"gold_gain":30,"player_choice":"Searched \u00273\u0027 times","damage_taken":0,"relics_obtained":["Darkstone Periapt"],"max_hp_gain":0,"max_hp_loss":0,"event_name":"Dead Adventurer","floor":12,"gold_loss":0}],"is_beta":false,"boss_relics":[],"items_purged_floors":[2],"is_endless":false,"potions_floor_spawned":[7],"killed_by":"3 Sentries","ascension_level":4}