{"gold_per_floor":[412,428,59,78,78,78,105,135,162,214,17,17,17,27,27,128,128,145,145,158,158,12,12,12,12,12,23,36,49,74,94,94,94],"floor_reached":33,"playtime":2151,"items_purged":["Regret","Strike_G"],"score":356,"play_id":"494046ec-dae9-45df-b648-556a3e55b1c7","local_time":"20190924221525","is_ascension_mode":true,"campfire_choices":[{"floor":6,"key":"REST"},{"floor":12,"key":"REST"},{"floor":15,"key":"REST"},{"floor":23,"key":"REST"},{"data":"Ghostly","floor":25,"key":"SMITH"},{"floor":32,"key":"REST"}],"neow_cost":"NONE","seed_source_timestamp":1116105179999999,"circlet_count":0,"master_deck":["Strike_G","Strike_G","Strike_G","Defend_G","Defend_G","Defend_G","Defend_G","Defend_G","Survivor","Neutralize","Doubt","Parasite","Blade Dance","Deadly Poison","Envenom","Poisoned Stab","Underhanded Strike","Blade Dance","Cloak And Dagger","Deadly Poison","Footwork","Bane","Doppelganger","Infinite Blades","Tactician+1","Ghostly+1","Ghostly","Ghostly","Ghostly","Ghostly","Dagger Throw+1","Blur","After Image","PiercingWail"],"relics":["Calling Bell","Vajra","Pantograph","Old Coin","Membership Card","Blood Vial","Odd Mushroom","Bag of Marbles","Regal Pillow","Boot","Sozu","Torii","Mercury Hourglass","Bottled Lightning"],"potions_floor_usage":[8,16,16,27],"damage_taken":[{"damage":7,"enemies":"Cultist","floor":1,"turns":5},{"damage":4,"enemies":"Jaw Worm","floor":2,"turns":6},{"damage":2,"enemies":"2 Louse","floor":4,"turns":3},{"damage":27,"enemies":"The Mushroom Lair","floor":7,"turns":5},{"damage":43,"enemies":"Gremlin Nob","floor":8,"turns":5},{"damage":5,"enemies":"Looter","floor":14,"turns":3},{"damage":25,"enemies":"Hexaghost","floor":16,"turns":10},{"damage":13,"enemies":"3 Byrds","floor":18,"turns":6},{"damage":47,"enemies":"Spheric Guardian","floor":20,"turns":6},{"damage":3,"enemies":"Snecko","floor":27,"turns":5},{"damage":11,"enemies":"Sentry and Sphere","floor":28,"turns":8},{"damage":7,"enemies":"Snake Plant","floor":29,"turns":3},{"damage":2,"enemies":"Gremlin Leader","floor":30,"turns":6},{"damage":7,"enemies":"Snecko","floor":31,"turns":6},{"damage":37,"enemies":"Automaton","floor":33,"turns":8}],"seed_played":"8124237097074065746","potions_obtained":[{"floor":7,"key":"Block Potion"},{"floor":8,"key":"Poison Potion"},{"floor":16,"key":"GamblersBrew"}],"is_trial":false,"path_per_floor":["M","M","$","M","?","R","?","E","T","?","$","R","?","M","R","B",null,"M","?","M","?","$","R","$","R","T","M","M","M","E","M","R","B"],"character_chosen":"THE_SILENT","items_purchased":["Membership Card","Envenom","Poisoned Stab","Boot","Deadly Poison","Footwork","Block Potion","Torii"],"campfire_rested":5,"item_purchase_floors":[3,3,3,11,11,11,11,22],"current_hp_per_floor":[63,59,59,57,54,70,43,2,2,2,2,38,38,35,70,45,64,53,53,8,8,8,33,33,33,33,32,23,18,18,13,35,0],"gold":94,"neow_bonus":"BOSS_RELIC","is_prod":false,"is_daily":false,"chose_seed":false,"campfire_upgraded":1,"win_rate":0,"timestamp":1569327325,"path_taken":["M","M","$","M","?","R","?","E","T","?","$","R","?","M","R","BOSS","M","?","?","?","?","R","$","R","T","M","M","?","E","M","R","BOSS"],"build_version":"2019-07-17","purchased_purges":2,"victory":false,"max_hp_per_floor":[70,70,70,70,70,70,70,70,70,70,70,70,70,70,70,70,70,70,70,70,35,35,35,35,35,35,35,35,35,35,35,35,35],"card_choices":[{"not_picked":["Crippling Poison","Dodge and Roll"],"picked":"Blade Dance","floor":1},{"not_picked":["Escape Plan","Outmaneuver"],"picked":"Deadly Poison","floor":2},{"not_picked":["Predator","Bouncing Flask"],"picked":"Underhanded Strike","floor":4},{"not_picked":["Sucker Punch","Crippling Poison"],"picked":"Blade Dance","floor":7},{"not_picked":["Malaise","Underhanded Strike"],"picked":"Cloak And Dagger","floor":8},{"not_picked":["Dodge and Roll","Prepared"],"picked":"Bane","floor":14},{"not_picked":["Unload","Tools of the Trade"],"picked":"Doppelganger","floor":16},{"not_picked":["Flying Knee","Blur"],"picked":"Infinite Blades","floor":18},{"not_picked":["Dodge and Roll+1","Flying Knee"],"picked":"Tactician+1","floor":20},{"not_picked":["Backstab","Poisoned Stab"],"picked":"Dagger Throw+1","floor":27},{"not_picked":["Quick Slash+1","Sucker Punch"],"picked":"Blur","floor":28},{"not_picked":["Infinite Blades","Quick Slash+1"],"picked":"After Image","floor":29},{"not_picked":["Poisoned Stab","Infinite Blades"],"picked":"PiercingWail","floor":30},{"not_picked":["Prepared","Expertise+1","Quick Slash"],"picked":"SKIP","floor":31}],"player_experience":681093,"relics_obtained":[{"floor":0,"key":"Vajra"},{"floor":0,"key":"Pantograph"},{"floor":0,"key":"Old Coin"},{"floor":7,"key":"Odd Mushroom"},{"floor":8,"key":"Bag of Marbles"},{"floor":9,"key":"Regal Pillow"},{"floor":26,"key":"Mercury Hourglass"},{"floor":30,"key":"Bottled Lightning"}],"event_choices":[{"damage_healed":0,"gold_gain":0,"player_choice":"Success","damage_taken":3,"relics_obtained":["Blood Vial"],"max_hp_gain":0,"max_hp_loss":0,"event_name":"Scrap Ooze","floor":5,"gold_loss":0},{"damage_healed":0,"gold_gain":0,"player_choice":"Fought Mushrooms","damage_taken":0,"max_hp_gain":0,"max_hp_loss":0,"event_name":"Mushrooms","floor":7,"gold_loss":0},{"damage_healed":0,"gold_gain":52,"player_choice":"Gained Gold","damage_taken":0,"max_hp_gain":0,"max_hp_loss":0,"event_name":"Golden Wing","floor":10,"gold_loss":0},{"cards_removed":["Strike_G"],"damage_healed":0,"gold_gain":0,"player_choice":"Forget","damage_taken":0,"max_hp_gain":0,"max_hp_loss":0,"event_name":"Living Wall","floor":13,"gold_loss":0},{"damage_healed":0,"gold_gain":0,"player_choice":"Got Potions","damage_taken":0,"max_hp_gain":0,"max_hp_loss":0,"event_name":"Lab","floor":19,"gold_loss":0},{"damage_healed":0,"gold_gain":0,"player_choice":"Became a Ghost","damage_taken":0,"max_hp_gain":0,"max_hp_loss":35,"event_name":"Ghosts","floor":21,"gold_loss":0,"cards_obtained":["Ghostly","Ghostly","Ghostly","Ghostly","Ghostly"]}],"is_beta":false,"boss_relics":[{"not_picked":["Coffee Dripper","Tiny House"],"picked":"Sozu"}],"items_purged_floors":[3,11],"is_endless":false,"potions_floor_spawned":[7,8,16,29,30,31],"killed_by":"Automaton","ascension_level":5}