{"gold_per_floor":[115,215,230,230,230,230,230,251,251,251,24,48,66,87,87,218,218,236,256,19,33,33],"floor_reached":22,"playtime":1077,"items_purged":["Strike_B","Strike_B"],"score":214,"play_id":"41d13af4-5fbf-40a0-81ec-fe9347aa6e99","local_time":"20190830215318","is_ascension_mode":true,"campfire_choices":[{"data":"Gash","floor":6,"key":"SMITH"},{"data":"Gash","floor":10,"key":"SMITH"},{"data":"Scrape","floor":15,"key":"SMITH"}],"neow_cost":"NONE","seed_source_timestamp":1370748166299300,"circlet_count":0,"master_deck":["Strike_B","Defend_B","Defend_B","Defend_B","Zap","Dualcast","Gash+1","Gash+1","Streamline","Capacitor","Scrape+1","Core Surge","Defragment","FTL","Melter","Defragment"],"relics":["Cracked Core","NeowsBlessing","Golden Idol","Bottled Flame","PreservedInsect","Empty Cage"],"potions_floor_usage":[14,16,18,22,22],"damage_taken":[{"damage":0,"enemies":"2 Louse","floor":1,"turns":1},{"damage":0,"enemies":"Cultist","floor":3,"turns":1},{"damage":0,"enemies":"Small Slimes","floor":8,"turns":1},{"damage":3,"enemies":"Blue Slaver","floor":12,"turns":3},{"damage":10,"enemies":"Gremlin Gang","floor":13,"turns":5},{"damage":4,"enemies":"Lots of Slimes","floor":14,"turns":4},{"damage":52,"enemies":"Hexaghost","floor":16,"turns":9},{"damage":12,"enemies":"2 Thieves","floor":18,"turns":3},{"damage":7,"enemies":"Chosen","floor":19,"turns":4},{"damage":27,"enemies":"Centurion and Healer","floor":21,"turns":5},{"damage":40,"enemies":"Shelled Parasite and Fungi","floor":22,"turns":3}],"seed_played":"8089571532301505458","potions_obtained":[{"floor":3,"key":"Regen Potion"},{"floor":8,"key":"Block Potion"},{"floor":16,"key":"Fire Potion"},{"floor":18,"key":"Poison Potion"}],"is_trial":false,"path_per_floor":["M","?","M","?","?","R","?","M","T","R","$","M","M","M","R","B",null,"M","M","$","M","M"],"character_chosen":"DEFECT","items_purchased":["PreservedInsect","Melter","Fire Potion","PowerPotion"],"campfire_rested":0,"item_purchase_floors":[11,20,20,20],"current_hp_per_floor":[75,75,75,68,73,73,73,73,73,73,73,70,60,56,56,19,80,68,61,61,34,0],"gold":33,"neow_bonus":"THREE_ENEMY_KILL","is_prod":false,"is_daily":false,"chose_seed":false,"campfire_upgraded":3,"win_rate":0,"timestamp":1567165998,"path_taken":["M","?","?","?","?","R","?","M","T","R","?","M","?","?","R","BOSS","M","M","$","M","M"],"build_version":"2019-07-17","purchased_purges":2,"victory":false,"max_hp_per_floor":[75,75,75,75,80,80,80,80,80,80,80,80,80,80,80,80,80,80,80,80,80,80],"card_choices":[{"not_picked":["Cold Snap","Barrage"],"picked":"Gash","floor":1},{"not_picked":["Steam","Hologram"],"picked":"Gash","floor":3},{"not_picked":["Scrape","Barrage"],"picked":"Streamline","floor":8},{"not_picked":["Barrage","Go for the Eyes"],"picked":"Capacitor","floor":12},{"not_picked":["Reprogram","Chill"],"picked":"Scrape","floor":13},{"not_picked":["Leap","Chaos","Reprogram"],"picked":"SKIP","floor":14},{"not_picked":["Amplify","Hyperbeam"],"picked":"Core Surge","floor":16},{"not_picked":["Coolheaded","Rip and Tear"],"picked":"Defragment","floor":18},{"not_picked":["Barrage","Compile Driver"],"picked":"FTL","floor":19},{"not_picked":["Heatsinks+1","Conserve Battery"],"picked":"Defragment","floor":21}],"player_experience":477419,"relics_obtained":[{"floor":9,"key":"Bottled Flame"}],"event_choices":[{"damage_healed":0,"gold_gain":100,"player_choice":"Pray","damage_taken":0,"max_hp_gain":0,"max_hp_loss":0,"event_name":"Golden Shrine","floor":2,"gold_loss":0},{"cards_removed":["Strike_B"],"damage_healed":0,"gold_gain":0,"player_choice":"Card Removal","damage_taken":7,"max_hp_gain":0,"max_hp_loss":0,"event_name":"Golden Wing","floor":4,"gold_loss":0},{"damage_healed":0,"gold_gain":0,"player_choice":"Donut","damage_taken":0,"max_hp_gain":5,"max_hp_loss":0,"event_name":"Big Fish","floor":5,"gold_loss":0},{"damage_healed":0,"gold_gain":0,"player_choice":"Take Wound","damage_taken":0,"relics_obtained":["Golden Idol"],"max_hp_gain":0,"max_hp_loss":0,"event_name":"Golden Idol","floor":7,"gold_loss":0,"cards_obtained":["Injury"]}],"is_beta":false,"boss_relics":[{"not_picked":["Busted Crown","Sozu"],"picked":"Empty Cage"}],"items_purged_floors":[11,20],"is_endless":false,"potions_floor_spawned":[3,8,16,18],"killed_by":"Shelled Parasite and Fungi","ascension_level":4}