{"gold_per_floor":[117,67,82,102,102,20,40,40,40,56,83,97,97,97,97,97],"floor_reached":16,"playtime":619,"items_purged":[],"score":117,"play_id":"e14a678a-72cb-4c94-afb2-b2c9cb703f1f","local_time":"20190917201125","is_ascension_mode":true,"campfire_choices":[{"data":"Cleave","floor":8,"key":"SMITH"},{"floor":15,"key":"REST"}],"neow_cost":"NONE","seed_source_timestamp":509245425602200,"circlet_count":0,"master_deck":["Strike_R","Strike_R","Strike_R","Strike_R","Strike_R+1","Defend_R","Defend_R+1","Defend_R","Bash","Anger","Cleave+1","Perfected Strike","Clash","Spot Weakness","Flex","Spot Weakness","Immolate"],"relics":["Burning Blood","Meat on the Bone","Oddly Smooth Stone","Red Skull","Golden Idol"],"potions_floor_usage":[],"damage_taken":[{"damage":1,"enemies":"Cultist","floor":1,"turns":3},{"damage":1,"enemies":"2 Louse","floor":3,"turns":2},{"damage":9,"enemies":"Jaw Worm","floor":4,"turns":3},{"damage":0,"enemies":"2 Fungi Beasts","floor":7,"turns":2},{"damage":5,"enemies":"Looter","floor":10,"turns":2},{"damage":14,"enemies":"3 Sentries","floor":11,"turns":4},{"damage":20,"enemies":"Gremlin Gang","floor":12,"turns":3},{"damage":47,"enemies":"The Guardian","floor":16,"turns":7}],"seed_played":"-4372036986611903100","potions_obtained":[{"floor":4,"key":"SteroidPotion"}],"is_trial":false,"path_per_floor":["M","$","M","M","?","$","M","R","T","M","E","M","?","?","R","B"],"character_chosen":"IRONCLAD","items_purchased":["Cleave","Spot Weakness"],"campfire_rested":1,"item_purchase_floors":[2,6],"current_hp_per_floor":[80,80,80,77,74,74,80,80,80,80,72,58,42,22,46,0],"gold":97,"neow_bonus":"REMOVE_CARD","is_prod":false,"is_daily":false,"chose_seed":false,"campfire_upgraded":1,"win_rate":0,"timestamp":1568776285,"path_taken":["M","$","M","?","?","$","M","R","T","M","E","M","?","?","R","BOSS"],"build_version":"2019-07-17","purchased_purges":0,"victory":false,"max_hp_per_floor":[80,80,80,80,80,80,80,80,80,80,80,80,80,80,80,80],"card_choices":[{"not_picked":["Warcry","Headbutt"],"picked":"Anger","floor":1},{"not_picked":["Body Slam","Pommel Strike"],"picked":"Perfected Strike","floor":3},{"not_picked":["Iron Wave","Anger"],"picked":"Clash","floor":4},{"not_picked":["Intimidate","Disarm","Metallicize"],"picked":"SKIP","floor":7},{"not_picked":["Anger","Disarm"],"picked":"Flex","floor":10},{"not_picked":["Body Slam","Uppercut"],"picked":"Spot Weakness","floor":11},{"not_picked":["Sword Boomerang","Body Slam"],"picked":"Immolate","floor":12}],"player_experience":14336,"relics_obtained":[{"floor":9,"key":"Oddly Smooth Stone"},{"floor":11,"key":"Red Skull"}],"event_choices":[{"damage_healed":0,"gold_gain":0,"player_choice":"Success","damage_taken":3,"relics_obtained":["Meat on the Bone"],"max_hp_gain":0,"max_hp_loss":0,"event_name":"Scrap Ooze","floor":5,"gold_loss":0},{"damage_healed":0,"gold_gain":0,"player_choice":"Entered Light","damage_taken":16,"max_hp_gain":0,"max_hp_loss":0,"event_name":"Shining Light","floor":13,"gold_loss":0,"cards_upgraded":["Strike_R","Defend_R"]},{"damage_healed":0,"gold_gain":0,"player_choice":"Take Damage","damage_taken":20,"relics_obtained":["Golden Idol"],"max_hp_gain":0,"max_hp_loss":0,"event_name":"Golden Idol","floor":14,"gold_loss":0}],"is_beta":false,"boss_relics":[],"items_purged_floors":[],"is_endless":false,"potions_floor_spawned":[4],"killed_by":"The Guardian","ascension_level":3}