{"gold_per_floor":[118,118,118,135,135,165,130,130,155,155,171,171,218,218,218,313,313,323,65,35,51,51,51,68,68,68,68,88,105,105,116,116,116],"floor_reached":33,"playtime":6276,"items_purged":[],"score":255,"play_id":"43f45200-635b-46c1-8d09-25719dbeff83","local_time":"20190910173556","is_ascension_mode":true,"campfire_choices":[{"floor":8,"key":"DIG"},{"floor":10,"key":"REST"},{"floor":12,"key":"DIG"},{"floor":15,"key":"DIG"},{"floor":23,"key":"REST"},{"floor":27,"key":"REST"},{"floor":30,"key":"REST"},{"floor":32,"key":"REST"}],"neow_cost":"NONE","seed_source_timestamp":508132630437200,"circlet_count":0,"master_deck":["Strike_R","Strike_R","Strike_R","Strike_R","Strike_R","Defend_R","Defend_R+1","Defend_R+1","Defend_R","Bash","Shockwave+1","Thunderclap","Cleave","Searing Blow+1","Impervious","Dual Wield","Rage+1","Whirlwind","RitualDagger","Ghostly Armor","Sword Boomerang","Searing Blow"],"relics":["Burning Blood","Shovel","War Paint","Omamori","Bottled Lightning","Centennial Puzzle","Red Skull","White Beast Statue","Paper Frog","Anchor"],"potions_floor_usage":[16,16,24,24,33,33],"damage_taken":[{"damage":7,"enemies":"Cultist","floor":1,"turns":6},{"damage":18,"enemies":"2 Louse","floor":4,"turns":3},{"damage":61,"enemies":"Lagavulin","floor":6,"turns":10},{"damage":10,"enemies":"Jaw Worm","floor":11,"turns":4},{"damage":61,"enemies":"Hexaghost","floor":16,"turns":11},{"damage":47,"enemies":"Shell Parasite","floor":18,"turns":10},{"damage":13,"enemies":"Chosen","floor":21,"turns":4},{"damage":47,"enemies":"Centurion and Healer","floor":24,"turns":10},{"damage":37,"enemies":"3 Cultists","floor":28,"turns":5},{"damage":10,"enemies":"Cultist and Chosen","floor":29,"turns":7},{"damage":2,"enemies":"Snecko","floor":31,"turns":4},{"damage":85,"enemies":"Automaton","floor":33,"turns":8}],"seed_played":"7824818907276879226","potions_obtained":[{"floor":3,"key":"SpeedPotion"},{"floor":3,"key":"Poison Potion"},{"floor":3,"key":"Ancient Potion"},{"floor":4,"key":"LiquidBronze"},{"floor":6,"key":"GamblersBrew"},{"floor":18,"key":"FairyPotion"},{"floor":20,"key":"Swift Potion"},{"floor":20,"key":"AttackPotion"},{"floor":21,"key":"SkillPotion"},{"floor":24,"key":"Strength Potion"},{"floor":28,"key":"PowerPotion"}],"is_trial":false,"path_per_floor":["M","?","?","M","?","E","?","R","T","R","M","R","T","?","R","B",null,"M","$","?","M","$","R","M","?","T","R","M","M","R","M","R","B"],"character_chosen":"IRONCLAD","items_purchased":["Paper Frog"],"campfire_rested":5,"item_purchase_floors":[19],"current_hp_per_floor":[87,87,87,75,75,20,42,42,42,68,64,64,64,64,64,9,88,47,47,47,40,40,66,25,19,19,45,14,10,36,40,66,0],"gold":116,"neow_bonus":"TEN_PERCENT_HP_BONUS","is_prod":false,"is_daily":false,"chose_seed":false,"campfire_upgraded":0,"win_rate":0,"timestamp":1568154956,"path_taken":["M","?","?","?","?","E","?","R","T","R","M","R","?","?","R","BOSS","M","?","?","M","$","R","?","?","T","R","M","M","R","M","R","BOSS"],"build_version":"2019-07-17","purchased_purges":0,"victory":false,"max_hp_per_floor":[88,88,88,88,88,88,88,88,88,88,88,88,88,88,88,88,88,88,88,88,88,88,88,88,88,88,88,88,88,88,88,88,88],"card_choices":[{"not_picked":["Body Slam","Heavy Blade"],"picked":"Shockwave","floor":1},{"not_picked":["Twin Strike","Corruption"],"picked":"Thunderclap","floor":4},{"not_picked":["Twin Strike","Headbutt"],"picked":"Cleave","floor":6},{"not_picked":["Pommel Strike","Second Wind"],"picked":"Searing Blow","floor":11},{"not_picked":["Berserk","Demon Form"],"picked":"Impervious","floor":16},{"not_picked":["Feel No Pain+1","Clash"],"picked":"Dual Wield","floor":18},{"not_picked":["Reckless Charge","Burning Pact"],"picked":"Rage+1","floor":21},{"not_picked":["Rupture","True Grit+1"],"picked":"Whirlwind","floor":24},{"not_picked":["Heavy Blade+1","Fire Breathing+1"],"picked":"Ghostly Armor","floor":28},{"not_picked":["Combust+1","Disarm+1"],"picked":"Sword Boomerang","floor":29},{"not_picked":["Feel No Pain","Metallicize"],"picked":"Searing Blow","floor":31}],"player_experience":41797,"relics_obtained":[{"floor":6,"key":"Shovel"},{"floor":8,"key":"War Paint"},{"floor":9,"key":"Omamori"},{"floor":12,"key":"Bottled Lightning"},{"floor":13,"key":"Centennial Puzzle"},{"floor":15,"key":"Red Skull"},{"floor":26,"key":"Anchor"}],"event_choices":[{"damage_healed":0,"gold_gain":0,"player_choice":"Ignored","damage_taken":0,"max_hp_gain":0,"max_hp_loss":0,"event_name":"Golden Wing","floor":2,"gold_loss":0},{"damage_healed":0,"gold_gain":0,"player_choice":"Got Potions","damage_taken":0,"max_hp_gain":0,"max_hp_loss":0,"event_name":"Lab","floor":3,"gold_loss":0},{"damage_healed":0,"gold_gain":0,"player_choice":"Grow","damage_taken":0,"max_hp_gain":0,"max_hp_loss":0,"event_name":"Living Wall","floor":5,"gold_loss":0,"cards_upgraded":["Shockwave"]},{"damage_healed":22,"gold_gain":0,"player_choice":"Healed","damage_taken":0,"max_hp_gain":0,"max_hp_loss":0,"event_name":"The Cleric","floor":7,"gold_loss":35},{"damage_healed":0,"gold_gain":0,"player_choice":"Upgraded","damage_taken":0,"max_hp_gain":0,"max_hp_loss":0,"event_name":"Upgrade Shrine","floor":14,"gold_loss":0,"cards_upgraded":["Searing Blow"]},{"damage_healed":0,"gold_gain":0,"player_choice":"Bought 2 Potions","damage_taken":0,"max_hp_gain":0,"max_hp_loss":0,"event_name":"The Woman in Blue","floor":20,"gold_loss":0},{"damage_healed":0,"gold_gain":0,"player_choice":"Joined the Cult","damage_taken":6,"max_hp_gain":0,"max_hp_loss":0,"event_name":"Nest","floor":25,"gold_loss":0,"cards_obtained":["RitualDagger"]}],"is_beta":false,"boss_relics":[{"not_picked":["Eternal Feather","Tiny House"],"picked":"White Beast Statue"}],"items_purged_floors":[],"is_endless":false,"potions_floor_spawned":[4,6,18,21,24,28,29,31],"killed_by":"Automaton","ascension_level":1}