{"gold_per_floor":[109,84,84,94,269,269,269,302,302,302,302,79,117,117,117,245,245,270,180,198,198],"floor_reached":21,"playtime":2609,"items_purged":["Doubt"],"score":201,"play_id":"67754e15-9c17-4bbf-bcf6-9b030908264b","local_time":"20190917003450","is_ascension_mode":true,"campfire_choices":[{"floor":6,"key":"REST"},{"data":"Armaments","floor":7,"key":"SMITH"},{"floor":11,"key":"REST"},{"floor":15,"key":"REST"}],"neow_cost":"PERCENT_DAMAGE","seed_source_timestamp":0,"circlet_count":0,"master_deck":["Strike_R","Strike_R","Strike_R","Strike_R","Defend_R","Defend_R","Defend_R","Defend_R","Bash","Armaments+1","Warcry","Anger","Warcry","Warcry","Immolate+1","Armaments+1","Anger"],"relics":["Burning Blood","WingedGreaves","Matryoshka","Potion Belt","Centennial Puzzle","Golden Idol","Vajra","Darkstone Periapt","Paper Frog","Frozen Egg 2","White Beast Statue"],"potions_floor_usage":[16,18,21,21],"damage_taken":[{"damage":2,"enemies":"Small Slimes","floor":1,"turns":4},{"damage":10,"enemies":"Cultist","floor":4,"turns":5},{"damage":43,"enemies":"3 Sentries","floor":8,"turns":12},{"damage":21,"enemies":"Lagavulin","floor":13,"turns":7},{"damage":60,"enemies":"Slime Boss","floor":16,"turns":10},{"damage":28,"enemies":"Shell Parasite","floor":18,"turns":6},{"damage":10,"enemies":"Chosen","floor":20,"turns":5},{"damage":69,"enemies":"Snecko","floor":21,"turns":5}],"seed_played":"-2511622877001659629","potions_obtained":[{"floor":13,"key":"AttackPotion"},{"floor":16,"key":"Block Potion"},{"floor":18,"key":"Energy Potion"},{"floor":20,"key":"PowerPotion"}],"is_trial":false,"path_per_floor":["M","$","?","M","?","R","R","E","T","?","R","$","E","T","R","B",null,"M","?","M","M"],"character_chosen":"IRONCLAD","items_purchased":["Warcry","Vajra"],"campfire_rested":3,"item_purchase_floors":[2,12],"current_hp_per_floor":[60,60,60,56,56,80,80,43,43,43,67,67,52,52,76,22,80,58,58,54,0],"gold":198,"neow_bonus":"ONE_RARE_RELIC","is_prod":false,"is_daily":false,"chose_seed":true,"campfire_upgraded":1,"win_rate":0,"timestamp":1568698490,"path_taken":["M","$","?","?","?","R","R","E","T","?","R","$","E","?","R","BOSS","M","?","M","?"],"build_version":"2019-07-17","purchased_purges":1,"victory":false,"max_hp_per_floor":[80,80,80,80,80,80,80,80,80,80,80,80,80,80,80,80,80,80,80,80,80],"card_choices":[{"not_picked":["Headbutt","Flex"],"picked":"Armaments","floor":1},{"not_picked":["Sever Soul","Flex"],"picked":"Anger","floor":4},{"not_picked":["Hemokinesis","Corruption"],"picked":"Warcry","floor":8},{"not_picked":["Perfected Strike","Iron Wave"],"picked":"Warcry","floor":13},{"not_picked":["Reaper","Dark Embrace+1"],"picked":"Immolate","floor":16},{"not_picked":["Heavy Blade","Uppercut+1"],"picked":"Armaments+1","floor":18},{"not_picked":["Disarm","Pommel Strike+1"],"picked":"Anger","floor":20}],"player_experience":244507,"relics_obtained":[{"floor":8,"key":"Matryoshka"},{"floor":9,"key":"Potion Belt"},{"floor":9,"key":"Centennial Puzzle"},{"floor":13,"key":"Darkstone Periapt"},{"floor":14,"key":"Paper Frog"},{"floor":14,"key":"Frozen Egg 2"}],"event_choices":[{"cards_removed":["Strike_R"],"damage_healed":0,"gold_gain":0,"player_choice":"Purged","damage_taken":0,"max_hp_gain":0,"max_hp_loss":0,"event_name":"Purifier","floor":3,"gold_loss":0},{"damage_healed":0,"gold_gain":175,"player_choice":"AGREE","damage_taken":0,"max_hp_gain":0,"max_hp_loss":0,"event_name":"Liars Game","floor":5,"gold_loss":0,"cards_obtained":["Doubt"]},{"damage_healed":0,"gold_gain":0,"player_choice":"Take Wound","damage_taken":0,"relics_obtained":["Golden Idol"],"max_hp_gain":0,"max_hp_loss":0,"event_name":"Golden Idol","floor":10,"gold_loss":0,"cards_obtained":["Injury"]},{"cards_removed":["Injury"],"damage_healed":0,"gold_gain":0,"player_choice":"Upgrade and Remove","damage_taken":0,"max_hp_gain":0,"max_hp_loss":0,"event_name":"Designer","floor":19,"gold_loss":90,"cards_upgraded":["Immolate"]}],"is_beta":false,"boss_relics":[{"not_picked":["Empty Cage","Tiny House"],"picked":"White Beast Statue"}],"items_purged_floors":[12],"is_endless":false,"potions_floor_spawned":[13,16,18,20],"killed_by":"Snecko","ascension_level":2}