{"gold_per_floor":[113,113,38,38,53,87,87,100,100,100,112,157,190,202,214,350,362,389,426,459,48,66,66,84,127,175,195,236,236,72,86,86,86],"floor_reached":33,"playtime":1922,"items_purged":["Regret","Defend_R","Pain"],"score":332,"play_id":"fced245f-de19-4471-918f-7290a6f36ce1","local_time":"20190918184147","is_ascension_mode":true,"campfire_choices":[{"data":"Armaments","floor":7,"key":"SMITH"},{"floor":11,"key":"REST"},{"floor":15,"key":"REST"},{"data":"Flex","floor":23,"key":"SMITH"},{"floor":32,"key":"REST"}],"neow_cost":"NONE","seed_source_timestamp":77054501003600,"circlet_count":0,"master_deck":["Strike_R","Strike_R+1","Strike_R","Strike_R","Strike_R","Defend_R","Defend_R+1","Bash","Iron Wave","Clash","Cleave","Armaments+1","Seeing Red","Infernal Blade","Fire Breathing","Immolate","Combust+1","Dropkick+1","Iron Wave+1","Flex+1","Body Slam+1","Inflame","Rage+1","Body Slam+1","Pommel Strike+1","Flame Barrier","Twin Strike+1"],"relics":["Black Blood","Gremlin Horn","Golden Idol","Boot","Dodecahedron","MawBank","Mummified Hand","Molten Egg 2","Girya","PreservedInsect","Red Mask","WarpedTongs"],"potions_floor_usage":[6,16,19,25,27,27,27,27,27,33],"damage_taken":[{"damage":9,"enemies":"Jaw Worm","floor":1,"turns":3},{"damage":0,"enemies":"Small Slimes","floor":5,"turns":3},{"damage":30,"enemies":"3 Sentries","floor":6,"turns":7},{"damage":0,"enemies":"Cultist","floor":8,"turns":3},{"damage":26,"enemies":"Gremlin Nob","floor":12,"turns":4},{"damage":6,"enemies":"Blue Slaver","floor":13,"turns":3},{"damage":7,"enemies":"Slime Boss","floor":16,"turns":8},{"damage":0,"enemies":"Spheric Guardian","floor":18,"turns":3},{"damage":7,"enemies":"2 Thieves","floor":19,"turns":3},{"damage":7,"enemies":"Centurion and Healer","floor":20,"turns":4},{"damage":9,"enemies":"Cultist and Chosen","floor":22,"turns":3},{"damage":40,"enemies":"Snake Plant","floor":24,"turns":4},{"damage":25,"enemies":"Gremlin Leader","floor":25,"turns":5},{"damage":3,"enemies":"Sentry and Sphere","floor":27,"turns":3},{"damage":0,"enemies":"Masked Bandits","floor":28,"turns":2},{"damage":22,"enemies":"Shelled Parasite and Fungi","floor":31,"turns":4},{"damage":78,"enemies":"Champ","floor":33,"turns":7}],"seed_played":"8830291334362676628","potions_obtained":[{"floor":1,"key":"Ancient Potion"},{"floor":5,"key":"Regen Potion"},{"floor":13,"key":"Block Potion"},{"floor":20,"key":"EssenceOfSteel"},{"floor":22,"key":"Dexterity Potion"},{"floor":24,"key":"EntropicBrew"},{"floor":25,"key":"Block Potion"}],"is_trial":false,"path_per_floor":["M","?","$","?","M","E","R","M","T","T","R","E","M","?","R","B",null,"M","M","M","$","M","R","M","E","T","M","?","?","$","M","R","B"],"character_chosen":"IRONCLAD","items_purchased":["Molten Egg 2","Iron Wave+1","Flex","Flame Barrier"],"campfire_rested":3,"item_purchase_floors":[21,21,21,30],"current_hp_per_floor":[77,77,77,57,63,54,54,60,60,60,80,60,60,44,68,67,80,80,80,80,80,80,80,50,35,35,42,52,52,52,40,64,0],"gold":86,"neow_bonus":"TRANSFORM_CARD","is_prod":false,"is_daily":false,"chose_seed":false,"campfire_upgraded":2,"win_rate":0,"timestamp":1568857307,"path_taken":["M","?","$","?","M","E","R","M","T","?","R","E","?","?","R","BOSS","M","M","M","$","M","R","M","E","T","M","?","?","$","?","R","BOSS"],"build_version":"2019-07-17","purchased_purges":3,"victory":false,"max_hp_per_floor":[80,80,80,80,80,80,80,80,80,80,80,80,80,80,80,80,80,80,80,80,80,80,80,80,80,80,80,80,80,80,80,80,80],"card_choices":[{"not_picked":["Blood for Blood","Corruption"],"picked":"Clash","floor":1},{"not_picked":["Thunderclap","Warcry"],"picked":"Cleave","floor":5},{"not_picked":["Body Slam","Shrug It Off"],"picked":"Armaments","floor":6},{"not_picked":["Headbutt","Pummel"],"picked":"Seeing Red","floor":8},{"not_picked":["Offering","Reckless Charge"],"picked":"Infernal Blade","floor":12},{"not_picked":["Anger","Flame Barrier"],"picked":"Fire Breathing","floor":13},{"not_picked":["Dark Embrace","Impervious"],"picked":"Immolate","floor":16},{"not_picked":["Cleave","Rupture"],"picked":"Combust+1","floor":18},{"not_picked":["Warcry","Bloodletting"],"picked":"Dropkick+1","floor":19},{"not_picked":["Ghostly Armor+1","Disarm","Sword Boomerang"],"picked":"SKIP","floor":20},{"not_picked":["Clash+1","Warcry+1"],"picked":"Body Slam+1","floor":22},{"not_picked":["Iron Wave+1","Wild Strike+1"],"picked":"Inflame","floor":24},{"not_picked":["Dropkick+1","Headbutt+1"],"picked":"Rage+1","floor":25},{"not_picked":["True Grit","Shockwave"],"picked":"Body Slam+1","floor":27},{"not_picked":["Searing Blow+1","Headbutt+1"],"picked":"Pommel Strike+1","floor":28},{"not_picked":["Clothesline+1","True Grit"],"picked":"Twin Strike+1","floor":31}],"player_experience":19465,"relics_obtained":[{"floor":6,"key":"Boot"},{"floor":9,"key":"Dodecahedron"},{"floor":10,"key":"MawBank"},{"floor":12,"key":"Mummified Hand"},{"floor":25,"key":"Girya"},{"floor":26,"key":"PreservedInsect"},{"floor":28,"key":"Red Mask"}],"event_choices":[{"damage_healed":0,"gold_gain":0,"player_choice":"Box","damage_taken":0,"relics_obtained":["Gremlin Horn"],"max_hp_gain":0,"max_hp_loss":0,"event_name":"Big Fish","floor":2,"gold_loss":0,"cards_obtained":["Regret"]},{"damage_healed":0,"gold_gain":0,"player_choice":"Take Damage","damage_taken":20,"relics_obtained":["Golden Idol"],"max_hp_gain":0,"max_hp_loss":0,"event_name":"Golden Idol","floor":4,"gold_loss":0},{"damage_healed":0,"gold_gain":0,"player_choice":"Entered Light","damage_taken":16,"max_hp_gain":0,"max_hp_loss":0,"event_name":"Shining Light","floor":14,"gold_loss":0,"cards_upgraded":["Strike_R","Defend_R"]},{"damage_healed":0,"gold_gain":0,"player_choice":"Fought Bandits","damage_taken":0,"max_hp_gain":0,"max_hp_loss":0,"event_name":"Masked Bandits","floor":28,"gold_loss":0},{"damage_healed":0,"gold_gain":0,"player_choice":"Rummage","damage_taken":0,"relics_obtained":["WarpedTongs"],"max_hp_gain":0,"max_hp_loss":0,"event_name":"Accursed Blacksmith","floor":29,"gold_loss":0,"cards_obtained":["Pain"]}],"is_beta":false,"boss_relics":[{"not_picked":["Orrery","Mark of Pain"],"picked":"Black Blood"}],"items_purged_floors":[3,21,30],"is_endless":false,"potions_floor_spawned":[1,5,13,20,22,24,25],"killed_by":"Champ","ascension_level":4}