{"gold_per_floor":[310,310,330,107,123,123,158,158,231,259,276,294,294,84,84,182,182,199,199,218,317,317,343,343,48,48,48,78,95,95,95,95,95],"floor_reached":33,"playtime":2116,"items_purged":["Strike_R","Strike_R"],"score":407,"play_id":"9d895df1-4966-438c-a6bd-1546d0a6c33d","local_time":"20190830170828","is_ascension_mode":true,"campfire_choices":[{"data":"Shrug It Off","floor":6.0,"key":"SMITH"},{"data":"Shrug It Off","floor":8.0,"key":"SMITH"},{"data":"Whirlwind","floor":15.0,"key":"SMITH"},{"data":"Body Slam","floor":24.0,"key":"SMITH"},{"floor":27.0,"key":"REST"},{"data":"Clothesline","floor":30.0,"key":"SMITH"},{"data":"Heavy Blade","floor":32.0,"key":"SMITH"}],"neow_cost":"NO_GOLD","seed_source_timestamp":0,"circlet_count":0,"master_deck":["Strike_R","Defend_R","Defend_R","Bash","Heavy Blade+1","Shrug It Off+1","Shrug It Off+1","Armaments+1","Shockwave+1","Body Slam+1","Parasite","Whirlwind+1","Ghostly Armor+1","Impervious+1","Dark Embrace+1","Sever Soul+1","Entrench+1","Pummel+1","Spot Weakness+1","Madness+1","Clothesline+1"],"special_seed":0,"relics":["Burning Blood","Old Coin","Bronze Scales","PreservedInsect","Toxic Egg 2","Pantograph","Astrolabe","Boot","OrangePellets","Blue Candle","Centennial Puzzle"],"potions_floor_usage":[],"damage_taken":[{"damage":12.0,"enemies":"Small Slimes","floor":1.0,"turns":4.0},{"damage":1.0,"enemies":"Cultist","floor":3.0,"turns":4.0},{"damage":1.0,"enemies":"Jaw Worm","floor":5.0,"turns":4.0},{"damage":34.0,"enemies":"Lagavulin","floor":7.0,"turns":9.0},{"damage":6.0,"enemies":"Gremlin Nob","floor":10.0,"turns":3.0},{"damage":19.0,"enemies":"Large Slime","floor":11.0,"turns":7.0},{"damage":7.0,"enemies":"3 Louse","floor":12.0,"turns":4.0},{"damage":61.0,"enemies":"Hexaghost","floor":16.0,"turns":14.0},{"damage":18.0,"enemies":"Shell Parasite","floor":18.0,"turns":7.0},{"damage":43.0,"enemies":"Spheric Guardian","floor":20.0,"turns":8.0},{"damage":14.0,"enemies":"Book of Stabbing","floor":23.0,"turns":6.0},{"damage":10.0,"enemies":"Slavers","floor":28.0,"turns":3.0},{"damage":8.0,"enemies":"Centurion and Healer","floor":29.0,"turns":5.0},{"damage":0,"enemies":"Automaton","floor":33,"turns":1}],"seed_played":"-8150892115186443617","potions_obtained":[{"floor":2.0,"key":"EntropicBrew"},{"floor":2.0,"key":"SkillPotion"},{"floor":2.0,"key":"SpeedPotion"},{"floor":11.0,"key":"FairyPotion"},{"floor":12.0,"key":"LiquidBronze"},{"floor":16.0,"key":"Block Potion"},{"floor":28.0,"key":"Weak Potion"},{"floor":29.0,"key":"Poison Potion"}],"is_trial":false,"path_per_floor":["M","?","M","$","M","R","E","R","T","E","M","M","?","$","R","B",null,"M","?","M","?","?","E","R","$","T","R","E","M","R","$","R","B"],"character_chosen":"IRONCLAD","items_purchased":["Bronze Scales","Whirlwind","Ghostly Armor+1","OrangePellets","Madness+1"],"campfire_rested":1,"item_purchase_floors":[4,14,14,25,25],"current_hp_per_floor":[66,66,71,71,76,76,48,48,48,48,35,34,54,54,54,24,66,54,54,17,17,43,35,35,35,35,59,55,53,53,53,53,78],"gold":95,"neow_bonus":"ONE_RARE_RELIC","is_prod":false,"is_daily":false,"chose_seed":false,"campfire_upgraded":6,"win_rate":0,"timestamp":1567148908,"path_taken":["M","?","?","$","M","R","E","R","T","E","M","M","?","$","R","BOSS","M","?","M","?","?","E","R","$","T","R","E","M","R","$","R","BOSS"],"build_version":"2019-07-17","purchased_purges":2,"victory":false,"max_hp_per_floor":[80,80,80,80,80,80,80,80,80,80,80,80,80,80,80,80,80,80,80,80,80,80,80,80,80,80,80,80,80,80,80,80,80],"card_choices":[{"not_picked":["Twin Strike","Intimidate"],"picked":"Heavy Blade","floor":1.0},{"not_picked":["Rage","Anger"],"picked":"Shrug It Off","floor":3.0},{"not_picked":["Perfected Strike","Burning Pact","Power Through"],"picked":"SKIP","floor":5.0},{"not_picked":["Battle Trance","Wild Strike"],"picked":"Shrug It Off","floor":7.0},{"not_picked":["Hemokinesis","Rupture"],"picked":"Armaments+1","floor":10.0},{"not_picked":["Battle Trance+1","Wild Strike"],"picked":"Shockwave+1","floor":11.0},{"not_picked":["Inflame","Shrug It Off+1"],"picked":"Body Slam","floor":12.0},{"not_picked":["Double Tap+1","Exhume+1"],"picked":"Impervious+1","floor":16.0},{"not_picked":["Wild Strike+1","Pommel Strike"],"picked":"Pummel+1","floor":18.0},{"not_picked":["Searing Blow+1","Armaments+1"],"picked":"Spot Weakness+1","floor":20.0},{"not_picked":["Perfected Strike","Hemokinesis","Combust+1"],"picked":"SKIP","floor":23.0},{"not_picked":["Warcry+1","Sword Boomerang","Flex+1"],"picked":"SKIP","floor":28.0},{"not_picked":["Cleave","Bloodletting+1"],"picked":"Clothesline","floor":29.0}],"player_experience":462574,"relics_obtained":[{"floor":7.0,"key":"PreservedInsect"},{"floor":9.0,"key":"Toxic Egg 2"},{"floor":10.0,"key":"Pantograph"},{"floor":23.0,"key":"Boot"},{"floor":26.0,"key":"Blue Candle"},{"floor":28.0,"key":"Centennial Puzzle"}],"event_choices":[{"damage_healed":0.0,"max_hp_gain":0.0,"max_hp_loss":0.0,"gold_gain":0.0,"event_name":"Lab","player_choice":"Got Potions","floor":2.0,"gold_loss":0.0,"damage_taken":0.0},{"damage_healed":20.0,"max_hp_gain":0.0,"max_hp_loss":0.0,"gold_gain":0.0,"event_name":"Mushrooms","player_choice":"Healed and dodged fight","floor":13.0,"gold_loss":0.0,"damage_taken":0.0,"cards_obtained":["Parasite"]},{"cards_removed":["Defend_R"],"damage_healed":0.0,"max_hp_gain":0.0,"max_hp_loss":0.0,"gold_gain":0.0,"event_name":"Back to Basics","player_choice":"Elegance","floor":19.0,"gold_loss":0.0,"damage_taken":0.0},{"damage_healed":0.0,"max_hp_gain":0.0,"max_hp_loss":0.0,"gold_gain":99.0,"event_name":"Nest","player_choice":"Stole From Cult","floor":21.0,"gold_loss":0.0,"damage_taken":0.0},{"damage_healed":26.0,"max_hp_gain":0.0,"max_hp_loss":0.0,"gold_gain":0.0,"event_name":"The Library","player_choice":"Heal","floor":22.0,"gold_loss":0.0,"damage_taken":0.0}],"is_beta":false,"boss_relics":[{"not_picked":["Velvet Choker","Fusion Hammer"],"picked":"Astrolabe"}],"items_purged_floors":[4,14],"is_endless":false,"potions_floor_spawned":[11,12,16,18,28,29],"killed_by":"Automaton","ascension_level":8}