{"gold_per_floor":[112,112,112,126,141,141,141,141,171,189,205,205,221,244,244,244],"floor_reached":16,"playtime":370,"items_purged":[],"score":92,"play_id":"6f954ed5-b4b2-4be7-9870-36a2a120aa8b","local_time":"20190107103336","is_ascension_mode":false,"campfire_choices":[{"data":"Strike_R","floor":6,"key":"SMITH"},{"data":"Strike_R","floor":8,"key":"SMITH"},{"data":"Clash","floor":12,"key":"SMITH"},{"data":"Twin Strike","floor":15,"key":"SMITH"}],"neow_cost":"NONE","seed_source_timestamp":754646557761720,"circlet_count":0,"master_deck":["Strike_R","Strike_R","Strike_R","Strike_R+1","Strike_R+1","Defend_R","Defend_R","Defend_R","Bash+1","Clash+1","Twin Strike+1"],"relics":["Burning Blood","Tiny Chest","Odd Mushroom"],"potions_floor_usage":[],"damage_taken":[{"damage":8,"enemies":"2 Louse","floor":1,"turns":3},{"damage":0,"enemies":"Small Slimes","floor":4,"turns":3},{"damage":1,"enemies":"Cultist","floor":5,"turns":3},{"damage":5,"enemies":"Looter","floor":10,"turns":4},{"damage":2,"enemies":"Blue Slaver","floor":11,"turns":2},{"damage":1,"enemies":"Exordium Wildlife","floor":13,"turns":2},{"damage":30,"enemies":"The Mushroom Lair","floor":14,"turns":5},{"damage":63,"enemies":"Slime Boss","floor":16,"turns":8}],"seed_played":"5106111691359363489","potions_obtained":[{"floor":0,"key":"Weak Potion"},{"floor":0,"key":"Energy Potion"},{"floor":0,"key":"FearPotion"}],"is_trial":false,"path_per_floor":["M","?","?","M","M","R","$","R","T","M","M","R","M","?","R","B"],"character_chosen":"IRONCLAD","items_purchased":[],"campfire_rested":0,"item_purchase_floors":[],"current_hp_per_floor":[78,78,78,80,80,80,80,80,80,80,80,80,80,56,56,0],"gold":244,"neow_bonus":"THREE_SMALL_POTIONS","is_prod":false,"is_daily":false,"chose_seed":false,"campfire_upgraded":4,"win_rate":0,"timestamp":1546817616,"path_taken":["M","?","?","M","M","R","$","R","T","?","M","R","M","?","R","BOSS"],"build_version":"2019-01-03v4","purchased_purges":0,"victory":false,"max_hp_per_floor":[80,80,80,80,80,80,80,80,80,80,80,80,80,80,80,80],"card_choices":[{"not_picked":["Body Slam","Flex","Thunderclap"],"picked":"SKIP","floor":1},{"not_picked":["Flex","Bloodletting","Hemokinesis"],"picked":"SKIP","floor":4},{"not_picked":["Body Slam","Headbutt","Seeing Red"],"picked":"SKIP","floor":5},{"not_picked":["Wild Strike","Heavy Blade"],"picked":"Clash","floor":10},{"not_picked":["Thunderclap","Seeing Red","Metallicize"],"picked":"SKIP","floor":11},{"not_picked":["Shrug It Off","Clothesline"],"picked":"Twin Strike","floor":13}],"player_experience":203026,"relics_obtained":[{"floor":9,"key":"Tiny Chest"},{"floor":14,"key":"Odd Mushroom"}],"event_choices":[{"damage_healed":0,"gold_gain":0,"player_choice":"Grow","damage_taken":0,"max_hp_gain":0,"max_hp_loss":0,"event_name":"Living Wall","floor":2,"gold_loss":0,"cards_upgraded":["Bash"]},{"cards_removed":["Defend_R"],"damage_healed":0,"gold_gain":0,"player_choice":"Offered Basic","damage_taken":0,"max_hp_gain":0,"max_hp_loss":0,"event_name":"Bonfire Elementals","floor":3,"gold_loss":0},{"damage_healed":0,"gold_gain":0,"player_choice":"Fought Mushrooms","damage_taken":0,"max_hp_gain":0,"max_hp_loss":0,"event_name":"Mushrooms","floor":14,"gold_loss":0}],"is_beta":false,"boss_relics":[],"items_purged_floors":[],"is_endless":false,"potions_floor_spawned":[1,11,13,14],"killed_by":"Slime Boss","ascension_level":0}