{"gold_per_floor":[109,120,134,145,160,192,204,241,277,289,334,363,375],"floor_reached":13,"playtime":1123,"items_purged":[],"score":134,"play_id":"76ad819f-7f54-4dc8-8fc1-d3f23a3e98a1","local_time":"20190903152535","is_ascension_mode":true,"campfire_choices":[{"floor":7,"key":"REST"},{"floor":10,"key":"REST"}],"neow_cost":"NONE","seed_source_timestamp":1693037537734300,"circlet_count":0,"master_deck":["Strike_B","Strike_B","Strike_B","Strike_B","Defend_B","Defend_B","Defend_B","Defend_B","Zap","Dualcast","Melter","Beam Cell","Coolheaded","Sweeping Beam","Conserve Battery","Double Energy","Streamline","White Noise","Doom and Gloom"],"relics":["Cracked Core","MawBank","Art of War","Bronze Scales","Dream Catcher"],"potions_floor_usage":[4,5,6,8,11,12],"damage_taken":[{"damage":4,"enemies":"Jaw Worm","floor":1,"turns":3},{"damage":2,"enemies":"2 Louse","floor":2,"turns":3},{"damage":7,"enemies":"Small Slimes","floor":3,"turns":2},{"damage":11,"enemies":"Exordium Wildlife","floor":4,"turns":4},{"damage":8,"enemies":"Large Slime","floor":5,"turns":3},{"damage":21,"enemies":"Gremlin Nob","floor":6,"turns":4},{"damage":20,"enemies":"3 Sentries","floor":8,"turns":7},{"damage":22,"enemies":"Lagavulin","floor":11,"turns":5},{"damage":12,"enemies":"Blue Slaver","floor":12,"turns":2},{"damage":30,"enemies":"Gremlin Nob","floor":13,"turns":3}],"seed_played":"2225179133236988059","potions_obtained":[{"floor":0,"key":"SkillPotion"},{"floor":0,"key":"FocusPotion"},{"floor":0,"key":"PowerPotion"},{"floor":4,"key":"Fire Potion"},{"floor":5,"key":"Swift Potion"},{"floor":8,"key":"FocusPotion"}],"is_trial":false,"path_per_floor":["M","M","M","M","M","E","R","E","T","R","E","M","E"],"character_chosen":"DEFECT","items_purchased":[],"campfire_rested":2,"item_purchase_floors":[],"current_hp_per_floor":[71,69,62,51,43,22,44,24,24,46,24,12,0],"gold":375,"neow_bonus":"THREE_SMALL_POTIONS","is_prod":false,"is_daily":false,"chose_seed":false,"campfire_upgraded":0,"win_rate":0,"timestamp":1567488335,"path_taken":["M","M","M","M","M","E","R","E","T","R","E","M","E"],"build_version":"2019-07-17","purchased_purges":0,"victory":false,"max_hp_per_floor":[75,75,75,75,75,75,75,75,75,75,75,75,75],"card_choices":[{"not_picked":["Lockon","Consume"],"picked":"Melter","floor":1},{"not_picked":["Heatsinks","Turbo"],"picked":"Beam Cell","floor":2},{"not_picked":["Stack","Heatsinks"],"picked":"Coolheaded","floor":3},{"not_picked":["FTL","Stack"],"picked":"Sweeping Beam","floor":4},{"not_picked":["Machine Learning","Hologram"],"picked":"Conserve Battery","floor":5},{"not_picked":["Gash","Beam Cell"],"picked":"Double Energy","floor":6},{"not_picked":["Scrape","Darkness"],"picked":"Streamline","floor":8},{"not_picked":["Static Discharge","Beam Cell"],"picked":"White Noise","floor":11},{"not_picked":["Ball Lightning","Coolheaded"],"picked":"Doom and Gloom","floor":12}],"player_experience":521454,"relics_obtained":[{"floor":6,"key":"MawBank"},{"floor":8,"key":"Art of War"},{"floor":9,"key":"Bronze Scales"},{"floor":11,"key":"Dream Catcher"}],"event_choices":[],"is_beta":false,"boss_relics":[],"items_purged_floors":[],"is_endless":false,"potions_floor_spawned":[3,4,5,8],"killed_by":"Gremlin Nob","ascension_level":5}