{"gold_per_floor":[112,124,124,138,35,35,64,64,64,89,89,89,89,89,89,184,184,202,127,139,54,72,104,104,4,4,4],"floor_reached":27,"playtime":3053,"items_purged":["Doubt","Normality"],"score":261,"play_id":"36b36b41-250f-4de6-a1c2-e70159d30f80","local_time":"20190916150300","is_ascension_mode":true,"campfire_choices":[{"data":"Armaments","floor":6,"key":"SMITH"},{"floor":11,"key":"REST"},{"floor":13,"key":"REST"},{"data":"Searing Blow","floor":15,"key":"SMITH"},{"floor":24,"key":"REST"}],"neow_cost":"NONE","seed_source_timestamp":70982917190300,"circlet_count":0,"master_deck":["Strike_R","Strike_R","Strike_R","Strike_R","Defend_R","Defend_R","Defend_R","Defend_R","Bash","Armaments+1","Burning Pact","Battle Trance","Metallicize","Searing Blow+1","Anger","Anger","Offering","Limit Break","Decay","Body Slam+1","Intimidate","Bloodletting","Spot Weakness+1"],"relics":["Burning Blood","NeowsBlessing","Self Forming Clay","Shuriken","Incense Burner","Calling Bell","Lantern","Sundial","StoneCalendar","Ancient Tea Set","Strawberry","Orichalcum"],"potions_floor_usage":[7,7,10,16,22,22,23],"damage_taken":[{"damage":0,"enemies":"Cultist","floor":1,"turns":1},{"damage":0,"enemies":"Small Slimes","floor":2,"turns":1},{"damage":0,"enemies":"2 Louse","floor":4,"turns":1},{"damage":15,"enemies":"Lagavulin","floor":7,"turns":15},{"damage":56,"enemies":"Gremlin Nob","floor":10,"turns":5},{"damage":37,"enemies":"Hexaghost","floor":16,"turns":9},{"damage":31,"enemies":"Shell Parasite","floor":18,"turns":7},{"damage":14,"enemies":"Chosen","floor":20,"turns":4},{"damage":33,"enemies":"Centurion and Healer","floor":22,"turns":7},{"damage":40,"enemies":"Book of Stabbing","floor":23,"turns":7},{"damage":49,"enemies":"Snake Plant","floor":27,"turns":5}],"seed_played":"-7131235124350641699","potions_obtained":[{"floor":3,"key":"Fire Potion"},{"floor":3,"key":"Fruit Juice"},{"floor":3,"key":"Swift Potion"},{"floor":4,"key":"EssenceOfSteel"},{"floor":7,"key":"Fire Potion"},{"floor":10,"key":"Explosive Potion"},{"floor":16,"key":"BloodPotion"},{"floor":20,"key":"Explosive Potion"}],"is_trial":false,"path_per_floor":["M","M","?","M","$","R","E","$","T","E","R","?","R","$","R","B",null,"M","$","M","?","M","E","R","$","T","M"],"character_chosen":"IRONCLAD","items_purchased":["Metallicize","Searing Blow"],"campfire_rested":3,"item_purchase_floors":[5,5],"current_hp_per_floor":[80,80,80,80,80,80,76,76,76,26,51,51,76,76,76,45,85,60,60,52,52,46,19,46,46,46,0],"gold":4,"neow_bonus":"THREE_ENEMY_KILL","is_prod":false,"is_daily":false,"chose_seed":false,"campfire_upgraded":2,"win_rate":0,"timestamp":1568664180,"path_taken":["M","?","?","M","?","R","E","$","T","E","R","?","R","$","R","BOSS","M","$","M","?","M","E","R","$","T","M"],"build_version":"2019-07-17","purchased_purges":2,"victory":false,"max_hp_per_floor":[80,80,80,80,80,80,85,85,85,85,85,85,85,85,85,85,85,85,85,85,85,85,92,92,92,92,92],"card_choices":[{"not_picked":["Twin Strike","Perfected Strike"],"picked":"Armaments","floor":1},{"not_picked":["Shockwave","Clash"],"picked":"Burning Pact","floor":2},{"not_picked":["Carnage","Evolve"],"picked":"Battle Trance","floor":4},{"not_picked":["Sword Boomerang","Pommel Strike"],"picked":"Anger","floor":7},{"not_picked":["Pommel Strike","Corruption"],"picked":"Anger","floor":10},{"not_picked":["Fiend Fire","Exhume"],"picked":"Limit Break","floor":16},{"not_picked":["Cleave+1","Clash"],"picked":"Body Slam+1","floor":18},{"not_picked":["Body Slam","Searing Blow"],"picked":"Intimidate","floor":20},{"not_picked":["True Grit","Sword Boomerang+1"],"picked":"Bloodletting","floor":22},{"not_picked":["Armaments","Combust"],"picked":"Spot Weakness+1","floor":23}],"player_experience":229618,"relics_obtained":[{"floor":7,"key":"Self Forming Clay"},{"floor":9,"key":"Shuriken"},{"floor":10,"key":"Incense Burner"},{"floor":17,"key":"Lantern"},{"floor":17,"key":"Sundial"},{"floor":17,"key":"StoneCalendar"},{"floor":23,"key":"Strawberry"},{"floor":26,"key":"Orichalcum"}],"event_choices":[{"damage_healed":0,"gold_gain":0,"player_choice":"Got Potions","damage_taken":0,"max_hp_gain":0,"max_hp_loss":0,"event_name":"Lab","floor":3,"gold_loss":0},{"damage_healed":0,"gold_gain":0,"cards_transformed":["Strike_R"],"player_choice":"Transformed","damage_taken":0,"max_hp_gain":0,"max_hp_loss":0,"event_name":"Transmorgrifier","floor":12,"gold_loss":0,"cards_obtained":["Offering"]},{"damage_healed":0,"gold_gain":0,"player_choice":"Obtained Relic","damage_taken":0,"relics_obtained":["Ancient Tea Set"],"max_hp_gain":0,"max_hp_loss":0,"event_name":"Addict","floor":21,"gold_loss":85}],"is_beta":false,"boss_relics":[{"not_picked":["Astrolabe","Philosopher\u0027s Stone"],"picked":"Calling Bell"}],"items_purged_floors":[19,25],"is_endless":false,"potions_floor_spawned":[4,7,10,16,20],"killed_by":"Snake Plant","ascension_level":2}