{"gold_per_floor":[116,126,201,17,17,17,47,59,59,79,79,92,92,17,17,17],"floor_reached":16,"playtime":525,"items_purged":["Injury"],"score":170,"play_id":"899e3c80-3dbe-4aa5-853e-8d330969c705","local_time":"20190925125656","is_ascension_mode":true,"campfire_choices":[{"floor":6,"key":"REST"},{"floor":13,"key":"REST"},{"data":"Go for the Eyes","floor":15,"key":"SMITH"}],"neow_cost":"PERCENT_DAMAGE","seed_source_timestamp":82234361100900,"circlet_count":0,"master_deck":["AscendersBane","Strike_B","Strike_B","Strike_B","Strike_B","Defend_B","Defend_B","Defend_B","Defend_B","Zap","Dualcast","Go for the Eyes+1","Leap","Sunder","Genetic Algorithm+1","Gash","Hologram+1","Glacier+1"],"relics":["Cracked Core","DataDisk","Toxic Egg 2","Ginger","Emotion Chip","Golden Idol"],"potions_floor_usage":[16,16],"damage_taken":[{"damage":1,"enemies":"Cultist","floor":1,"turns":3},{"damage":3,"enemies":"2 Louse","floor":2,"turns":2},{"damage":28,"enemies":"Gremlin Nob","floor":7,"turns":4},{"damage":12,"enemies":"Jaw Worm","floor":8,"turns":4},{"damage":1,"enemies":"Gremlin Gang","floor":10,"turns":4},{"damage":4,"enemies":"3 Louse","floor":12,"turns":3},{"damage":70,"enemies":"Hexaghost","floor":16,"turns":21}],"seed_played":"6432221601611778204","potions_obtained":[{"floor":2,"key":"PowerPotion"},{"floor":7,"key":"Block Potion"},{"floor":8,"key":"Regen Potion"}],"is_trial":false,"path_per_floor":["M","M","?","$","?","R","E","M","T","M","?","M","R","$","R","B"],"character_chosen":"DEFECT","items_purchased":["DataDisk","Sunder"],"campfire_rested":2,"item_purchase_floors":[4,4],"current_hp_per_floor":[59,56,45,45,45,70,42,30,30,29,29,25,50,50,50,0],"gold":17,"neow_bonus":"TWENTY_PERCENT_HP_BONUS","is_prod":false,"is_daily":false,"chose_seed":false,"campfire_upgraded":1,"win_rate":0,"timestamp":1569441416,"path_taken":["M","?","?","$","?","R","E","?","T","M","?","M","R","$","R","BOSS"],"build_version":"2019-07-17","purchased_purges":1,"victory":false,"max_hp_per_floor":[85,85,85,85,85,85,85,85,85,85,85,85,85,85,85,85],"card_choices":[{"not_picked":["Rebound","Hologram"],"picked":"Go for the Eyes","floor":1},{"not_picked":["Steam","Rebound"],"picked":"Leap","floor":2},{"not_picked":["Leap+1","Rebound"],"picked":"Genetic Algorithm+1","floor":7},{"not_picked":["Turbo+1","Rebound"],"picked":"Gash","floor":8},{"not_picked":["Barrage","Rebound"],"picked":"Hologram+1","floor":10},{"not_picked":["Compile Driver","Sunder"],"picked":"Glacier+1","floor":12}],"player_experience":636552,"relics_obtained":[{"floor":7,"key":"Ginger"},{"floor":9,"key":"Emotion Chip"}],"event_choices":[{"damage_healed":0,"gold_gain":75,"player_choice":"Gather Gold","damage_taken":11,"max_hp_gain":0,"max_hp_loss":0,"event_name":"World of Goop","floor":3,"gold_loss":0},{"damage_healed":0,"gold_gain":0,"player_choice":"Gave Potion","damage_taken":0,"relics_obtained":["Toxic Egg 2"],"max_hp_gain":0,"max_hp_loss":0,"event_name":"WeMeetAgain","floor":5,"gold_loss":0},{"damage_healed":0,"gold_gain":0,"player_choice":"Take Wound","damage_taken":0,"relics_obtained":["Golden Idol"],"max_hp_gain":0,"max_hp_loss":0,"event_name":"Golden Idol","floor":11,"gold_loss":0,"cards_obtained":["Injury"]}],"is_beta":false,"boss_relics":[],"items_purged_floors":[14],"is_endless":false,"potions_floor_spawned":[2,7,8],"killed_by":"Hexaghost","ascension_level":14}