{"gold_per_floor":[119,119,294,311,324,324,424,424,501,521,533,552,565,583,583,682,682,697,697,622,634,38,65,65,78,103,115,159,171,183,205,217,325,337,366,391,403,82,95,95,95,107,107,107,125,77,100,24,24,24],"floor_reached":51,"playtime":8352,"items_purged":[],"score":704,"play_id":"cd60e247-8930-4005-9981-127984fa42ec","local_time":"20190909184723","is_ascension_mode":false,"campfire_choices":[{"floor":6,"key":"REST"},{"data":"Intimidate","floor":8,"key":"SMITH"},{"floor":15,"key":"REST"},{"floor":24,"key":"REST"},{"floor":30,"key":"REST"},{"floor":32,"key":"REST"},{"floor":40,"key":"REST"},{"floor":44,"key":"REST"},{"floor":49,"key":"REST"}],"neow_cost":"NONE","seed_source_timestamp":423904343833600,"circlet_count":0,"master_deck":["Strike_R","Strike_R","Strike_R","Strike_R","Strike_R","Defend_R","Defend_R","Defend_R","Defend_R","Bash","Intimidate+1","Power Through","Twin Strike","Heavy Blade+1","Demon Form","Uppercut+1","Searing Blow+1","Perfected Strike+1","Offering","Cleave+1","Thunderclap+1","Heavy Blade+1","Fire Breathing","Double Tap","Warcry+1","Disarm","Finesse+1","Warcry+1","Shrug It Off+1","Intimidate+1","Inflame","Flying Knee+1","Bouncing Flask","Dramatic Entrance+1","Whirlwind+1","Aggregate+1","Reaper+1","Prepared+1"],"relics":["Velvet Choker","Bronze Scales","Molten Egg 2","Fusion Hammer","Bottled Flame","Regal Pillow","Blood Vial","MawBank","Bottled Tornado","Astrolabe","FaceOfCleric","PrismaticShard","Dream Catcher","Shuriken","Dodecahedron","Juzu Bracelet"],"potions_floor_usage":[13,25,33,33,50,50,50],"damage_taken":[{"damage":2,"enemies":"2 Louse","floor":1,"turns":4},{"damage":1,"enemies":"Jaw Worm","floor":4,"turns":3},{"damage":0,"enemies":"Cultist","floor":5,"turns":4},{"damage":29,"enemies":"Exordium Thugs","floor":10,"turns":6},{"damage":2,"enemies":"Looter","floor":11,"turns":3},{"damage":9,"enemies":"Exordium Wildlife","floor":12,"turns":4},{"damage":0,"enemies":"3 Louse","floor":13,"turns":1},{"damage":10,"enemies":"Looter","floor":14,"turns":3},{"damage":15,"enemies":"Slime Boss","floor":16,"turns":9},{"damage":16,"enemies":"Spheric Guardian","floor":18,"turns":3},{"damage":12,"enemies":"Shell Parasite","floor":21,"turns":3},{"damage":47,"enemies":"Slavers","floor":23,"turns":4},{"damage":26,"enemies":"Centurion and Healer","floor":25,"turns":3},{"damage":31,"enemies":"Book of Stabbing","floor":28,"turns":5},{"damage":10,"enemies":"Cultist and Chosen","floor":31,"turns":4},{"damage":71,"enemies":"Automaton","floor":33,"turns":8},{"damage":18,"enemies":"3 Shapes","floor":35,"turns":3},{"damage":5,"enemies":"Orb Walker","floor":36,"turns":3},{"damage":60,"enemies":"Spire Growth","floor":39,"turns":5},{"damage":18,"enemies":"Maw","floor":42,"turns":6},{"damage":9,"enemies":"Transient","floor":45,"turns":5},{"damage":112,"enemies":"Awakened One","floor":50,"turns":9}],"seed_played":"-4529098938032457178","potions_obtained":[{"floor":4,"key":"Energy Potion"},{"floor":5,"key":"Energy Potion"},{"floor":10,"key":"PowerPotion"},{"floor":12,"key":"Explosive Potion"},{"floor":18,"key":"BloodPotion"},{"floor":23,"key":"SkillPotion"},{"floor":31,"key":"SpeedPotion"},{"floor":36,"key":"PowerPotion"},{"floor":45,"key":"Ancient Potion"}],"is_trial":false,"path_per_floor":["M","?","?","M","M","R","?","R","T","M","M","M","M","M","R","B",null,"M","?","?","M","$","E","R","M","T","$","E","?","R","M","R","B",null,"M","M","?","$","M","R","?","M","T","R","M","$","T","$","R","B",null],"character_chosen":"IRONCLAD","items_purchased":["HandOfGreed+1","Fire Breathing","Bottled Flame","Regal Pillow","PrismaticShard","Dream Catcher","Block Potion","Reaper+1"],"campfire_rested":8,"item_purchase_floors":[22,22,22,22,38,38,46,48],"current_hp_per_floor":[78,66,66,65,65,80,80,80,80,51,49,40,40,30,54,39,80,64,64,64,52,52,5,44,40,40,40,11,2,41,33,72,3,80,62,59,59,59,2,41,41,26,26,65,59,59,59,59,83,3],"gold":24,"neow_bonus":"BOSS_RELIC","is_prod":false,"is_daily":false,"chose_seed":false,"campfire_upgraded":1,"win_rate":0.0,"timestamp":1568072843,"path_taken":["M","?","?","M","M","R","?","R","T","M","M","?","M","M","R","BOSS","M","?","?","M","$","E","R","M","T","?","E","?","R","M","R","BOSS","M","M","?","$","?","R","?","?","T","R","M","$","?","?","R","BOSS"],"build_version":"2019-07-17","purchased_purges":0,"victory":true,"max_hp_per_floor":[80,80,80,80,80,80,80,80,80,80,80,80,80,80,80,80,80,80,80,80,80,80,80,80,80,80,80,80,80,80,80,80,80,80,80,80,80,80,81,81,81,82,82,82,83,83,83,83,83,84],"card_choices":[{"not_picked":["Sword Boomerang","Inflame"],"picked":"Intimidate","floor":1},{"not_picked":["Second Wind","Flex"],"picked":"Power Through","floor":4},{"not_picked":["Fire Breathing","Anger"],"picked":"Twin Strike","floor":5},{"not_picked":["Clothesline+1","Body Slam+1"],"picked":"Heavy Blade+1","floor":10},{"not_picked":["Shrug It Off","Armaments"],"picked":"Demon Form","floor":11},{"not_picked":["Thunderclap+1","Carnage+1"],"picked":"Uppercut+1","floor":12},{"not_picked":["Dual Wield","Shrug It Off"],"picked":"Searing Blow+1","floor":13},{"not_picked":["Pommel Strike+1","Headbutt+1"],"picked":"Perfected Strike+1","floor":14},{"not_picked":["Fiend Fire+1","Dark Embrace"],"picked":"Offering","floor":16},{"not_picked":["Clash+1","Flex+1"],"picked":"Cleave+1","floor":18},{"not_picked":["Clothesline+1","Twin Strike+1"],"picked":"Heavy Blade+1","floor":21},{"not_picked":["Entrench","Cleave+1"],"picked":"Double Tap","floor":23},{"not_picked":["Clash+1","Perfected Strike+1"],"picked":"Warcry+1","floor":25},{"not_picked":["Demon Form","Heavy Blade+1"],"picked":"Entrench+1","floor":28},{"not_picked":["Cleave+1","Clothesline+1"],"picked":"Disarm","floor":31},{"not_picked":["Offering","Dark Embrace"],"picked":"Limit Break","floor":33},{"not_picked":["Metallicize+1","Twin Strike+1"],"picked":"Intimidate+1","floor":35},{"not_picked":["Iron Wave+1","Perfected Strike+1"],"picked":"Inflame","floor":36},{"not_picked":["Ball Lightning+1","Consume+1"],"picked":"Flying Knee+1","floor":39},{"not_picked":["Perfected Strike+1","Headbutt+1"],"picked":"Bouncing Flask","floor":40},{"not_picked":["Redo+1","Hologram"],"picked":"Dramatic Entrance+1","floor":42},{"not_picked":["Masterful Stab+1","Heavy Blade+1"],"picked":"Whirlwind+1","floor":44},{"not_picked":["PiercingWail+1","Outmaneuver"],"picked":"Aggregate+1","floor":45},{"not_picked":["Clash+1","Deadly Poison"],"picked":"Prepared+1","floor":49}],"player_experience":26739,"relics_obtained":[{"floor":9,"key":"Molten Egg 2"},{"floor":23,"key":"Blood Vial"},{"floor":26,"key":"MawBank"},{"floor":28,"key":"Bottled Tornado"},{"floor":43,"key":"Dodecahedron"},{"floor":47,"key":"Juzu Bracelet"}],"event_choices":[{"damage_healed":0,"gold_gain":0,"player_choice":"Success","damage_taken":12,"relics_obtained":["Bronze Scales"],"max_hp_gain":0,"max_hp_loss":0,"event_name":"Scrap Ooze","floor":2,"gold_loss":0},{"damage_healed":0,"gold_gain":175,"player_choice":"AGREE","damage_taken":0,"max_hp_gain":0,"max_hp_loss":0,"event_name":"Liars Game","floor":3,"gold_loss":0,"cards_obtained":["Doubt"]},{"damage_healed":0,"gold_gain":100,"player_choice":"Gold","damage_taken":0,"max_hp_gain":0,"max_hp_loss":0,"event_name":"Wheel of Change","floor":7,"gold_loss":0},{"damage_healed":0,"gold_gain":0,"player_choice":"Read","damage_taken":0,"max_hp_gain":0,"max_hp_loss":0,"event_name":"The Library","floor":19,"gold_loss":0,"cards_obtained":["Thunderclap"]},{"cards_removed":["Doubt"],"damage_healed":0,"gold_gain":0,"player_choice":"Gave Gold","damage_taken":0,"max_hp_gain":0,"max_hp_loss":0,"event_name":"Beggar","floor":20,"gold_loss":75},{"damage_healed":0,"gold_gain":0,"player_choice":"Stopped","damage_taken":9,"max_hp_gain":0,"max_hp_loss":0,"event_name":"Cursed Tome","floor":29,"gold_loss":0},{"damage_healed":0,"gold_gain":0,"player_choice":"Trade","damage_taken":0,"relics_obtained":["FaceOfCleric"],"max_hp_gain":0,"max_hp_loss":0,"event_name":"FaceTrader","floor":37,"gold_loss":0},{"damage_healed":0,"gold_gain":0,"player_choice":"Gave Potion","damage_taken":0,"relics_obtained":["Shuriken"],"max_hp_gain":0,"max_hp_loss":0,"event_name":"WeMeetAgain","floor":41,"gold_loss":0}],"is_beta":false,"boss_relics":[{"not_picked":["Philosopher\u0027s Stone","White Beast Statue"],"picked":"Fusion Hammer"},{"not_picked":["Cursed Key","Tiny House"],"picked":"Astrolabe"}],"items_purged_floors":[],"is_endless":false,"potions_floor_spawned":[4,5,10,12,18,23,31,36,45],"ascension_level":0}