{"gold_per_floor":[111,61,61,61,74,74,91,108,156,156,192,192,192,213,213,213],"floor_reached":16,"playtime":1808,"items_purged":[],"score":105,"play_id":"517dc70e-7102-4501-96e0-eca5c91b162d","local_time":"20190911000344","is_ascension_mode":true,"campfire_choices":[{"floor":6,"key":"REST"},{"floor":12,"key":"REST"},{"floor":15,"key":"REST"}],"neow_cost":"NONE","seed_source_timestamp":535876257988699,"circlet_count":0,"master_deck":["Strike_R","Strike_R","Strike_R","Strike_R","Defend_R","Defend_R","Defend_R","Defend_R","Bash+1","Combust","Shockwave","Whirlwind","Shockwave","Double Tap","Dropkick"],"relics":["Burning Blood","Oddly Smooth Stone","Omamori","Golden Idol","Boot"],"potions_floor_usage":[16,16,16],"damage_taken":[{"damage":0,"enemies":"Small Slimes","floor":1,"turns":3},{"damage":4,"enemies":"Jaw Worm","floor":5,"turns":4},{"damage":0,"enemies":"Cultist","floor":7,"turns":4},{"damage":0,"enemies":"Lots of Slimes","floor":8,"turns":1},{"damage":33,"enemies":"Lagavulin","floor":11,"turns":9},{"damage":27,"enemies":"Exordium Wildlife","floor":14,"turns":9},{"damage":66,"enemies":"Hexaghost","floor":16,"turns":11}],"seed_played":"-6526573175046635109","potions_obtained":[{"floor":1,"key":"SpeedPotion"},{"floor":7,"key":"FearPotion"},{"floor":14,"key":"Explosive Potion"}],"is_trial":false,"path_per_floor":["M","?","?","?","M","R","M","M","T","?","E","R","?","M","R","B"],"character_chosen":"IRONCLAD","items_purchased":[],"campfire_rested":3,"item_purchase_floors":[],"current_hp_per_floor":[80,80,80,55,57,80,80,80,80,60,33,57,62,41,66,0],"gold":213,"neow_bonus":"UPGRADE_CARD","is_prod":false,"is_daily":false,"chose_seed":false,"campfire_upgraded":0,"win_rate":0,"timestamp":1568178224,"path_taken":["M","?","?","?","M","R","M","M","T","?","E","R","?","M","R","BOSS"],"build_version":"2019-07-17","purchased_purges":0,"victory":false,"max_hp_per_floor":[80,80,80,80,80,80,80,80,80,80,80,80,85,85,85,85],"card_choices":[{"not_picked":["Ghostly Armor","Twin Strike"],"picked":"Rage","floor":1},{"not_picked":["Perfected Strike","True Grit"],"picked":"Shockwave","floor":5},{"not_picked":["Warcry","Rupture"],"picked":"Whirlwind","floor":7},{"not_picked":["Searing Blow","Flex"],"picked":"Shockwave","floor":8},{"not_picked":["Warcry","Uppercut"],"picked":"Double Tap","floor":11},{"not_picked":["Thunderclap","Pommel Strike"],"picked":"Dropkick","floor":14}],"player_experience":61729,"relics_obtained":[{"floor":9,"key":"Omamori"},{"floor":11,"key":"Boot"}],"event_choices":[{"cards_removed":["Strike_R"],"damage_healed":0,"gold_gain":0,"player_choice":"Card Removal","damage_taken":0,"max_hp_gain":0,"max_hp_loss":0,"event_name":"The Cleric","floor":2,"gold_loss":50},{"damage_healed":0,"gold_gain":0,"cards_transformed":["Rage"],"player_choice":"Change","damage_taken":0,"max_hp_gain":0,"max_hp_loss":0,"event_name":"Living Wall","floor":3,"gold_loss":0,"cards_obtained":["Combust"]},{"damage_healed":0,"gold_gain":0,"player_choice":"Success","damage_taken":25,"relics_obtained":["Oddly Smooth Stone"],"max_hp_gain":0,"max_hp_loss":0,"event_name":"Scrap Ooze","floor":4,"gold_loss":0},{"damage_healed":0,"gold_gain":0,"player_choice":"Take Damage","damage_taken":20,"relics_obtained":["Golden Idol"],"max_hp_gain":0,"max_hp_loss":0,"event_name":"Golden Idol","floor":10,"gold_loss":0},{"damage_healed":0,"gold_gain":0,"player_choice":"Donut","damage_taken":0,"max_hp_gain":5,"max_hp_loss":0,"event_name":"Big Fish","floor":13,"gold_loss":0}],"is_beta":false,"boss_relics":[],"items_purged_floors":[],"is_endless":false,"potions_floor_spawned":[1,7,14],"killed_by":"Hexaghost","ascension_level":1}