{"gold_per_floor":[115,129,55,55,20,20,47,47,115,43,43,54,81,61,61,163,163,178,47,64,64,79,79,111,111,165,165,105,105,118,118,118,118],"floor_reached":33,"playtime":1758,"items_purged":[],"score":353,"play_id":"cd30b076-a2a3-4c60-894d-348107cee537","local_time":"20190831040402","is_ascension_mode":true,"campfire_choices":[{"data":"Genetic Algorithm","floor":6,"key":"SMITH"},{"data":"Sunder","floor":8,"key":"SMITH"},{"data":"Sweeping Beam","floor":11,"key":"SMITH"},{"data":"Ball Lightning","floor":15,"key":"SMITH"},{"floor":23,"key":"REST"},{"floor":27,"key":"REST"},{"data":"Creative AI","floor":29,"key":"SMITH"},{"floor":32,"key":"REST"}],"neow_cost":"NONE","seed_source_timestamp":1392311298668300,"circlet_count":0,"master_deck":["Zap","Sweeping Beam+1","Genetic Algorithm+1","Sunder+1","BootSequence","Glacier+1","Undo+1","Ball Lightning+1","All For One","Defragment","Rip and Tear","Stack+1","Barrage","Meteor Strike","Darkness+1","Sunder","FTL+1","Blizzard","Cold Snap","Go for the Eyes","Hologram+1","Creative AI+1","Reinforced Body+1","BootSequence+1"],"relics":["Cracked Core","NeowsBlessing","Dream Catcher","Bottled Flame","Toxic Egg 2","DataDisk","Pandora\u0027s Box","Lantern","Blood Vial","Sundial"],"potions_floor_usage":[16,16,22,24,24,33],"damage_taken":[{"damage":0,"enemies":"Cultist","floor":1,"turns":1},{"damage":0,"enemies":"Jaw Worm","floor":2,"turns":1},{"damage":0,"enemies":"Gremlin Nob","floor":7,"turns":1},{"damage":0,"enemies":"2 Louse","floor":12,"turns":2},{"damage":7,"enemies":"3 Sentries","floor":13,"turns":8},{"damage":16,"enemies":"The Guardian","floor":16,"turns":11},{"damage":24,"enemies":"3 Byrds","floor":18,"turns":3},{"damage":0,"enemies":"Chosen","floor":20,"turns":4},{"damage":18,"enemies":"Snake Plant","floor":22,"turns":3},{"damage":36,"enemies":"Gremlin Leader","floor":24,"turns":8},{"damage":24,"enemies":"Centurion and Healer","floor":30,"turns":7},{"damage":44,"enemies":"Automaton","floor":33,"turns":6}],"seed_played":"-4812745045950234137","potions_obtained":[{"floor":1,"key":"EssenceOfSteel"},{"floor":13,"key":"EssenceOfSteel"},{"floor":14,"key":"AttackPotion"},{"floor":16,"key":"Energy Potion"},{"floor":18,"key":"GamblersBrew"},{"floor":30,"key":"Fire Potion"}],"is_trial":false,"path_per_floor":["M","M","$","?","?","R","E","R","T","$","R","M","E","?","R","B",null,"M","$","M","$","M","R","E","?","T","R","?","R","M","T","R","B"],"character_chosen":"DEFECT","items_purchased":["Sunder","Glacier+1","Blizzard","Cold Snap"],"campfire_rested":3,"item_purchase_floors":[3,10,19,19],"current_hp_per_floor":[75,75,75,63,75,75,75,75,75,75,75,75,68,68,68,52,75,51,51,51,51,33,55,19,19,19,41,41,41,19,19,41,0],"gold":118,"neow_bonus":"THREE_ENEMY_KILL","is_prod":false,"is_daily":false,"chose_seed":false,"campfire_upgraded":5,"win_rate":0,"timestamp":1567188242,"path_taken":["M","M","$","?","?","R","E","R","T","?","R","?","E","?","R","BOSS","M","$","?","$","M","R","E","?","T","R","?","R","?","?","R","BOSS"],"build_version":"2019-07-17","purchased_purges":0,"victory":false,"max_hp_per_floor":[75,75,75,75,75,75,75,75,75,75,75,75,75,75,75,75,75,75,75,75,75,75,75,75,75,75,75,75,75,75,75,75,75],"card_choices":[{"not_picked":["Heatsinks","Steam"],"picked":"Sweeping Beam","floor":1},{"not_picked":["Scrape","Stack"],"picked":"Genetic Algorithm","floor":2},{"not_picked":["Double Energy","Consume"],"picked":"BootSequence","floor":7},{"not_picked":["Barrage","Double Energy+1"],"picked":"Undo+1","floor":12},{"not_picked":["Sweeping Beam","Steam Power+1"],"picked":"Ball Lightning","floor":13},{"not_picked":["Seek+1","Echo Form"],"picked":"All For One","floor":16},{"not_picked":["Static Discharge","Ball Lightning"],"picked":"FTL+1","floor":18},{"not_picked":["Stack+1","Beam Cell+1"],"picked":"Go for the Eyes","floor":20},{"not_picked":["Go for the Eyes","Consume+1"],"picked":"Hologram+1","floor":22},{"not_picked":["Compile Driver","Beam Cell"],"picked":"Creative AI","floor":23},{"not_picked":["FTL","Multi-Cast+1"],"picked":"Reinforced Body+1","floor":24},{"not_picked":["Leap+1","Barrage","Hologram+1"],"picked":"SKIP","floor":30},{"not_picked":["Sweeping Beam","Gash+1"],"picked":"BootSequence+1","floor":32}],"player_experience":483419,"relics_obtained":[{"floor":7,"key":"Bottled Flame"},{"floor":9,"key":"Toxic Egg 2"},{"floor":13,"key":"DataDisk"},{"floor":24,"key":"Lantern"},{"floor":26,"key":"Blood Vial"},{"floor":31,"key":"Sundial"}],"event_choices":[{"damage_healed":0,"gold_gain":0,"player_choice":"Success","damage_taken":12,"relics_obtained":["Dream Catcher"],"max_hp_gain":0,"max_hp_loss":0,"event_name":"Scrap Ooze","floor":4,"gold_loss":0},{"damage_healed":18,"gold_gain":0,"player_choice":"Healed","damage_taken":0,"max_hp_gain":0,"max_hp_loss":0,"event_name":"The Cleric","floor":5,"gold_loss":35},{"damage_healed":0,"gold_gain":0,"player_choice":"Bought 1 Potion","damage_taken":0,"max_hp_gain":0,"max_hp_loss":0,"event_name":"The Woman in Blue","floor":14,"gold_loss":0},{"cards_removed":["Dualcast"],"damage_healed":0,"gold_gain":0,"player_choice":"Elegance","damage_taken":0,"max_hp_gain":0,"max_hp_loss":0,"event_name":"Back to Basics","floor":25,"gold_loss":0},{"cards_removed":["Storm"],"damage_healed":0,"gold_gain":0,"player_choice":"Single Remove","damage_taken":0,"max_hp_gain":0,"max_hp_loss":0,"event_name":"Designer","floor":28,"gold_loss":60}],"is_beta":false,"boss_relics":[{"not_picked":["Sozu","Tiny House"],"picked":"Pandora\u0027s Box"}],"items_purged_floors":[],"is_endless":false,"potions_floor_spawned":[1,13,16,18,20,30],"killed_by":"Automaton","ascension_level":4}