{"gold_per_floor":[112,164,164,177,188,220,233,233,260,260],"floor_reached":10,"playtime":1140,"items_purged":[],"score":71,"play_id":"0d3c9261-c019-43e6-8325-1934aa12b5c9","local_time":"20190911160426","is_ascension_mode":true,"campfire_choices":[{"floor":8,"key":"REST"}],"neow_cost":"NONE","seed_source_timestamp":594186995839300,"circlet_count":0,"master_deck":["Strike_R","Strike_R","Strike_R","Strike_R","Defend_R","Defend_R","Defend_R","Defend_R","Bash","Shockwave","Body Slam","Dual Wield","Flex","Blood for Blood"],"relics":["Burning Blood","NeowsBlessing","Bag of Preparation","Ginger","Potion Belt"],"potions_floor_usage":[6,10],"damage_taken":[{"damage":0,"enemies":"Cultist","floor":1,"turns":1},{"damage":0,"enemies":"2 Louse","floor":4,"turns":1},{"damage":0,"enemies":"Jaw Worm","floor":5,"turns":1},{"damage":60,"enemies":"Lagavulin","floor":6,"turns":11},{"damage":22,"enemies":"Large Slime","floor":7,"turns":11},{"damage":37,"enemies":"3 Sentries","floor":10,"turns":9}],"seed_played":"-1158039790805754757","potions_obtained":[{"floor":1,"key":"Block Potion"},{"floor":7,"key":"Swift Potion"}],"is_trial":false,"path_per_floor":["M","T","?","M","M","E","M","R","T","E"],"character_chosen":"IRONCLAD","items_purchased":[],"campfire_rested":1,"item_purchase_floors":[],"current_hp_per_floor":[80,80,73,79,80,26,10,34,34,0],"gold":260,"neow_bonus":"THREE_ENEMY_KILL","is_prod":false,"is_daily":false,"chose_seed":false,"campfire_upgraded":0,"win_rate":0,"timestamp":1568235866,"path_taken":["M","?","?","M","?","E","M","R","T","E"],"build_version":"2019-07-17","purchased_purges":0,"victory":false,"max_hp_per_floor":[80,80,80,80,80,80,80,80,80,80],"card_choices":[{"not_picked":["Pummel","Perfected Strike"],"picked":"Shockwave","floor":1},{"not_picked":["Pummel","Wild Strike"],"picked":"Body Slam","floor":4},{"not_picked":["Iron Wave","Double Tap"],"picked":"Dual Wield","floor":5},{"not_picked":["Corruption","Warcry"],"picked":"Flex","floor":6},{"not_picked":["Anger","Headbutt"],"picked":"Blood for Blood","floor":7}],"player_experience":72221,"relics_obtained":[{"floor":2,"key":"Bag of Preparation"},{"floor":6,"key":"Ginger"},{"floor":9,"key":"Potion Belt"}],"event_choices":[{"cards_removed":["Strike_R"],"damage_healed":0,"gold_gain":0,"player_choice":"Card Removal","damage_taken":7,"max_hp_gain":0,"max_hp_loss":0,"event_name":"Golden Wing","floor":3,"gold_loss":0}],"is_beta":false,"boss_relics":[],"items_purged_floors":[],"is_endless":false,"potions_floor_spawned":[1,7],"killed_by":"3 Sentries","ascension_level":1}