{"gold_per_floor":[119,119,119,97,113,148,148,169,248,548,548,563,596,608,608,705,705,705,705,705,705],"floor_reached":21,"playtime":3272,"items_purged":[],"score":233,"play_id":"8a88ab6d-ee2d-4805-8933-fbe46c24cdc8","local_time":"20190916191724","is_ascension_mode":true,"campfire_choices":[{"data":"Entrench","floor":7.0,"key":"SMITH"},{"floor":11.0,"key":"REST"},{"floor":15.0,"key":"REST"}],"neow_cost":"NONE","seed_source_timestamp":0,"circlet_count":0,"master_deck":["Strike_R","Strike_R","Strike_R","Strike_R","Strike_R","Defend_R","Defend_R","Defend_R","Defend_R","Bash","Headbutt","Entrench+1","Anger","Power Through","Flame Barrier","Dual Wield","Thunderclap","Impervious","Feel No Pain","Anger","Writhe"],"special_seed":0,"relics":["Burning Blood","NeowsBlessing","Potion Belt","Odd Mushroom","Meat on the Bone","Old Coin","Shuriken","Ectoplasm","Dodecahedron"],"potions_floor_usage":[21],"damage_taken":[{"damage":0.0,"enemies":"Small Slimes","floor":1.0,"turns":1.0},{"damage":0.0,"enemies":"Cultist","floor":5.0,"turns":1.0},{"damage":0.0,"enemies":"Lagavulin","floor":6.0,"turns":1.0},{"damage":64.0,"enemies":"The Mushroom Lair","floor":8.0,"turns":7.0},{"damage":8.0,"enemies":"2 Louse","floor":12.0,"turns":3.0},{"damage":26.0,"enemies":"3 Sentries","floor":13.0,"turns":10.0},{"damage":23.0,"enemies":"Exordium Thugs","floor":14.0,"turns":6.0},{"damage":55.0,"enemies":"Slime Boss","floor":16.0,"turns":12.0},{"damage":25,"enemies":"Shell Parasite","floor":18,"turns":7},{"damage":46,"enemies":"Spheric Guardian","floor":19,"turns":6},{"damage":34,"enemies":"Centurion and Healer","floor":21,"turns":8}],"seed_played":"3732587088936263975","potions_obtained":[{"floor":1.0,"key":"PowerPotion"},{"floor":8.0,"key":"Swift Potion"},{"floor":12.0,"key":"LiquidBronze"},{"floor":14.0,"key":"EntropicBrew"},{"floor":19,"key":"SpeedPotion"}],"is_trial":false,"path_per_floor":["M","$","?","$","M","E","R","?","T","?","R","M","E","M","R","B",null,"M","M","?","M"],"character_chosen":"IRONCLAD","items_purchased":["Headbutt"],"campfire_rested":2,"item_purchase_floors":[4],"current_hp_per_floor":[80,80,80,80,80,80,80,22,22,22,46,56,48,43,67,42,80,61,33,33,0],"gold":705,"neow_bonus":"THREE_ENEMY_KILL","is_prod":false,"is_daily":false,"chose_seed":false,"campfire_upgraded":1,"win_rate":0,"timestamp":1568679444,"path_taken":["M","$","?","$","?","E","R","?","T","?","R","M","E","M","R","BOSS","M","M","?","M"],"build_version":"2019-07-17","purchased_purges":0,"victory":false,"max_hp_per_floor":[80,80,80,80,80,80,80,80,80,80,80,80,80,80,80,80,80,80,80,80,80],"card_choices":[{"not_picked":["Headbutt","Warcry"],"picked":"Disarm","floor":1.0},{"not_picked":["Shrug It Off","Reckless Charge"],"picked":"Entrench","floor":5.0},{"not_picked":["Feel No Pain","Offering"],"picked":"Anger","floor":6.0},{"not_picked":["Twin Strike","Clothesline"],"picked":"Power Through","floor":8.0},{"not_picked":["Warcry","Reckless Charge"],"picked":"Flame Barrier","floor":12.0},{"not_picked":["Pummel","Corruption"],"picked":"Dual Wield","floor":13.0},{"not_picked":["Heavy Blade","Dropkick"],"picked":"Thunderclap","floor":14.0},{"not_picked":["Bludgeon","Berserk"],"picked":"Impervious","floor":16.0},{"not_picked":["Headbutt","True Grit"],"picked":"Feel No Pain","floor":18},{"not_picked":["Entrench+1","Shockwave+1"],"picked":"Anger","floor":19}],"player_experience":236562,"relics_obtained":[{"floor":6.0,"key":"Potion Belt"},{"floor":8.0,"key":"Odd Mushroom"},{"floor":9.0,"key":"Meat on the Bone"},{"floor":13.0,"key":"Shuriken"}],"event_choices":[{"damage_healed":0.0,"max_hp_gain":0.0,"max_hp_loss":0.0,"gold_gain":0.0,"event_name":"Wheel of Change","player_choice":"Full Heal","floor":3.0,"gold_loss":0.0,"damage_taken":0.0},{"damage_healed":0.0,"max_hp_gain":0.0,"max_hp_loss":0.0,"gold_gain":0.0,"event_name":"Mushrooms","player_choice":"Fought Mushrooms","floor":8.0,"gold_loss":0.0,"damage_taken":0.0},{"cards_removed":["Disarm"],"damage_healed":0.0,"max_hp_gain":0.0,"max_hp_loss":0.0,"gold_gain":0.0,"event_name":"WeMeetAgain","player_choice":"Gave Card","floor":10.0,"gold_loss":0.0,"damage_taken":0.0,"relics_obtained":["Old Coin"]},{"damage_healed":0,"gold_gain":0,"player_choice":"Opened","damage_taken":0,"relics_obtained":["Dodecahedron"],"max_hp_gain":0,"max_hp_loss":0,"event_name":"The Mausoleum","floor":20,"gold_loss":0,"cards_obtained":["Writhe"]}],"is_beta":false,"boss_relics":[{"not_picked":["Cursed Key","White Beast Statue"],"picked":"Ectoplasm"}],"items_purged_floors":[],"is_endless":false,"potions_floor_spawned":[1,8,12,14,19],"killed_by":"Centurion and Healer","ascension_level":2}