{"gold_per_floor":[110,60,24,24,38,66,66,241,241,261,132,132,152,181,181,276,276,257,277,195,195,209,244,244,261,284,304,319,331,181,199,199,301,301,312,366,366,377,401,401,426,426,426,438,466,17,50,65,65,65],"floor_reached":51,"playtime":15735,"items_purged":["Doubt","Strike_B"],"score":805,"play_id":"014bb146-0880-4a60-b32b-7e97a6f9106c","local_time":"20190925191324","is_ascension_mode":true,"campfire_choices":[{"data":"Self Repair","floor":7.0,"key":"SMITH"},{"floor":15.0,"key":"REST"},{"data":"Echo Form","floor":24.0,"key":"SMITH"},{"data":"Capacitor","floor":32,"key":"SMITH"},{"floor":40,"key":"REST"},{"data":"Defragment","floor":42,"key":"SMITH"},{"floor":49,"key":"REST"}],"neow_cost":"NONE","seed_source_timestamp":0,"circlet_count":0,"master_deck":["Strike_B+1","Defend_B","Defend_B","Defend_B+1","Defend_B","Zap","Dualcast","Capacitor+1","Chill","Self Repair+1","Coolheaded+1","Cold Snap","Self Repair","Echo Form+1","Glacier","Barrage+1","Defragment+1","Barrage+1","Undo","Barrage+1","Cold Snap","Amplify","Glacier","Undo","Core Surge","Writhe","Go for the Eyes+1","Reinforced Body+1","White Noise","Turbo","Defragment+1"],"special_seed":0,"relics":["Cracked Core","NeowsBlessing","Bag of Marbles","Shuriken","Nuclear Battery","StoneCalendar","Lantern","PreservedInsect","Inserter","Unceasing Top","Regal Pillow","Vajra","Emotion Chip","Gremlin Horn","Frozen Eye","Whetstone","Blood Vial"],"potions_floor_usage":[31,41,50,50,50],"damage_taken":[{"damage":0.0,"enemies":"Small Slimes","floor":1.0,"turns":1.0},{"damage":0.0,"enemies":"Jaw Worm","floor":5.0,"turns":1.0},{"damage":0.0,"enemies":"Lagavulin","floor":6.0,"turns":1.0},{"damage":4.0,"enemies":"2 Louse","floor":10.0,"turns":3.0},{"damage":5.0,"enemies":"2 Fungi Beasts","floor":13.0,"turns":4.0},{"damage":28.0,"enemies":"Gremlin Nob","floor":14.0,"turns":6.0},{"damage":30.0,"enemies":"Slime Boss","floor":16.0,"turns":24.0},{"damage":24.0,"enemies":"2 Thieves","floor":18.0,"turns":5.0},{"damage":21.0,"enemies":"3 Byrds","floor":19.0,"turns":8.0},{"damage":40.0,"enemies":"Centurion and Healer","floor":22.0,"turns":7.0},{"damage":36.0,"enemies":"Book of Stabbing","floor":23.0,"turns":7.0},{"damage":17.0,"enemies":"Cultist and Chosen","floor":25.0,"turns":7.0},{"damage":32.0,"enemies":"Sentry and Sphere","floor":27.0,"turns":9.0},{"damage":3,"enemies":"Centurion and Healer","floor":28,"turns":8},{"damage":4,"enemies":"Chosen and Byrds","floor":29,"turns":7},{"damage":16,"enemies":"Snake Plant","floor":31,"turns":7},{"damage":43,"enemies":"Collector","floor":33,"turns":7},{"damage":36,"enemies":"3 Darklings","floor":35,"turns":7},{"damage":65,"enemies":"2 Orb Walkers","floor":36,"turns":7},{"damage":8,"enemies":"Orb Walker","floor":38,"turns":6},{"damage":11,"enemies":"Nemesis","floor":41,"turns":10},{"damage":4,"enemies":"Sphere and 2 Shapes","floor":44,"turns":7},{"damage":0,"enemies":"Giant Head","floor":45,"turns":8},{"damage":23,"enemies":"Nemesis","floor":47,"turns":7},{"damage":20,"enemies":"Transient","floor":48,"turns":5},{"damage":19,"enemies":"Time Eater","floor":50,"turns":10}],"seed_played":"5961235345838083355","potions_obtained":[{"floor":6.0,"key":"SkillPotion"},{"floor":14.0,"key":"Weak Potion"},{"floor":16.0,"key":"Fruit Juice"},{"floor":19.0,"key":"SteroidPotion"},{"floor":22.0,"key":"Regen Potion"},{"floor":23.0,"key":"AttackPotion"},{"floor":25.0,"key":"SteroidPotion"},{"floor":29,"key":"SkillPotion"},{"floor":33,"key":"Strength Potion"},{"floor":35,"key":"PowerPotion"},{"floor":45,"key":"Strength Potion"}],"is_trial":false,"path_per_floor":["M","?","$","?","M","E","R","?","T","M","$","?","M","E","R","B",null,"M","M","$","?","M","E","R","M","T","M","M","M","$","M","R","B",null,"M","?","?","M","T","R","E","R","T","M","E","$","E","M","R","B",null],"character_chosen":"DEFECT","items_purchased":["Capacitor","Cold Snap","Defragment","PreservedInsect","Frozen Eye","Whetstone"],"campfire_rested":3,"item_purchase_floors":[3,11,20,30,46,46],"current_hp_per_floor":[75,75,75,75,75,75,75,75,75,75,75,60,65,54,75,62,75,73,76,76,80,64,57,57,40,40,42,73,80,80,80,80,47,80,68,30,50,59,59,80,80,80,80,80,80,80,74,73,80,78],"gold":65,"neow_bonus":"THREE_ENEMY_KILL","is_prod":false,"is_daily":false,"chose_seed":false,"campfire_upgraded":4,"win_rate":0,"timestamp":1569456804,"path_taken":["M","?","$","?","M","E","R","?","T","M","$","?","M","E","R","BOSS","M","M","$","?","M","E","R","M","T","M","M","M","$","?","R","BOSS","M","?","?","M","?","R","E","R","T","M","E","$","E","M","R","BOSS"],"build_version":"2019-07-17","purchased_purges":2,"victory":true,"max_hp_per_floor":[75,75,75,75,75,75,75,75,75,75,75,75,75,75,75,75,75,80,80,80,80,80,80,80,80,80,80,80,80,80,80,80,80,80,80,80,80,80,80,80,80,80,80,80,80,80,80,80,80,80],"card_choices":[{"not_picked":["Force Field","Undo"],"picked":"Self Repair","floor":5.0},{"not_picked":["Loop","Ball Lightning"],"picked":"Compile Driver","floor":6.0},{"not_picked":["Gash","Streamline"],"picked":"Coolheaded","floor":10.0},{"not_picked":["Fission","Gash"],"picked":"Self Repair","floor":13.0},{"not_picked":["Biased Cognition","Buffer"],"picked":"Echo Form","floor":16.0},{"not_picked":["Lockon","Streamline"],"picked":"Glacier","floor":18.0},{"not_picked":["Streamline","Aggregate"],"picked":"Barrage+1","floor":19.0},{"not_picked":["Force Field","Cold Snap"],"picked":"Barrage","floor":22.0},{"not_picked":["Beam Cell","Aggregate"],"picked":"Undo","floor":23.0},{"not_picked":["Turbo","Redo"],"picked":"Barrage+1","floor":25.0},{"not_picked":["Go for the Eyes+1","Coolheaded+1"],"picked":"Cold Snap","floor":27.0},{"not_picked":["Skim","Compile Driver"],"picked":"Amplify","floor":28},{"not_picked":["Sweeping Beam","Stack"],"picked":"Glacier","floor":29},{"not_picked":["Hello World+1","Tempest"],"picked":"Undo","floor":31},{"not_picked":["Reboot","Thunder Strike"],"picked":"Core Surge","floor":33},{"not_picked":["Reinforced Body","Hello World+1","Streamline"],"picked":"SKIP","floor":35},{"not_picked":["Ball Lightning+1","Leap"],"picked":"Go for the Eyes+1","floor":38},{"not_picked":["Gash+1","Melter"],"picked":"Reinforced Body+1","floor":41},{"not_picked":["Sunder","Hologram"],"picked":"White Noise","floor":44},{"not_picked":["Steam Power","Cold Snap+1"],"picked":"Turbo","floor":45},{"not_picked":["Rebound","Melter","Self Repair+1"],"picked":"SKIP","floor":47},{"not_picked":["Turbo","Gash"],"picked":"Defragment+1","floor":48}],"player_experience":439865,"relics_obtained":[{"floor":6.0,"key":"Bag of Marbles"},{"floor":14.0,"key":"Shuriken"},{"floor":23.0,"key":"StoneCalendar"},{"floor":26.0,"key":"Lantern"},{"floor":36,"key":"Unceasing Top"},{"floor":39,"key":"Regal Pillow"},{"floor":41,"key":"Vajra"},{"floor":43,"key":"Emotion Chip"},{"floor":45,"key":"Gremlin Horn"},{"floor":47,"key":"Blood Vial"}],"event_choices":[{"cards_removed":["Strike_B"],"damage_healed":0.0,"max_hp_gain":0.0,"max_hp_loss":0.0,"gold_gain":0.0,"event_name":"The Cleric","player_choice":"Card Removal","floor":2.0,"gold_loss":50.0,"damage_taken":0.0},{"damage_healed":0.0,"max_hp_gain":0.0,"max_hp_loss":0.0,"gold_gain":0.0,"cards_transformed":["Strike_B"],"event_name":"Living Wall","player_choice":"Change","floor":4.0,"gold_loss":0.0,"damage_taken":0.0,"cards_obtained":["Chill"]},{"damage_healed":0.0,"max_hp_gain":0.0,"max_hp_loss":0.0,"gold_gain":175.0,"event_name":"Liars Game","player_choice":"AGREE","floor":8.0,"gold_loss":0.0,"damage_taken":0.0,"cards_obtained":["Doubt"]},{"damage_healed":0.0,"max_hp_gain":0.0,"max_hp_loss":0.0,"gold_gain":0.0,"event_name":"Shining Light","player_choice":"Entered Light","floor":12.0,"gold_loss":0.0,"damage_taken":15.0,"cards_upgraded":["Defend_B","Coolheaded"]},{"cards_removed":["Compile Driver"],"damage_healed":5.0,"max_hp_gain":0.0,"max_hp_loss":0.0,"gold_gain":0.0,"event_name":"Bonfire Elementals","player_choice":"Offered Common","floor":21.0,"gold_loss":0.0,"damage_taken":0.0},{"cards_removed":["Compile Driver"],"damage_healed":5.0,"max_hp_gain":0.0,"max_hp_loss":0.0,"gold_gain":0.0,"event_name":"Bonfire Elementals","player_choice":"Offered Special","floor":21.0,"gold_loss":0.0,"damage_taken":0.0},{"damage_healed":0,"gold_gain":0,"player_choice":"Fight","damage_taken":0,"max_hp_gain":0,"max_hp_loss":0,"event_name":"Mysterious Sphere","floor":36,"gold_loss":0},{"damage_healed":20,"gold_gain":0,"player_choice":"Writhe","damage_taken":0,"max_hp_gain":0,"max_hp_loss":0,"event_name":"Winding Halls","floor":37,"gold_loss":0,"cards_obtained":["Writhe"]}],"is_beta":false,"boss_relics":[{"not_picked":["Orrery","Snecko Eye"],"picked":"Nuclear Battery"},{"not_picked":["White Beast Statue","Sozu"],"picked":"Inserter"}],"items_purged_floors":[11,46],"is_endless":false,"potions_floor_spawned":[6,14,16,19,22,23,25,29,33,35,36,45,47],"ascension_level":1}