{"gold_per_floor":[114,114,128,151,199,242,242,280,280,280,293,368,391,427,427,518,518,538,556,556,138,138,138,157,157],"floor_reached":25,"playtime":3402,"items_purged":["Strike_B"],"score":409,"play_id":"37078dd4-3c3a-4cf9-93db-8db39813f359","local_time":"20190924231947","is_ascension_mode":true,"campfire_choices":[{"floor":7.0,"key":"REST"},{"floor":10.0,"key":"REST"},{"data":"Barrage","floor":15.0,"key":"SMITH"},{"data":"RitualDagger","floor":23,"key":"SMITH"}],"neow_cost":"NONE","seed_source_timestamp":0,"circlet_count":0,"master_deck":["AscendersBane","Strike_B","Strike_B","Strike_B","Defend_B","Defend_B","Defend_B","Defend_B","Zap","Dualcast","FTL","Redo","Sweeping Beam","FTL","Ball Lightning","Melter","Barrage+1","Echo Form","RitualDagger+1","Writhe","Leap+1"],"special_seed":0,"relics":["Cracked Core","Golden Idol","Oddly Smooth Stone","Sundial","Darkstone Periapt","Pantograph","Mummified Hand","Vajra","Runic Dome","Turnip","Torii"],"potions_floor_usage":[25,25,25],"damage_taken":[{"damage":2.0,"enemies":"Cultist","floor":1.0,"turns":4.0},{"damage":7.0,"enemies":"Jaw Worm","floor":3.0,"turns":3.0},{"damage":8.0,"enemies":"2 Louse","floor":4.0,"turns":3.0},{"damage":35.0,"enemies":"Gremlin Nob","floor":6.0,"turns":4.0},{"damage":28.0,"enemies":"Lagavulin","floor":8.0,"turns":7.0},{"damage":0.0,"enemies":"2 Fungi Beasts","floor":11.0,"turns":3.0},{"damage":11.0,"enemies":"Exordium Thugs","floor":13.0,"turns":4.0},{"damage":17.0,"enemies":"Gremlin Nob","floor":14.0,"turns":4.0},{"damage":35.0,"enemies":"The Guardian","floor":16.0,"turns":9.0},{"damage":6,"enemies":"3 Byrds","floor":18,"turns":4},{"damage":15,"enemies":"Shell Parasite","floor":19,"turns":3},{"damage":19,"enemies":"3 Cultists","floor":24,"turns":5},{"damage":18,"enemies":"Snake Plant","floor":25,"turns":3}],"seed_played":"6489472012162796718","potions_obtained":[{"floor":8.0,"key":"Block Potion"},{"floor":11.0,"key":"Regen Potion"},{"floor":14.0,"key":"SteroidPotion"},{"floor":16.0,"key":"Ancient Potion"},{"floor":24,"key":"EntropicBrew"}],"is_trial":false,"path_per_floor":["M","?","M","M","T","E","R","E","T","R","M","T","M","E","R","B",null,"M","M","?","$","?","R","M","M"],"character_chosen":"DEFECT","items_purchased":["Turnip"],"campfire_rested":2,"item_purchase_floors":[21],"current_hp_per_floor":[69,69,62,54,54,19,40,12,12,33,33,33,22,5,5,10,56,50,35,29,29,35,35,16,0],"gold":157,"neow_bonus":"TEN_PERCENT_HP_BONUS","is_prod":false,"is_daily":false,"chose_seed":false,"campfire_upgraded":2,"win_rate":0,"timestamp":1569381587,"path_taken":["M","?","M","M","?","E","R","E","T","R","M","?","M","E","R","BOSS","M","M","?","$","?","R","?","M"],"build_version":"2019-07-17","purchased_purges":1,"victory":false,"max_hp_per_floor":[78,71,71,71,71,71,71,71,71,71,71,71,71,71,71,71,71,71,71,71,71,77,77,77,77],"card_choices":[{"not_picked":["Sweeping Beam","Barrage","Aggregate"],"picked":"SKIP","floor":1.0},{"not_picked":["Go for the Eyes","Compile Driver"],"picked":"FTL","floor":3.0},{"not_picked":["Steam","Compile Driver"],"picked":"Redo","floor":4.0},{"not_picked":["Hologram","Tempest"],"picked":"Sweeping Beam","floor":6.0},{"not_picked":["Blizzard","Multi-Cast"],"picked":"FTL","floor":8.0},{"not_picked":["Redo","Reprogram"],"picked":"Ball Lightning","floor":11.0},{"not_picked":["Barrage","Ball Lightning"],"picked":"Melter","floor":13.0},{"not_picked":["Chaos","Force Field"],"picked":"Barrage","floor":14.0},{"not_picked":["Machine Learning","Biased Cognition"],"picked":"Echo Form","floor":16.0},{"not_picked":["Aggregate","Turbo","Redo"],"picked":"SKIP","floor":18},{"not_picked":["Rip and Tear","Turbo","Leap"],"picked":"SKIP","floor":19},{"not_picked":["Amplify","FTL"],"picked":"Leap+1","floor":24}],"player_experience":398600,"relics_obtained":[{"floor":5.0,"key":"Oddly Smooth Stone"},{"floor":6.0,"key":"Sundial"},{"floor":8.0,"key":"Darkstone Periapt"},{"floor":9.0,"key":"Pantograph"},{"floor":12.0,"key":"Mummified Hand"},{"floor":14.0,"key":"Vajra"}],"event_choices":[{"damage_healed":0.0,"max_hp_gain":0.0,"max_hp_loss":7.0,"gold_gain":0.0,"event_name":"Golden Idol","player_choice":"Lose Max HP","floor":2.0,"gold_loss":0.0,"damage_taken":0.0,"relics_obtained":["Golden Idol"]},{"damage_healed":0,"gold_gain":0,"player_choice":"Joined the Cult","damage_taken":6,"max_hp_gain":0,"max_hp_loss":0,"event_name":"Nest","floor":20,"gold_loss":0,"cards_obtained":["RitualDagger"]},{"damage_healed":0,"gold_gain":0,"player_choice":"Opened","damage_taken":0,"relics_obtained":["Torii"],"max_hp_gain":0,"max_hp_loss":0,"event_name":"The Mausoleum","floor":22,"gold_loss":0,"cards_obtained":["Writhe"]}],"is_beta":false,"boss_relics":[{"not_picked":["White Beast Statue","Tiny House"],"picked":"Runic Dome"}],"items_purged_floors":[21],"is_endless":false,"potions_floor_spawned":[8,11,14,16,24],"killed_by":"Snake Plant","ascension_level":17}