{"gold_per_floor":[14,289,13,13,13,13,48,48,48,63,77,77,107,119,119,193,193,209,18,18,18,29,29,62,62,85,97,121,133,177,189,201,213],"floor_reached":33,"playtime":1814,"items_purged":["Regret"],"score":502,"play_id":"8644b3fe-7f2e-435b-bd29-824aafe8f364","local_time":"20190605200716","is_ascension_mode":true,"campfire_choices":[{"data":"Zap","floor":6,"key":"SMITH"},{"floor":8,"key":"REST"},{"data":"Streamline","floor":12,"key":"SMITH"},{"data":"Dualcast","floor":15,"key":"SMITH"},{"data":"Go for the Eyes","floor":23,"key":"SMITH"},{"data":"Hologram","floor":25,"key":"SMITH"},{"data":"Echo Form","floor":29,"key":"SMITH"},{"floor":32,"key":"REST"}],"neow_cost":"NO_GOLD","seed_source_timestamp":1359075268179052,"circlet_count":0,"master_deck":["AscendersBane","Strike_B","Defend_B","Defend_B","Defend_B","Zap+1","Dualcast+1","Go for the Eyes+1","Steam","Scrape+1","Flash of Steel","Steam","Streamline+1","Echo Form+1","Rebound","All For One","Compile Driver","Defragment+1","Hologram+1","Doom and Gloom+1","Meteor Strike+1","Beam Cell+1","Turbo"],"special_seed":0,"relics":["FrozenCore","Bottled Flame","Gambling Chip","Mango","Thread and Needle","ClockworkSouvenir","Molten Egg 2","MawBank","Shuriken"],"potions_floor_usage":[24,30,33],"damage_taken":[{"damage":1.0,"enemies":"Cultist","floor":1.0,"turns":4.0},{"damage":44,"enemies":"3 Sentries","floor":7,"turns":8},{"damage":0,"enemies":"2 Louse","floor":10,"turns":2},{"damage":0,"enemies":"Jaw Worm","floor":11,"turns":3},{"damage":9,"enemies":"Lagavulin","floor":13,"turns":6},{"damage":0,"enemies":"Blue Slaver","floor":14,"turns":2},{"damage":45,"enemies":"Slime Boss","floor":16,"turns":7},{"damage":0,"enemies":"Chosen","floor":18,"turns":4},{"damage":4,"enemies":"Shell Parasite","floor":22,"turns":4},{"damage":13,"enemies":"Gremlin Leader","floor":24,"turns":7},{"damage":4,"enemies":"Centurion and Healer","floor":28,"turns":5},{"damage":19,"enemies":"Slavers","floor":30,"turns":7},{"damage":11,"enemies":"Colosseum Slavers","floor":31,"turns":3},{"damage":68,"enemies":"Collector","floor":33,"turns":7}],"seed_played":"4258801286863176956","potions_obtained":[{"floor":10,"key":"Weak Potion"},{"floor":11,"key":"PowerPotion"},{"floor":30,"key":"FocusPotion"}],"is_trial":false,"path_per_floor":["M","?","$","T","?","R","E","R","T","M","M","R","E","M","R","B",null,"M","$","?","?","M","R","E","R","T","?","M","R","E","?","R","B"],"character_chosen":"DEFECT","items_purchased":["Steam","Scrape","Flash of Steel","ClockworkSouvenir"],"campfire_rested":2,"item_purchase_floors":[3,3,3,19],"current_hp_per_floor":[67,67,67,67,72,72,28,52,66,66,66,66,57,57,57,12,74,74,74,74,74,70,70,57,57,57,57,53,53,34,23,51,0],"gold":213,"neow_bonus":"REMOVE_TWO","is_prod":false,"is_daily":false,"chose_seed":false,"campfire_upgraded":6,"win_rate":0,"timestamp":1559779636,"path_taken":["M","?","$","?","?","R","E","R","T","M","M","R","E","M","R","BOSS","M","$","?","?","?","R","E","R","T","?","M","R","E","?","R","BOSS"],"build_version":"2019-01-23","purchased_purges":1,"victory":false,"max_hp_per_floor":[75,75,75,75,80,80,80,80,94,94,94,94,94,94,94,94,94,94,94,94,94,94,94,94,94,94,94,94,94,94,94,94,94],"card_choices":[{"not_picked":["Stack","Barrage"],"picked":"Go for the Eyes","floor":1.0},{"not_picked":["Fusion","Blizzard"],"picked":"Steam","floor":7},{"not_picked":["Leap","Force Field"],"picked":"Streamline","floor":10},{"not_picked":["Hologram","Compile Driver"],"picked":"Echo Form","floor":11},{"not_picked":["Streamline","Steam"],"picked":"Rebound","floor":13},{"not_picked":["Steam","Go for the Eyes","Sunder"],"picked":"SKIP","floor":14},{"not_picked":["Machine Learning","Amplify"],"picked":"All For One","floor":16},{"not_picked":["Redo","Steam"],"picked":"Compile Driver","floor":18},{"not_picked":["Hologram","Stack"],"picked":"Defragment+1","floor":22},{"not_picked":["Storm","Gash"],"picked":"Hologram","floor":24},{"not_picked":["Steam Power+1","Streamline+1"],"picked":"Beam Cell+1","floor":28},{"not_picked":["Sunder+1","Rip and Tear+1"],"picked":"Turbo","floor":30}],"player_experience":985275,"relics_obtained":[{"floor":4.0,"key":"Bottled Flame"},{"floor":7,"key":"Gambling Chip"},{"floor":9,"key":"Mango"},{"floor":13,"key":"Thread and Needle"},{"floor":24,"key":"Molten Egg 2"},{"floor":26,"key":"MawBank"},{"floor":30,"key":"Shuriken"}],"event_choices":[{"damage_healed":0.0,"max_hp_gain":0.0,"max_hp_loss":0.0,"gold_gain":275.0,"event_name":"Golden Shrine","player_choice":"Desecrate","floor":2.0,"gold_loss":0.0,"damage_taken":0.0,"cards_obtained":["Regret"]},{"damage_healed":0.0,"max_hp_gain":5.0,"max_hp_loss":0.0,"gold_gain":0.0,"event_name":"Big Fish","player_choice":"Donut","floor":5.0,"gold_loss":0.0,"damage_taken":0.0},{"damage_healed":0,"gold_gain":0,"player_choice":"Ignored","damage_taken":0,"max_hp_gain":0,"max_hp_loss":0,"event_name":"Beggar","floor":20,"gold_loss":0},{"damage_healed":0,"gold_gain":0,"player_choice":"Upgraded","damage_taken":0,"max_hp_gain":0,"max_hp_loss":0,"event_name":"Upgrade Shrine","floor":21,"gold_loss":0,"cards_upgraded":["Scrape"]},{"damage_healed":0,"gold_gain":0,"cards_transformed":["Strike_B","Defend_B"],"player_choice":"Became Test Subject","damage_taken":0,"max_hp_gain":0,"max_hp_loss":0,"event_name":"Drug Dealer","floor":27,"gold_loss":0,"cards_obtained":["Doom and Gloom","Meteor Strike"]},{"damage_healed":0,"gold_gain":0,"player_choice":"Fight","damage_taken":0,"max_hp_gain":0,"max_hp_loss":0,"event_name":"Colosseum","floor":31,"gold_loss":0},{"damage_healed":0,"gold_gain":0,"player_choice":"Fled From Nobs","damage_taken":0,"max_hp_gain":0,"max_hp_loss":0,"event_name":"Colosseum","floor":31,"gold_loss":0}],"is_beta":false,"boss_relics":[{"not_picked":["Nuclear Battery","Inserter"],"picked":"FrozenCore"}],"items_purged_floors":[3],"is_endless":false,"potions_floor_spawned":[10,11,16,22,30,31],"killed_by":"Collector","ascension_level":13}