{"gold_per_floor":[119,131,145,71,71,71,105,105,130,157,169,198,210,236,248,355,367,399,411,435,458,490,502,534,546,612,624,636,661,687,405,405,504,504,519,519,530,252,252,252,74,74,74,74,90,103,63,90,90,90],"floor_reached":51,"playtime":3357,"items_purged":["Strike_R","Strike_R","Defend_R"],"score":662,"play_id":"cf38ee68-bd9b-4ac9-bb24-a29545b4eb2c","local_time":"20190106164731","is_ascension_mode":false,"campfire_choices":[{"data":"Wild Strike","floor":6.0,"key":"SMITH"},{"data":"Cleave","floor":11.0,"key":"SMITH"},{"data":"Rage","floor":13.0,"key":"SMITH"},{"data":"Bash","floor":15.0,"key":"SMITH"},{"data":"Second Wind","floor":23,"key":"SMITH"},{"data":"Rupture","floor":27,"key":"SMITH"},{"data":"Rupture","floor":32,"key":"SMITH"},{"data":"Shockwave","floor":40,"key":"SMITH"},{"data":"Brutality","floor":42,"key":"SMITH"},{"data":"Power Through","floor":44,"key":"SMITH"},{"data":"Sword Boomerang","floor":49,"key":"SMITH"}],"neow_cost":"NONE","seed_source_timestamp":0,"circlet_count":0,"master_deck":["Strike_R","Strike_R","Strike_R","Defend_R+1","Defend_R","Defend_R+1","Bash+1","Brutality+1","Wild Strike+1","Rage+1","Evolve","Cleave+1","Thunderclap","Shockwave+1","Reaper","Power Through+1","Second Wind+1","Rupture+1","Pummel","Headbutt","Rupture+1","Immolate","Twin Strike","Twin Strike","Sword Boomerang+1"],"special_seed":0,"relics":["Burning Blood","Potion Belt","Blood Vial","Pen Nib","MawBank","Velvet Choker","Pocketwatch","Anchor","Bag of Preparation","Mark of Pain","Oddly Smooth Stone","Happy Flower","War Paint"],"potions_floor_usage":[24,33,50,50,50,50,50],"damage_taken":[{"damage":2.0,"enemies":"2 Louse","floor":1.0,"turns":3.0},{"damage":9.0,"enemies":"Jaw Worm","floor":2.0,"turns":4.0},{"damage":6.0,"enemies":"Cultist","floor":3.0,"turns":3.0},{"damage":29.0,"enemies":"Gremlin Nob","floor":7.0,"turns":4.0},{"damage":21.0,"enemies":"3 Sentries","floor":10.0,"turns":6.0},{"damage":12.0,"enemies":"Blue Slaver","floor":12.0,"turns":3.0},{"damage":18.0,"enemies":"Large Slime","floor":14.0,"turns":4.0},{"damage":21.0,"enemies":"Slime Boss","floor":16.0,"turns":6.0},{"damage":5.0,"enemies":"3 Byrds","floor":18.0,"turns":4.0},{"damage":9,"enemies":"Spheric Guardian","floor":20,"turns":5},{"damage":25,"enemies":"Centurion and Healer","floor":21,"turns":5},{"damage":24,"enemies":"Snake Plant","floor":22,"turns":6},{"damage":16,"enemies":"Cultist and Chosen","floor":24,"turns":5},{"damage":2,"enemies":"Centurion and Healer","floor":29,"turns":4},{"damage":6,"enemies":"Snake Plant","floor":30,"turns":3},{"damage":39,"enemies":"Automaton","floor":33,"turns":9},{"damage":6,"enemies":"3 Darklings","floor":35,"turns":4},{"damage":13,"enemies":"Orb Walker","floor":37,"turns":3},{"damage":1,"enemies":"Jaw Worm Horde","floor":45,"turns":2},{"damage":9,"enemies":"Spire Growth","floor":46,"turns":4},{"damage":20,"enemies":"Reptomancer","floor":48,"turns":6},{"damage":30,"enemies":"Time Eater","floor":50,"turns":8}],"seed_played":"702768152210240081","potions_obtained":[{"floor":3.0,"key":"PowerPotion"},{"floor":7.0,"key":"Swift Potion"},{"floor":12.0,"key":"FearPotion"},{"floor":16.0,"key":"Swift Potion"},{"floor":21,"key":"FearPotion"},{"floor":29,"key":"Weak Potion"},{"floor":37,"key":"EssenceOfSteel"},{"floor":47,"key":"Weak Potion"},{"floor":47,"key":"Block Potion"}],"is_trial":false,"path_per_floor":["M","M","M","$","?","R","E","?","T","E","R","M","R","M","R","B",null,"M","?","M","M","M","R","M","?","T","R","?","M","M","$","R","B",null,"M","?","M","$","?","R","$","R","T","R","M","M","?","E","R","B",null],"character_chosen":"IRONCLAD","items_purchased":["Evolve","Rupture","Bag of Preparation","Twin Strike","Oddly Smooth Stone","Twin Strike"],"campfire_rested":0,"item_purchase_floors":[4,31,31,38,38,41],"current_hp_per_floor":[80,77,77,77,74,74,51,51,51,38,38,34,34,24,24,11,80,80,80,77,66,50,50,52,52,52,52,52,66,75,75,75,53,80,80,80,73,73,73,73,73,73,73,73,80,80,80,71,71,80],"gold":90,"neow_bonus":"ONE_RANDOM_RARE_CARD","is_prod":false,"is_daily":false,"chose_seed":false,"campfire_upgraded":11,"win_rate":0,"timestamp":1546811251,"path_taken":["M","M","M","$","?","R","E","?","T","E","R","M","R","M","R","BOSS","M","?","M","?","M","R","M","?","T","R","?","M","M","$","R","BOSS","M","?","?","$","?","R","$","R","T","R","M","M","?","E","R","BOSS"],"build_version":"2019-01-03v4","purchased_purges":3,"victory":true,"max_hp_per_floor":[80,80,80,80,80,80,80,80,80,80,80,80,80,80,80,80,80,80,80,80,80,80,80,80,80,80,80,80,80,80,80,80,80,80,80,80,80,80,80,80,80,80,80,80,80,80,80,80,80,80],"card_choices":[{"not_picked":["Clothesline","Feel No Pain"],"picked":"Wild Strike","floor":1.0},{"not_picked":["Clothesline","Reckless Charge","Dropkick"],"picked":"SKIP","floor":2.0},{"not_picked":["Inflame","Entrench"],"picked":"Rage","floor":3.0},{"not_picked":["Perfected Strike","Uppercut"],"picked":"Cleave","floor":7.0},{"not_picked":["Shrug It Off","Clash"],"picked":"Thunderclap","floor":10.0},{"not_picked":["Iron Wave","Wild Strike","Entrench"],"picked":"SKIP","floor":12.0},{"not_picked":["Flex","Combust"],"picked":"Shockwave","floor":14.0},{"not_picked":["Limit Break","Offering"],"picked":"Reaper","floor":16.0},{"not_picked":["Twin Strike","Evolve+1"],"picked":"Power Through","floor":18.0},{"not_picked":["Body Slam","Twin Strike"],"picked":"Second Wind","floor":20},{"not_picked":["Seeing Red","Dropkick","Anger"],"picked":"SKIP","floor":21},{"not_picked":["Iron Wave","Armaments","Warcry"],"picked":"SKIP","floor":22},{"not_picked":["Clothesline","Entrench","Ghostly Armor"],"picked":"SKIP","floor":24},{"not_picked":["Bloodletting","Bludgeon"],"picked":"Pummel","floor":29},{"not_picked":["Shrug It Off+1","Corruption"],"picked":"Headbutt","floor":30},{"not_picked":["Feed","Demon Form"],"picked":"Immolate","floor":33},{"not_picked":["Flex+1","Bloodletting","Power Through+1"],"picked":"SKIP","floor":35},{"not_picked":["Armaments+1","Cleave+1","True Grit"],"picked":"SKIP","floor":37},{"not_picked":["Bloodletting","Pommel Strike+1"],"picked":"Sword Boomerang","floor":45},{"not_picked":["Evolve+1","Hemokinesis","Thunderclap+1"],"picked":"SKIP","floor":46},{"not_picked":["Perfected Strike+1","Bludgeon","Thunderclap+1"],"picked":"SKIP","floor":48}],"player_experience":606824,"relics_obtained":[{"floor":7.0,"key":"Blood Vial"},{"floor":9.0,"key":"Pen Nib"},{"floor":10.0,"key":"MawBank"},{"floor":19.0,"key":"Pocketwatch"},{"floor":26,"key":"Anchor"},{"floor":43,"key":"Happy Flower"},{"floor":48,"key":"War Paint"}],"event_choices":[{"damage_healed":0.0,"max_hp_gain":0.0,"max_hp_loss":0.0,"gold_gain":0.0,"event_name":"Scrap Ooze","player_choice":"Success","floor":5.0,"gold_loss":0.0,"damage_taken":3.0,"relics_obtained":["Potion Belt"]},{"damage_healed":0.0,"max_hp_gain":0.0,"max_hp_loss":0.0,"gold_gain":0.0,"event_name":"Liars Game","player_choice":"Ignored","floor":8.0,"gold_loss":0.0,"damage_taken":0.0},{"damage_healed":0.0,"max_hp_gain":0.0,"max_hp_loss":0.0,"gold_gain":0.0,"event_name":"Wheel of Change","player_choice":"Relic","floor":19.0,"gold_loss":0.0,"damage_taken":0.0},{"damage_healed":0,"gold_gain":0,"player_choice":"Read","damage_taken":0,"max_hp_gain":0,"max_hp_loss":0,"event_name":"The Library","floor":25,"gold_loss":0,"cards_obtained":["Rupture"]},{"damage_healed":0,"gold_gain":0,"player_choice":"Ignored","damage_taken":0,"max_hp_gain":0,"max_hp_loss":0,"event_name":"Ghosts","floor":28,"gold_loss":0},{"damage_healed":0,"gold_gain":0,"player_choice":"Ignored","damage_taken":0,"max_hp_gain":0,"max_hp_loss":0,"event_name":"NoteForYourself","floor":36,"gold_loss":0},{"damage_healed":0,"gold_gain":0,"player_choice":"Ignored","damage_taken":0,"max_hp_gain":0,"max_hp_loss":0,"event_name":"Tomb of Lord Red Mask","floor":39,"gold_loss":0},{"damage_healed":0,"gold_gain":0,"player_choice":"Bought 3 Potions","damage_taken":0,"max_hp_gain":0,"max_hp_loss":0,"event_name":"The Woman in Blue","floor":47,"gold_loss":0}],"is_beta":false,"boss_relics":[{"not_picked":["Runic Pyramid","Empty Cage"],"picked":"Velvet Choker"},{"not_picked":["Busted Crown","White Beast Statue"],"picked":"Mark of Pain"}],"items_purged_floors":[31,38,41],"is_endless":false,"potions_floor_spawned":[3,7,12,16,21,29,37,48],"ascension_level":0}