{"gold_per_floor":[112,262,187,187,202,202,237,252,252,252,28,28,28,63,63,135,135,122,122,172,187,187,187,187,207,207,207,217,217,552,552],"floor_reached":31,"playtime":1178,"items_purged":[],"score":497,"play_id":"65df8ecb-cec9-4854-a2db-57490d560a97","local_time":"20190706232130","is_ascension_mode":true,"campfire_choices":[{"data":"Bash","floor":6.0,"key":"SMITH"},{"floor":10.0,"key":"DIG"},{"floor":12.0,"key":"DIG"},{"floor":13.0,"key":"DIG"},{"floor":15.0,"key":"DIG"},{"floor":23.0,"key":"DIG"},{"floor":24.0,"key":"DIG"},{"floor":27.0,"key":"DIG"},{"floor":29.0,"key":"DIG"}],"neow_cost":"NONE","seed_source_timestamp":1117594315948953,"circlet_count":0,"master_deck":["AscendersBane","Strike_R","Strike_R","Strike_R","Strike_R","Defend_R","Defend_R","Defend_R","Defend_R","Bash+1","Shockwave+1","Ghostly Armor","Twin Strike","Carnage","Apotheosis","Disarm","Shrug It Off+1","Reaper","Shrug It Off","Shockwave+1","Sever Soul+1"],"special_seed":0,"relics":["Burning Blood","NeowsBlessing","Shovel","Ginger","WingedGreaves","Omamori","Paper Frog","War Paint","Torii","Runic Pyramid","Pocketwatch","Smiling Mask","Bird Faced Urn","Bag of Preparation","Centennial Puzzle","Old Coin"],"potions_floor_usage":[],"damage_taken":[{"damage":0.0,"enemies":"2 Louse","floor":1.0,"turns":2.0},{"damage":0.0,"enemies":"Small Slimes","floor":5.0,"turns":2.0},{"damage":0.0,"enemies":"Gremlin Nob","floor":7.0,"turns":1.0},{"damage":0.0,"enemies":"Cultist","floor":8.0,"turns":4.0},{"damage":36.0,"enemies":"3 Sentries","floor":14.0,"turns":10.0},{"damage":28.0,"enemies":"Hexaghost","floor":16.0,"turns":14.0},{"damage":31.0,"enemies":"2 Thieves","floor":18.0,"turns":4.0},{"damage":9.0,"enemies":"3 Byrds","floor":21.0,"turns":3.0},{"damage":17.0,"enemies":"Shelled Parasite and Fungi","floor":25.0,"turns":11.0},{"damage":28.0,"enemies":"3 Cultists","floor":28.0,"turns":7.0},{"damage":22.0,"enemies":"Book of Stabbing","floor":30.0,"turns":12.0},{"damage":29,"enemies":"Sentry and Sphere","floor":31,"turns":3}],"seed_played":"3034106826353596028","potions_obtained":[{"floor":7.0,"key":"Fire Potion"},{"floor":14.0,"key":"LiquidBronze"},{"floor":25.0,"key":"Swift Potion"}],"is_trial":false,"path_per_floor":["M","?","?","?","M","R","E","M","T","R","$","R","R","E","R","B",null,"M","?","?","M","?","R","R","M","T","R","M","R","E","M"],"character_chosen":"IRONCLAD","items_purchased":["Apotheosis","Disarm"],"campfire_rested":0,"item_purchase_floors":[11,11],"current_hp_per_floor":[74,74,74,63,69,69,75,75,75,75,75,75,75,45,45,23,62,51,51,51,48,48,48,48,40,40,40,34,34,26,0],"gold":552,"neow_bonus":"THREE_ENEMY_KILL","is_prod":false,"is_daily":false,"chose_seed":false,"campfire_upgraded":1,"win_rate":0,"timestamp":1562448090,"path_taken":["M","?","?","?","?","R","E","M","T","R","$","R","R","E","R","BOSS","M","?","?","M","?","R","R","?","T","R","?","R","E","M"],"build_version":"2019-07-05","purchased_purges":0,"victory":false,"max_hp_per_floor":[75,75,75,75,75,75,75,75,75,75,75,75,75,75,75,75,75,75,75,75,75,75,75,75,75,75,75,75,75,75,75],"card_choices":[{"not_picked":["Flex","Wild Strike"],"picked":"Shockwave","floor":1.0},{"not_picked":["Clash","Rupture"],"picked":"Ghostly Armor","floor":5.0},{"not_picked":["Iron Wave","Havoc"],"picked":"Twin Strike","floor":7.0},{"not_picked":["Intimidate","Rage"],"picked":"Carnage","floor":8.0},{"not_picked":["Armaments","Intimidate"],"picked":"Shrug It Off","floor":14.0},{"not_picked":["Double Tap","Brutality"],"picked":"Reaper","floor":16.0},{"not_picked":["Warcry","Reckless Charge"],"picked":"Shrug It Off","floor":18.0},{"not_picked":["Shrug It Off","Intimidate"],"picked":"Shockwave+1","floor":21.0},{"not_picked":["Heavy Blade","Evolve","Perfected Strike"],"picked":"SKIP","floor":25.0},{"not_picked":["Dropkick","Cleave","Headbutt"],"picked":"SKIP","floor":28.0},{"not_picked":["Offering","Reckless Charge"],"picked":"Sever Soul+1","floor":30.0}],"player_experience":622776,"relics_obtained":[{"floor":7.0,"key":"Shovel"},{"floor":9.0,"key":"Ginger"},{"floor":10.0,"key":"WingedGreaves"},{"floor":12.0,"key":"Omamori"},{"floor":13.0,"key":"Paper Frog"},{"floor":14.0,"key":"War Paint"},{"floor":15.0,"key":"Torii"},{"floor":23.0,"key":"Pocketwatch"},{"floor":24.0,"key":"Smiling Mask"},{"floor":26.0,"key":"Bird Faced Urn"},{"floor":27.0,"key":"Bag of Preparation"},{"floor":29.0,"key":"Centennial Puzzle"},{"floor":30.0,"key":"Old Coin"}],"event_choices":[{"damage_healed":0.0,"max_hp_gain":0.0,"max_hp_loss":0.0,"gold_gain":150.0,"event_name":"Liars Game","player_choice":"AGREE","floor":2.0,"gold_loss":0.0,"damage_taken":0.0,"cards_obtained":["Doubt"]},{"cards_removed":["Doubt"],"damage_healed":0.0,"max_hp_gain":0.0,"max_hp_loss":0.0,"gold_gain":0.0,"event_name":"The Cleric","player_choice":"Card Removal","floor":3.0,"gold_loss":75.0,"damage_taken":0.0},{"damage_healed":0.0,"max_hp_gain":0.0,"max_hp_loss":0.0,"gold_gain":0.0,"event_name":"Wheel of Change","player_choice":"Damaged","floor":4.0,"gold_loss":0.0,"damage_taken":11.0},{"damage_healed":0.0,"max_hp_gain":0.0,"max_hp_loss":0.0,"gold_gain":0.0,"event_name":"Forgotten Altar","player_choice":"Smashed Altar","floor":19.0,"gold_loss":0.0,"damage_taken":0.0,"cards_obtained":["Decay"]},{"damage_healed":0.0,"max_hp_gain":0.0,"max_hp_loss":0.0,"gold_gain":50.0,"event_name":"Nest","player_choice":"Stole From Cult","floor":20.0,"gold_loss":0.0,"damage_taken":0.0},{"cards_removed":["Strike_R"],"damage_healed":0.0,"max_hp_gain":0.0,"max_hp_loss":0.0,"gold_gain":0.0,"event_name":"Wheel of Change","player_choice":"Card Removal","floor":22.0,"gold_loss":0.0,"damage_taken":0.0}],"is_beta":false,"boss_relics":[{"not_picked":["Lizard Tail","Empty Cage"],"picked":"Runic Pyramid"}],"items_purged_floors":[],"is_endless":false,"potions_floor_spawned":[7,14,18,25,30],"killed_by":"Sentry and Sphere","ascension_level":15}