{"gold_per_floor":[111,111,111,111,131,131,165,46,97,97,97,97,97,121,121,217,217,231,251,251,251,264,264,302,302,302,323,323,344,344,294,294,389,389,403,403,403,528,547,547,581,581,654,694,30,30,0,39,39,39],"floor_reached":51,"playtime":3576,"items_purged":["Strike_B","Pain"],"score":1478,"play_id":"ffa16ccd-ddc5-4bec-9fa0-61c1955f73a8","local_time":"20190607223901","is_ascension_mode":true,"campfire_choices":[{"data":"Zap","floor":6.0,"key":"SMITH"},{"data":"Genetic Algorithm","floor":10.0,"key":"SMITH"},{"floor":13.0,"key":"REST"},{"floor":15.0,"key":"REST"},{"floor":23.0,"key":"REST"},{"floor":25.0,"key":"REST"},{"floor":28.0,"key":"REST"},{"floor":32.0,"key":"REST"},{"floor":40,"key":"REST"},{"floor":42,"key":"REST"},{"floor":46,"key":"REST"},{"floor":49,"key":"REST"}],"neow_cost":"NONE","seed_source_timestamp":0,"circlet_count":0,"master_deck":["AscendersBane","Defend_B+1","Defend_B","Defend_B+1","Defend_B","Zap+1","Dualcast","Hologram","Ball Lightning+1","Echo Form","Genetic Algorithm+1","Leap","Machine Learning","White Noise","Capacitor","Creative AI","Conserve Battery","Chill+1","Genetic Algorithm","BootSequence","Melter+1","Echo Form","Buffer","Coolheaded","Recycle","Barrage+1","Self Repair"],"special_seed":0,"relics":["Cracked Core","Vajra","Golden Idol","Thread and Needle","Juzu Bracelet","Orichalcum","Fusion Hammer","War Paint","Molten Egg 2","Snecko Eye","Darkstone Periapt","WarpedTongs","Ginger","Whetstone","Singing Bowl","Pocketwatch","OrangePellets","Ancient Tea Set","Red Mask","Incense Burner"],"potions_floor_usage":[38,50,50],"damage_taken":[{"damage":6.0,"enemies":"2 Louse","floor":1.0,"turns":3.0},{"damage":3.0,"enemies":"Small Slimes","floor":5.0,"turns":3.0},{"damage":16.0,"enemies":"3 Sentries","floor":7.0,"turns":6.0},{"damage":2.0,"enemies":"Jaw Worm","floor":14.0,"turns":4.0},{"damage":18.0,"enemies":"Slime Boss","floor":16.0,"turns":9.0},{"damage":16.0,"enemies":"Spheric Guardian","floor":18.0,"turns":6.0},{"damage":4.0,"enemies":"Chosen","floor":19.0,"turns":5.0},{"damage":29.0,"enemies":"Shelled Parasite and Fungi","floor":22.0,"turns":8.0},{"damage":26.0,"enemies":"Book of Stabbing","floor":24.0,"turns":6.0},{"damage":12.0,"enemies":"Sentry and Sphere","floor":27.0,"turns":8.0},{"damage":0.0,"enemies":"Chosen and Byrds","floor":29.0,"turns":4.0},{"damage":7.0,"enemies":"Champ","floor":33.0,"turns":12.0},{"damage":0.0,"enemies":"Orb Walker","floor":35.0,"turns":4.0},{"damage":25,"enemies":"Mind Bloom Boss Battle","floor":38,"turns":15},{"damage":31,"enemies":"3 Darklings","floor":39,"turns":8},{"damage":21,"enemies":"Reptomancer","floor":41,"turns":13},{"damage":0,"enemies":"Nemesis","floor":44,"turns":5},{"damage":0,"enemies":"Reptomancer","floor":48,"turns":7},{"damage":18,"enemies":"Time Eater","floor":50,"turns":9}],"seed_played":"2561158096847301705","potions_obtained":[{"floor":14.0,"key":"FearPotion"},{"floor":16.0,"key":"LiquidBronze"},{"floor":27.0,"key":"SkillPotion"},{"floor":33.0,"key":"AttackPotion"},{"floor":35.0,"key":"EssenceOfSteel"},{"floor":38,"key":"Weak Potion"}],"is_trial":false,"path_per_floor":["M","?","?","?","M","R","E","$","T","R","$","?","R","M","R","B",null,"M","M","?","?","M","R","E","R","T","M","R","M","?","?","R","B",null,"M","T","?","?","M","R","E","R","T","E","$","R","?","E","R","B",null],"character_chosen":"DEFECT","items_purchased":["Genetic Algorithm","OrangePellets","Ancient Tea Set","FocusPotion","Self Repair"],"campfire_rested":10,"item_purchase_floors":[8,45,45,45,45],"current_hp_per_floor":[58,58,23,44,41,41,25,25,25,25,25,18,37,35,54,36,57,41,37,37,37,8,27,1,20,20,8,27,27,27,27,46,39,58,58,58,64,39,8,29,8,29,29,31,31,52,52,68,74,63],"gold":39,"neow_bonus":"RANDOM_COMMON_RELIC","is_prod":false,"is_daily":false,"chose_seed":false,"campfire_upgraded":2,"win_rate":0,"timestamp":1559939941,"path_taken":["M","?","?","?","M","R","E","$","T","R","?","?","R","M","R","BOSS","M","M","?","?","M","R","E","R","T","M","R","M","?","?","R","BOSS","M","?","?","?","M","R","E","R","T","E","$","R","?","E","R","BOSS"],"build_version":"2019-01-23","purchased_purges":2,"victory":true,"max_hp_per_floor":[71,64,64,64,64,64,64,64,64,64,64,64,64,64,64,64,64,64,64,64,64,64,64,64,64,64,64,64,64,64,64,64,64,64,64,64,70,70,70,70,70,70,70,72,72,72,72,74,74,74],"card_choices":[{"not_picked":["Go for the Eyes","Tempest"],"picked":"Hologram","floor":1.0},{"not_picked":["Stack","Streamline"],"picked":"Ball Lightning","floor":5.0},{"not_picked":["Capacitor","Static Discharge"],"picked":"Echo Form","floor":7.0},{"not_picked":["Darkness","Chill"],"picked":"Leap","floor":14.0},{"not_picked":["Rainbow","Amplify"],"picked":"Machine Learning","floor":16.0},{"not_picked":["Hologram","Gash+1"],"picked":"White Noise","floor":18.0},{"not_picked":["Skim","Compile Driver"],"picked":"Capacitor","floor":19.0},{"not_picked":["Turbo","Fusion+1"],"picked":"Chill+1","floor":22.0},{"not_picked":["Conserve Battery","Capacitor"],"picked":"Genetic Algorithm","floor":24.0},{"not_picked":["Conserve Battery","Darkness"],"picked":"BootSequence","floor":27.0},{"not_picked":["Conserve Battery","Ball Lightning+1"],"picked":"Melter+1","floor":29.0},{"not_picked":["Creative AI","All For One+1"],"picked":"Buffer","floor":33.0},{"not_picked":["Go for the Eyes+1","Force Field","FTL+1"],"picked":"SKIP","floor":35.0},{"not_picked":["Turbo","Conserve Battery"],"picked":"Coolheaded","floor":38},{"not_picked":["Sweeping Beam+1","Go for the Eyes+1"],"picked":"Recycle","floor":39},{"not_picked":["Meteor Strike+1","Compile Driver+1"],"picked":"Barrage+1","floor":41},{"not_picked":["Darkness","Hyperbeam+1","Sweeping Beam+1"],"picked":"Singing Bowl","floor":44},{"not_picked":["Gash+1","Rebound+1","Skim+1"],"picked":"Singing Bowl","floor":48}],"player_experience":474873,"relics_obtained":[{"floor":7.0,"key":"Juzu Bracelet"},{"floor":9.0,"key":"Orichalcum"},{"floor":24.0,"key":"War Paint"},{"floor":26.0,"key":"Molten Egg 2"},{"floor":36.0,"key":"Darkstone Periapt"},{"floor":38,"key":"Ginger"},{"floor":41,"key":"Whetstone"},{"floor":43,"key":"Singing Bowl"},{"floor":44,"key":"Pocketwatch"},{"floor":48,"key":"Incense Burner"}],"event_choices":[{"damage_healed":0.0,"max_hp_gain":0.0,"max_hp_loss":7.0,"gold_gain":0.0,"event_name":"Golden Idol","player_choice":"Lose Max HP","floor":2.0,"gold_loss":0.0,"damage_taken":0.0,"relics_obtained":["Golden Idol"]},{"damage_healed":0.0,"max_hp_gain":0.0,"max_hp_loss":0.0,"gold_gain":0.0,"event_name":"Scrap Ooze","player_choice":"Success","floor":3.0,"gold_loss":0.0,"damage_taken":35.0,"relics_obtained":["Thread and Needle"]},{"damage_healed":21.0,"max_hp_gain":0.0,"max_hp_loss":0.0,"gold_gain":0.0,"event_name":"Big Fish","player_choice":"Banana","floor":4.0,"gold_loss":0.0,"damage_taken":0.0},{"cards_removed":["Strike_B"],"damage_healed":0.0,"max_hp_gain":0.0,"max_hp_loss":0.0,"gold_gain":0.0,"event_name":"Golden Wing","player_choice":"Card Removal","floor":12.0,"gold_loss":0.0,"damage_taken":7.0},{"damage_healed":0.0,"max_hp_gain":0.0,"max_hp_loss":0.0,"gold_gain":0.0,"cards_transformed":["Strike_B","Strike_B"],"event_name":"Drug Dealer","player_choice":"Became Test Subject","floor":20.0,"gold_loss":0.0,"damage_taken":0.0,"cards_obtained":["Creative AI","Conserve Battery"]},{"damage_healed":0.0,"max_hp_gain":0.0,"max_hp_loss":0.0,"gold_gain":0.0,"event_name":"Ghosts","player_choice":"Ignored","floor":21.0,"gold_loss":0.0,"damage_taken":0.0},{"damage_healed":0.0,"max_hp_gain":0.0,"max_hp_loss":0.0,"gold_gain":0.0,"event_name":"Duplicator","player_choice":"Copied","floor":30.0,"gold_loss":0.0,"damage_taken":0.0,"cards_obtained":["Echo Form"]},{"damage_healed":0.0,"max_hp_gain":0.0,"max_hp_loss":0.0,"gold_gain":0.0,"event_name":"The Joust","player_choice":"Bet on Murderer","floor":31.0,"gold_loss":50.0,"damage_taken":0.0},{"damage_healed":0.0,"max_hp_gain":0.0,"max_hp_loss":0.0,"gold_gain":0.0,"event_name":"Accursed Blacksmith","player_choice":"Rummage","floor":37.0,"gold_loss":0.0,"damage_taken":0.0,"relics_obtained":["WarpedTongs"],"cards_obtained":["Pain"]},{"damage_healed":0,"gold_gain":0,"player_choice":"Fight","damage_taken":0,"max_hp_gain":0,"max_hp_loss":0,"event_name":"MindBloom","floor":38,"gold_loss":0},{"damage_healed":0,"gold_gain":0,"player_choice":"Paid","damage_taken":0,"relics_obtained":["Red Mask"],"max_hp_gain":0,"max_hp_loss":0,"event_name":"Tomb of Lord Red Mask","floor":47,"gold_loss":30}],"is_beta":false,"boss_relics":[{"not_picked":["Empty Cage","Calling Bell"],"picked":"Fusion Hammer"},{"not_picked":["Runic Dome","Philosopher\u0027s Stone"],"picked":"Snecko Eye"}],"items_purged_floors":[8,45],"is_endless":false,"potions_floor_spawned":[14,16,18,27,33,35,38,44],"ascension_level":19}