{"gold_per_floor":[112,12,27,27,39,69,69,69,69,69,85,235,235,215,215,215],"floor_reached":16,"playtime":425,"items_purged":[],"score":196,"play_id":"8d3c57df-a299-440d-886b-bf305160cb84","local_time":"20190604183524","is_ascension_mode":true,"campfire_choices":[{"floor":8,"key":"REST"},{"data":"Deadly Poison","floor":13,"key":"SMITH"},{"data":"Neutralize","floor":15,"key":"SMITH"}],"neow_cost":"NONE","seed_source_timestamp":332610810370720,"circlet_count":0,"master_deck":["AscendersBane","Defend_G","Defend_G","Defend_G","Defend_G","Defend_G","Strike_G","Strike_G","Strike_G","Strike_G","Survivor","Neutralize+1","Masterful Stab","Backstab","Deadly Poison+1","Well Laid Plans","Venomology","PiercingWail","Dodge and Roll","Doubt"],"relics":["Ring of the Snake","NeowsBlessing","Singing Bowl","Juzu Bracelet"],"potions_floor_usage":[6,16,16],"damage_taken":[{"damage":0,"enemies":"Small Slimes","floor":1,"turns":1},{"damage":0,"enemies":"Cultist","floor":3,"turns":1},{"damage":0,"enemies":"Jaw Worm","floor":5,"turns":1},{"damage":59,"enemies":"Gremlin Nob","floor":6,"turns":6},{"damage":0,"enemies":"3 Louse","floor":11,"turns":3},{"damage":40,"enemies":"Slime Boss","floor":16,"turns":5}],"seed_played":"7209933868458901762","potions_obtained":[{"floor":1,"key":"Fruit Juice"},{"floor":11,"key":"SkillPotion"}],"is_trial":false,"path_per_floor":["M","$","M","?","M","E","$","R","T","$","M","?","R","?","R","B"],"character_chosen":"THE_SILENT","items_purchased":["Backstab","Deadly Poison"],"campfire_rested":1,"item_purchase_floors":[2,2],"current_hp_per_floor":[59,59,59,59,59,5,5,26,26,26,28,28,28,28,28,0],"gold":215,"neow_bonus":"THREE_ENEMY_KILL","is_prod":false,"is_daily":false,"chose_seed":false,"campfire_upgraded":2,"win_rate":0,"timestamp":1559666124,"path_taken":["M","$","M","?","?","E","?","R","T","?","M","?","R","?","R","BOSS"],"build_version":"2019-01-23","purchased_purges":0,"victory":false,"max_hp_per_floor":[66,66,66,66,66,71,71,71,71,71,73,73,73,73,73,73],"card_choices":[{"not_picked":["PiercingWail","Blade Dance"],"picked":"Masterful Stab","floor":1},{"not_picked":["Terror","Dagger Spray"],"picked":"Well Laid Plans","floor":3},{"not_picked":["Prepared","Quick Slash"],"picked":"PiercingWail","floor":5},{"not_picked":["All Out Attack","Unload"],"picked":"Dodge and Roll","floor":6},{"not_picked":["Slice","Quick Slash","Deadly Poison"],"picked":"Singing Bowl","floor":11}],"player_experience":449448,"relics_obtained":[{"floor":6,"key":"Singing Bowl"},{"floor":9,"key":"Juzu Bracelet"}],"event_choices":[{"damage_healed":0,"gold_gain":0,"cards_transformed":["Strike_G"],"player_choice":"Transformed","damage_taken":0,"max_hp_gain":0,"max_hp_loss":0,"event_name":"Transmorgrifier","floor":4,"gold_loss":0,"cards_obtained":["Venomology"]},{"damage_healed":0,"gold_gain":150,"player_choice":"AGREE","damage_taken":0,"max_hp_gain":0,"max_hp_loss":0,"event_name":"Liars Game","floor":12,"gold_loss":0,"cards_obtained":["Doubt"]},{"damage_healed":0,"gold_gain":0,"player_choice":"Bought 1 Potion","damage_taken":0,"max_hp_gain":0,"max_hp_loss":0,"event_name":"The Woman in Blue","floor":14,"gold_loss":0}],"is_beta":false,"boss_relics":[],"items_purged_floors":[],"is_endless":false,"potions_floor_spawned":[1,11],"killed_by":"Slime Boss","ascension_level":20}