{"gold_per_floor":[117,129,129,149,224,224,259,278,359,373,373,408,431,444,444,572,572,586,609,628,653,229,229,263,263,263,263,263,263,20,40,40,163,163,176,176,76,100,100,100,120,120,120,453,137,154,181,196,196,196],"floor_reached":51,"playtime":4032,"items_purged":["Strike_R","Strike_R","Strike_R"],"score":774,"play_id":"7e09130a-59a9-4cb7-9b9a-6e70d34f7992","local_time":"20181026234907","is_ascension_mode":false,"campfire_choices":[{"floor":6.0,"key":"REST"},{"floor":11.0,"key":"REST"},{"data":"Demon Form","floor":15.0,"key":"SMITH"},{"data":"Uppercut","floor":23.0,"key":"SMITH"},{"data":"Rage","floor":25.0,"key":"SMITH"},{"data":"Flame Barrier","floor":27.0,"key":"SMITH"},{"data":"Ghostly","floor":32.0,"key":"SMITH"},{"data":"Heavy Blade","floor":40.0,"key":"SMITH"},{"data":"Ghostly","floor":42,"key":"SMITH"},{"data":"Ghostly","floor":49,"key":"SMITH"}],"neow_cost":"PERCENT_DAMAGE","seed_source_timestamp":847203147793328,"circlet_count":0,"master_deck":["Strike_R","Strike_R","Defend_R","Defend_R","Defend_R","Defend_R","Bash","Demon Form+1","Uppercut+1","Pommel Strike","Seeing Red","Sword Boomerang","Sword Boomerang","Anger","Thunderclap","Offering","Rage+1","Flame Barrier+1","Cleave","Heavy Blade+1","Ghostly+1","Ghostly+1","Ghostly+1","Ghostly","Ghostly","True Grit","Reaper","Rage+1","Madness","Madness","Decay","Limit Break"],"special_seed":0,"relics":["Burning Blood","Calipers","Letter Opener","Odd Mushroom","Runic Pyramid","Champion Belt","Orichalcum","Vajra","Lee\u0027s Waffle","Sozu","Darkstone Periapt","Frozen Eye","Incense Burner"],"potions_floor_usage":[50,50,50],"damage_taken":[{"damage":8.0,"enemies":"2 Louse","floor":1.0,"turns":3.0},{"damage":0.0,"enemies":"Small Slimes","floor":2.0,"turns":3.0},{"damage":10.0,"enemies":"Jaw Worm","floor":4.0,"turns":4.0},{"damage":35.0,"enemies":"3 Sentries","floor":7.0,"turns":7.0},{"damage":9.0,"enemies":"3 Louse","floor":8.0,"turns":4.0},{"damage":3.0,"enemies":"2 Fungi Beasts","floor":10.0,"turns":3.0},{"damage":17.0,"enemies":"The Mushroom Lair","floor":12.0,"turns":4.0},{"damage":9.0,"enemies":"Red Slaver","floor":13.0,"turns":2.0},{"damage":5.0,"enemies":"Looter","floor":14.0,"turns":3.0},{"damage":30.0,"enemies":"Hexaghost","floor":16.0,"turns":6.0},{"damage":12.0,"enemies":"Chosen","floor":18.0,"turns":4.0},{"damage":18.0,"enemies":"Shell Parasite","floor":19.0,"turns":4.0},{"damage":6.0,"enemies":"Sentry and Sphere","floor":20.0,"turns":3.0},{"damage":18.0,"enemies":"Centurion and Healer","floor":21.0,"turns":3.0},{"damage":18.0,"enemies":"Gremlin Leader","floor":24.0,"turns":5.0},{"damage":0.0,"enemies":"3 Cultists","floor":31.0,"turns":5.0},{"damage":9.0,"enemies":"Automaton","floor":33.0,"turns":7.0},{"damage":1.0,"enemies":"3 Shapes","floor":35.0,"turns":5.0},{"damage":0.0,"enemies":"3 Darklings","floor":38.0,"turns":3.0},{"damage":30,"enemies":"Sphere and 2 Shapes","floor":41,"turns":7},{"damage":3,"enemies":"Transient","floor":46,"turns":5},{"damage":8,"enemies":"Nemesis","floor":47,"turns":5},{"damage":19,"enemies":"3 Darklings","floor":48,"turns":7},{"damage":6,"enemies":"Time Eater","floor":50,"turns":9}],"seed_played":"7012832905875014910","potions_obtained":[{"floor":1.0,"key":"Poison Potion"},{"floor":7.0,"key":"Ancient Potion"},{"floor":8.0,"key":"Poison Potion"},{"floor":13.0,"key":"Dexterity Potion"},{"floor":24.0,"key":"Dexterity Potion"}],"is_trial":false,"path_per_floor":["M","M","?","M","?","R","E","M","T","M","R","?","M","M","R","B",null,"M","M","M","M","$","R","E","R","T","R","?","?","$","M","R","B",null,"M","?","$","M","?","R","M","R","T","?","$","M","E","M","R","B"],"character_chosen":"IRONCLAD","items_purchased":["Champion Belt","Cleave","Lee\u0027s Waffle","True Grit","Frozen Eye"],"campfire_rested":2,"item_purchase_floors":[22,22,30,30,45],"current_hp_per_floor":[54,60,40,36,25,49,20,17,17,20,44,33,30,31,31,7,80,74,62,62,50,50,50,38,38,38,38,38,38,47,47,47,44,47,47,41,41,47,47,47,44,44,44,44,44,47,46,47,47,47],"gold":196,"neow_bonus":"THREE_RARE_CARDS","is_prod":false,"is_daily":false,"chose_seed":false,"campfire_upgraded":8,"win_rate":0,"timestamp":1540612147,"path_taken":["M","M","?","M","?","R","E","M","T","M","R","?","?","M","R","BOSS","M","M","M","M","$","R","E","R","T","R","?","?","?","M","R","BOSS","M","?","$","M","?","R","?","R","T","?","$","M","E","?","R","BOSS"],"build_version":"2018-10-25v2","purchased_purges":3,"victory":true,"max_hp_per_floor":[80,80,80,80,80,80,80,80,80,80,80,80,80,80,80,80,80,80,80,80,80,80,80,80,80,80,80,80,40,47,47,47,47,47,47,47,47,47,47,47,47,47,47,47,47,47,47,47,47,47],"card_choices":[{"not_picked":["Dark Embrace","Bludgeon"],"picked":"Demon Form","floor":0.0},{"not_picked":["Pommel Strike","Twin Strike"],"picked":"Uppercut","floor":1.0},{"not_picked":["Body Slam","Carnage","Inflame"],"picked":"SKIP","floor":2.0},{"not_picked":["Spot Weakness","Wild Strike"],"picked":"Pommel Strike","floor":4.0},{"not_picked":["Intimidate","Flex"],"picked":"Seeing Red","floor":7.0},{"not_picked":["Body Slam","Feel No Pain"],"picked":"Sword Boomerang","floor":8.0},{"not_picked":["Clash","Blood for Blood"],"picked":"Sword Boomerang","floor":10.0},{"not_picked":["Headbutt","Rupture"],"picked":"Anger","floor":12.0},{"not_picked":["Clash","Shrug It Off"],"picked":"Thunderclap","floor":13.0},{"not_picked":["Wild Strike","Dual Wield"],"picked":"Offering","floor":14.0},{"not_picked":["Sword Boomerang","Heavy Blade+1"],"picked":"Rage","floor":18.0},{"not_picked":["Pommel Strike","Dual Wield","Perfected Strike+1"],"picked":"SKIP","floor":19.0},{"not_picked":["Inflame+1","Feel No Pain","Iron Wave"],"picked":"SKIP","floor":20.0},{"not_picked":["Warcry","Combust"],"picked":"Flame Barrier","floor":21.0},{"not_picked":["Warcry","Wild Strike+1"],"picked":"Heavy Blade","floor":24.0},{"not_picked":["Armaments","Wild Strike+1","Flex"],"picked":"SKIP","floor":31.0},{"not_picked":["Immolate","Brutality"],"picked":"Reaper","floor":33.0},{"not_picked":["Havoc+1","Second Wind"],"picked":"Rage+1","floor":35.0},{"not_picked":["Dual Wield+1","Warcry","Heavy Blade"],"picked":"SKIP","floor":38.0},{"not_picked":["Armaments","Searing Blow+1"],"picked":"Limit Break","floor":41},{"not_picked":["True Grit+1","Dual Wield","Bloodletting"],"picked":"SKIP","floor":46},{"not_picked":["Havoc","Wild Strike+1","Blood for Blood"],"picked":"SKIP","floor":47},{"not_picked":["Wild Strike","Clash+1","Ghostly Armor+1"],"picked":"SKIP","floor":48}],"player_experience":536935,"relics_obtained":[{"floor":7.0,"key":"Calipers"},{"floor":9.0,"key":"Letter Opener"},{"floor":12.0,"key":"Odd Mushroom"},{"floor":24.0,"key":"Orichalcum"},{"floor":26.0,"key":"Vajra"},{"floor":43,"key":"Darkstone Periapt"},{"floor":47,"key":"Incense Burner"}],"event_choices":[{"damage_healed":0.0,"max_hp_gain":0.0,"max_hp_loss":0.0,"gold_gain":0.0,"event_name":"Golden Idol","player_choice":"Take Damage","floor":3.0,"gold_loss":0.0,"damage_taken":20.0,"relics_obtained":["Golden Idol"]},{"damage_healed":0.0,"max_hp_gain":0.0,"max_hp_loss":0.0,"gold_gain":75.0,"event_name":"World of Goop","player_choice":"Gather Gold","floor":5.0,"gold_loss":0.0,"damage_taken":11.0},{"damage_healed":0.0,"max_hp_gain":0.0,"max_hp_loss":0.0,"gold_gain":0.0,"event_name":"Mushrooms","player_choice":"Fought Mushrooms","floor":12.0,"gold_loss":0.0,"damage_taken":0.0},{"damage_healed":0.0,"max_hp_gain":0.0,"max_hp_loss":0.0,"gold_gain":0.0,"event_name":"Vampires","player_choice":"Ignored","floor":28.0,"gold_loss":0.0,"damage_taken":0.0},{"damage_healed":0.0,"max_hp_gain":0.0,"max_hp_loss":40.0,"gold_gain":0.0,"event_name":"Ghosts","player_choice":"Became a Ghost","floor":29.0,"gold_loss":0.0,"damage_taken":0.0,"cards_obtained":["Ghostly","Ghostly","Ghostly","Ghostly","Ghostly"]},{"damage_healed":0.0,"max_hp_gain":0.0,"max_hp_loss":0.0,"gold_gain":0.0,"event_name":"Winding Halls","player_choice":"Embrace Madness","floor":36.0,"gold_loss":0.0,"damage_taken":6.0,"cards_obtained":["Madness","Madness"]},{"damage_healed":0.0,"max_hp_gain":0.0,"max_hp_loss":0.0,"gold_gain":0.0,"event_name":"Wheel of Change","player_choice":"Cursed","floor":39.0,"gold_loss":0.0,"damage_taken":0.0,"cards_obtained":["Decay"]},{"damage_healed":0,"gold_gain":333,"player_choice":"Gave Idol","damage_taken":0,"max_hp_gain":0,"max_hp_loss":0,"event_name":"The Moai Head","floor":44,"relics_lost":["Golden Idol"],"gold_loss":0}],"is_beta":false,"boss_relics":[{"not_picked":["Black Star","Ectoplasm"],"picked":"Runic Pyramid"},{"not_picked":["Empty Cage","Fusion Hammer"],"picked":"Sozu"}],"items_purged_floors":[22,37,45],"is_endless":false,"potions_floor_spawned":[1,7,8,13,14,16,20,21,24,33,46],"ascension_level":0}