{"gold_per_floor":[109,15,34,47,64,64,94,94,120,120,159,178,194,217,217,336,336,351,261,276,301,40,79,79,102,102,127,127,127,145,166,166,292,292,315,315,140,165,178,211,235,110,110,151,151,276,276,296,296,296,296,296,6,50,50],"floor_reached":56,"playtime":4365,"items_purged":["Strike_R","Strike_R","Defend_R"],"score":1243,"play_id":"904f1bf0-55ec-44cd-a642-1f453a1f7d55","local_time":"20191001200437","is_ascension_mode":false,"campfire_choices":[{"data":"Armaments","floor":6,"key":"SMITH"},{"data":"True Grit","floor":8,"key":"SMITH"},{"data":"Anger","floor":15,"key":"SMITH"},{"data":"Blood for Blood","floor":24,"key":"SMITH"},{"data":"Metallicize","floor":28,"key":"SMITH"},{"data":"True Grit","floor":32,"key":"SMITH"},{"floor":45,"key":"RECALL"},{"data":"Demon Form","floor":49,"key":"SMITH"},{"data":"Power Through","floor":52,"key":"SMITH"}],"neow_cost":"NONE","seed_source_timestamp":1529287089690196,"circlet_count":0,"master_deck":["Strike_R","Defend_R","Defend_R","Bash","Armaments+1","Hemokinesis","True Grit+1","Shrug It Off","Shrug It Off","Flex","Thunderclap","Power Through+1","Anger+1","Sword Boomerang","Reaper+1","True Grit+1","Blood for Blood+1","Heavy Blade+1","Intimidate","Feed","Clothesline+1","Hemokinesis+1","Metallicize+1","Body Slam+1","Demon Form+1","Panacea","Feel No Pain","Shockwave+1","Pommel Strike+1","Dark Embrace","Feel No Pain"],"relics":["Burning Blood","Art of War","Pen Nib","Golden Idol","Strawberry","Coffee Dripper","Bag of Preparation","Thread and Needle","Velvet Choker","Blood Vial","Happy Flower","StoneCalendar","Bronze Scales","Red Skull"],"potions_floor_usage":[11,23,27,33,38,40,40,55,55,55],"damage_taken":[{"damage":6,"enemies":"Jaw Worm","floor":1,"turns":3},{"damage":0,"enemies":"Small Slimes","floor":3,"turns":3},{"damage":5,"enemies":"Cultist","floor":4,"turns":4},{"damage":7,"enemies":"Exordium Wildlife","floor":5,"turns":7},{"damage":49,"enemies":"Gremlin Nob","floor":7,"turns":6},{"damage":14,"enemies":"Lagavulin","floor":11,"turns":8},{"damage":3,"enemies":"Large Slime","floor":12,"turns":9},{"damage":4,"enemies":"2 Fungi Beasts","floor":13,"turns":3},{"damage":1,"enemies":"3 Louse","floor":14,"turns":4},{"damage":14,"enemies":"Slime Boss","floor":16,"turns":16},{"damage":3,"enemies":"Chosen","floor":18,"turns":4},{"damage":6,"enemies":"Shell Parasite","floor":20,"turns":4},{"damage":7,"enemies":"Shelled Parasite and Fungi","floor":21,"turns":6},{"damage":27,"enemies":"Slavers","floor":23,"turns":5},{"damage":12,"enemies":"Snake Plant","floor":25,"turns":5},{"damage":0,"enemies":"Snecko","floor":27,"turns":1},{"damage":13,"enemies":"Sentry and Sphere","floor":30,"turns":5},{"damage":14,"enemies":"Snake Plant","floor":31,"turns":5},{"damage":84,"enemies":"Collector","floor":33,"turns":19},{"damage":2,"enemies":"3 Shapes","floor":35,"turns":7},{"damage":21,"enemies":"3 Darklings","floor":38,"turns":9},{"damage":4,"enemies":"4 Shapes","floor":39,"turns":10},{"damage":63,"enemies":"Reptomancer","floor":40,"turns":10},{"damage":0,"enemies":"Jaw Worm Horde","floor":41,"turns":6},{"damage":19,"enemies":"Nemesis","floor":44,"turns":9},{"damage":3,"enemies":"Mind Bloom Boss Battle","floor":46,"turns":12},{"damage":7,"enemies":"Spire Growth","floor":48,"turns":6},{"damage":59,"enemies":"Time Eater","floor":50,"turns":11},{"damage":64,"enemies":"Shield and Spear","floor":54,"turns":7},{"damage":86,"enemies":"The Heart","floor":55,"turns":8}],"seed_played":"6373429239318114687","potions_obtained":[{"floor":4,"key":"BloodPotion"},{"floor":5,"key":"LiquidBronze"},{"floor":7,"key":"Weak Potion"},{"floor":16,"key":"Explosive Potion"},{"floor":18,"key":"FearPotion"},{"floor":25,"key":"AttackPotion"},{"floor":27,"key":"FearPotion"},{"floor":39,"key":"Poison Potion"},{"floor":44,"key":"Fire Potion"},{"floor":46,"key":"Poison Potion"},{"floor":48,"key":"FearPotion"},{"floor":54,"key":"PowerPotion"}],"is_trial":false,"path_per_floor":["M","$","M","M","M","R","E","R","T","?","E","M","M","M","R","B",null,"M","?","M","M","$","E","R","M","T","M","R","?","M","M","R","B",null,"M","?","$","M","M","E","M","$","T","E","R","?","?","M","R","B",null,"R","$","E","B",null],"character_chosen":"IRONCLAD","items_purchased":["Hemokinesis","True Grit","Intimidate","Feed","Feel No Pain","Bronze Scales","LiquidBronze","Feel No Pain"],"campfire_rested":0,"item_purchase_floors":[2,2,22,22,37,53,53,53],"current_hp_per_floor":[80,80,80,80,79,79,36,36,36,16,35,38,40,45,45,37,87,87,87,87,87,87,73,73,75,75,81,81,81,83,81,81,13,97,100,95,95,102,107,71,110,110,110,101,101,109,109,120,120,98,124,124,124,85,37],"gold":50,"neow_bonus":"REMOVE_CARD","is_prod":false,"is_daily":false,"chose_seed":false,"campfire_upgraded":8,"win_rate":0,"timestamp":1569974677,"path_taken":["M","$","M","M","M","R","E","R","T","?","E","M","M","M","R","BOSS","M","?","?","M","$","E","R","M","T","M","R","?","M","M","R","BOSS","M","?","$","M","M","E","M","$","T","E","R","?","?","M","R","BOSS","R","$","E","BOSS"],"build_version":"2019-07-17","purchased_purges":3,"victory":true,"max_hp_per_floor":[80,80,80,80,80,80,80,80,80,80,87,87,87,87,87,87,87,87,87,87,87,87,87,87,90,90,90,90,90,94,97,97,97,97,100,100,100,103,107,107,110,110,110,114,114,117,117,120,120,124,124,124,124,124,124],"card_choices":[{"not_picked":["Searing Blow","Havoc"],"picked":"Armaments","floor":1},{"not_picked":["Body Slam","Twin Strike"],"picked":"Shrug It Off","floor":3},{"not_picked":["Flex","Havoc"],"picked":"Shrug It Off","floor":4},{"not_picked":["Clash","Armaments"],"picked":"Flex","floor":5},{"not_picked":["Pummel","Dark Embrace"],"picked":"Thunderclap","floor":7},{"not_picked":["Clothesline","Infernal Blade"],"picked":"Power Through","floor":11},{"not_picked":["Heavy Blade","Ghostly Armor"],"picked":"Anger","floor":12},{"not_picked":["Bloodletting","Thunderclap","Havoc"],"picked":"SKIP","floor":13},{"not_picked":["Thunderclap","Seeing Red"],"picked":"Sword Boomerang","floor":14},{"not_picked":["Feed","Offering"],"picked":"Reaper","floor":16},{"not_picked":["Twin Strike","Dual Wield"],"picked":"True Grit","floor":18},{"not_picked":["Fire Breathing+1","Perfected Strike"],"picked":"Blood for Blood","floor":20},{"not_picked":["Anger","Pummel"],"picked":"Heavy Blade+1","floor":21},{"not_picked":["Berserk","Warcry"],"picked":"Clothesline+1","floor":23},{"not_picked":["Flex","True Grit"],"picked":"Hemokinesis+1","floor":25},{"not_picked":["Sentinel","True Grit"],"picked":"Metallicize","floor":27},{"not_picked":["Cleave","Heavy Blade","Anger"],"picked":"SKIP","floor":30},{"not_picked":["Combust","Headbutt"],"picked":"Body Slam+1","floor":31},{"not_picked":["Berserk","Immolate"],"picked":"Demon Form","floor":33},{"not_picked":["Twin Strike","Clash+1","Clothesline+1"],"picked":"SKIP","floor":35},{"not_picked":["Violence","Mayhem"],"picked":"Panacea","floor":36},{"not_picked":["Headbutt","Cleave+1","Warcry+1"],"picked":"SKIP","floor":38},{"not_picked":["Sever Soul+1","Havoc","Clothesline+1"],"picked":"SKIP","floor":39},{"not_picked":["Flex+1","Searing Blow"],"picked":"Shockwave+1","floor":40},{"not_picked":["Armaments","Wild Strike+1","Burning Pact+1"],"picked":"SKIP","floor":41},{"not_picked":["Entrench+1","Infernal Blade"],"picked":"Pommel Strike+1","floor":44},{"not_picked":["Combust+1","Hemokinesis+1"],"picked":"Dark Embrace","floor":46},{"not_picked":["Thunderclap","Warcry","Armaments+1"],"picked":"SKIP","floor":48},{"not_picked":["Body Slam","Metallicize","Clothesline"],"picked":"SKIP","floor":54}],"player_experience":1326604,"relics_obtained":[{"floor":7,"key":"Art of War"},{"floor":9,"key":"Pen Nib"},{"floor":11,"key":"Strawberry"},{"floor":23,"key":"Bag of Preparation"},{"floor":26,"key":"Thread and Needle"},{"floor":40,"key":"Blood Vial"},{"floor":44,"key":"Happy Flower"},{"floor":46,"key":"StoneCalendar"},{"floor":54,"key":"Red Skull"}],"event_choices":[{"damage_healed":0,"gold_gain":0,"player_choice":"Take Damage","damage_taken":20,"relics_obtained":["Golden Idol"],"max_hp_gain":0,"max_hp_loss":0,"event_name":"Golden Idol","floor":10,"gold_loss":0},{"cards_removed":["Strike_R"],"damage_healed":0,"gold_gain":0,"player_choice":"Upgrade and Remove","damage_taken":0,"max_hp_gain":0,"max_hp_loss":0,"event_name":"Designer","floor":19,"gold_loss":90,"cards_upgraded":["Reaper"]},{"damage_healed":0,"gold_gain":0,"player_choice":"Ignored","damage_taken":0,"max_hp_gain":0,"max_hp_loss":0,"event_name":"Ghosts","floor":29,"gold_loss":0},{"damage_healed":0,"gold_gain":0,"player_choice":"Memory 2","damage_taken":5,"max_hp_gain":0,"max_hp_loss":0,"event_name":"SensoryStone","floor":36,"gold_loss":0},{"damage_healed":0,"gold_gain":0,"player_choice":"Fight","damage_taken":0,"max_hp_gain":0,"max_hp_loss":0,"event_name":"MindBloom","floor":46,"gold_loss":0},{"cards_removed":["Defend_R"],"damage_healed":0,"gold_gain":0,"player_choice":"Removed Skill","damage_taken":0,"max_hp_gain":0,"max_hp_loss":0,"event_name":"Falling","floor":47,"gold_loss":0}],"is_beta":false,"boss_relics":[{"not_picked":["Astrolabe","Black Blood"],"picked":"Coffee Dripper"},{"not_picked":["Black Star","Orrery"],"picked":"Velvet Choker"}],"items_purged_floors":[22,37,42],"is_endless":false,"potions_floor_spawned":[4,5,7,16,18,20,25,27,31,39,44,46,48,54],"ascension_level":0}