{"gold_per_floor":[116,135,6,81,92,92,125,125,125,140,140,157,157,181,181,307,307,322,54,54,54,64,64,64,64,88,10,26,26,26,36,36,136,136,155,165,65,65,65,100,119,119,119,129,147,195,207,226,226,226],"floor_reached":51,"playtime":1489,"items_purged":["Strike_R","Strike_R+1"],"score":679,"play_id":"2dddc7ef-d067-4560-b8c1-0d38fdabdd6e","local_time":"20190801203852","is_ascension_mode":false,"campfire_choices":[{"data":"Bash","floor":6,"key":"SMITH"},{"data":"Inflame","floor":8,"key":"SMITH"},{"data":"True Grit","floor":15,"key":"SMITH"},{"data":"Limit Break","floor":23,"key":"SMITH"},{"data":"Rage","floor":25,"key":"SMITH"},{"data":"Inflame","floor":29,"key":"SMITH"},{"data":"Uppercut","floor":32,"key":"SMITH"},{"floor":49,"key":"REST"}],"neow_cost":"NONE","seed_source_timestamp":871136623586631,"circlet_count":0,"master_deck":["Strike_R+1","Strike_R+1","Strike_R+1","Defend_R+1","Defend_R+1","Defend_R+1","Defend_R+1","Bash+1","True Grit+1","Cleave","Thunderclap","Inflame+1","Thunderclap","Uppercut+1","Brutality","Offering","Limit Break+1","Shrug It Off","Rage+1","Inflame+1","Impervious","Double Tap","Parasite","Doubt","Battle Trance+1","Disarm"],"relics":["Burning Blood","Mango","Champion Belt","Bloody Idol","Sozu","Self Forming Clay","PreservedInsect","Fusion Hammer","Torii","Dodecahedron","Omamori"],"potions_floor_usage":[16,41,50],"damage_taken":[{"damage":2,"enemies":"Small Slimes","floor":1,"turns":3},{"damage":1,"enemies":"Cultist","floor":2,"turns":3},{"damage":6,"enemies":"Jaw Worm","floor":5,"turns":3},{"damage":45,"enemies":"Lagavulin","floor":7,"turns":8},{"damage":8,"enemies":"Exordium Wildlife","floor":10,"turns":5},{"damage":1,"enemies":"2 Fungi Beasts","floor":12,"turns":3},{"damage":2,"enemies":"Blue Slaver","floor":14,"turns":5},{"damage":61,"enemies":"Hexaghost","floor":16,"turns":11},{"damage":16,"enemies":"Shell Parasite","floor":18,"turns":5},{"damage":9,"enemies":"3 Byrds","floor":22,"turns":4},{"damage":19,"enemies":"3 Cultists","floor":28,"turns":4},{"damage":7,"enemies":"Snake Plant","floor":31,"turns":3},{"damage":49,"enemies":"Champ","floor":33,"turns":8},{"damage":20,"enemies":"3 Darklings","floor":35,"turns":4},{"damage":8,"enemies":"Orb Walker","floor":36,"turns":3},{"damage":31,"enemies":"Nemesis","floor":40,"turns":5},{"damage":27,"enemies":"Writhing Mass","floor":41,"turns":6},{"damage":10,"enemies":"Transient","floor":44,"turns":5},{"damage":7,"enemies":"Spire Growth","floor":45,"turns":3},{"damage":9,"enemies":"Maw","floor":47,"turns":6},{"damage":9,"enemies":"Jaw Worm Horde","floor":48,"turns":4},{"damage":51,"enemies":"Awakened One","floor":50,"turns":9}],"seed_played":"4660467923248418044","potions_obtained":[{"floor":1,"key":"BloodPotion"},{"floor":5,"key":"GamblersBrew"},{"floor":16,"key":"Strength Potion"}],"is_trial":false,"path_per_floor":["M","M","$","?","M","R","E","R","T","M","?","M","?","M","R","B",null,"M","$","?","?","M","R","$","R","T","$","M","R","?","M","R","B",null,"M","M","$","?","?","E","M","?","T","M","M","T","M","M","R","B",null],"character_chosen":"IRONCLAD","items_purchased":["Cleave","Shrug It Off","Self Forming Clay","Inflame"],"campfire_rested":1,"item_purchase_floors":[3,19,19,27],"current_hp_per_floor":[88,88,88,77,77,77,52,52,52,50,50,55,55,59,59,27,94,84,84,84,84,86,86,86,86,91,91,83,83,83,87,87,49,94,85,88,88,88,88,68,52,89,89,89,89,89,89,89,89,44],"gold":226,"neow_bonus":"TEN_PERCENT_HP_BONUS","is_prod":false,"is_daily":false,"chose_seed":false,"campfire_upgraded":7,"win_rate":0,"timestamp":1564706332,"path_taken":["M","M","$","?","M","R","E","R","T","M","?","?","?","M","R","BOSS","M","$","?","?","M","R","$","R","T","?","M","R","?","M","R","BOSS","M","M","$","?","?","E","M","?","T","M","M","?","?","M","R","BOSS"],"build_version":"2019-07-17","purchased_purges":2,"victory":true,"max_hp_per_floor":[88,88,88,88,88,88,102,102,102,102,102,102,94,94,94,94,94,94,94,94,94,94,94,94,94,94,94,94,94,94,94,94,94,94,94,94,94,89,89,89,89,89,89,89,89,89,89,89,89,89],"card_choices":[{"not_picked":["Whirlwind","Clothesline","Armaments"],"picked":"SKIP","floor":1},{"not_picked":["Sword Boomerang","Bloodletting"],"picked":"True Grit","floor":2},{"not_picked":["Warcry","Pommel Strike"],"picked":"Thunderclap","floor":5},{"not_picked":["True Grit","Cleave"],"picked":"Inflame","floor":7},{"not_picked":["Armaments","Pummel"],"picked":"Thunderclap","floor":10},{"not_picked":["Armaments","Fire Breathing"],"picked":"Offering","floor":12},{"not_picked":["Pommel Strike","Clothesline","Dual Wield"],"picked":"SKIP","floor":14},{"not_picked":["Double Tap","Exhume"],"picked":"Limit Break","floor":16},{"not_picked":["Heavy Blade","Power Through","Body Slam"],"picked":"SKIP","floor":18},{"not_picked":["Heavy Blade","Flex+1"],"picked":"Rage","floor":22},{"not_picked":["Seeing Red","Wild Strike+1"],"picked":"Impervious","floor":28},{"not_picked":["True Grit","Heavy Blade+1","Brutality"],"picked":"SKIP","floor":31},{"not_picked":["Feed","Offering"],"picked":"Double Tap","floor":33},{"not_picked":["Iron Wave+1","Clash","Cleave"],"picked":"SKIP","floor":35},{"not_picked":["Warcry+1","Second Wind","Clothesline"],"picked":"SKIP","floor":36},{"not_picked":["Burning Pact+1","Clash","Thunderclap+1"],"picked":"SKIP","floor":40},{"not_picked":["Sword Boomerang","Flex+1","Cleave+1"],"picked":"SKIP","floor":41},{"not_picked":["Thunderclap","Body Slam"],"picked":"Battle Trance+1","floor":44},{"not_picked":["Whirlwind+1","Clothesline+1","Headbutt+1"],"picked":"SKIP","floor":45},{"not_picked":["Cleave","Body Slam","Metallicize+1"],"picked":"SKIP","floor":47},{"not_picked":["Intimidate+1","Brutality"],"picked":"Disarm","floor":48}],"player_experience":1206990,"relics_obtained":[{"floor":7,"key":"Mango"},{"floor":9,"key":"Champion Belt"},{"floor":26,"key":"PreservedInsect"},{"floor":40,"key":"Torii"},{"floor":43,"key":"Dodecahedron"},{"floor":46,"key":"Omamori"}],"event_choices":[{"damage_healed":0,"gold_gain":75,"player_choice":"Gather Gold","damage_taken":11,"max_hp_gain":0,"max_hp_loss":0,"event_name":"World of Goop","floor":4,"gold_loss":0},{"damage_healed":0,"gold_gain":0,"player_choice":"2 cards matched","damage_taken":0,"max_hp_gain":0,"max_hp_loss":0,"event_name":"Match and Keep!","floor":11,"gold_loss":0,"cards_obtained":["Uppercut","Brutality"]},{"damage_healed":0,"gold_gain":0,"player_choice":"Lose Max HP","damage_taken":0,"relics_obtained":["Golden Idol"],"max_hp_gain":0,"max_hp_loss":8,"event_name":"Golden Idol","floor":13,"gold_loss":0},{"damage_healed":0,"gold_gain":0,"player_choice":"Ignored","damage_taken":0,"max_hp_gain":0,"max_hp_loss":0,"event_name":"Ghosts","floor":20,"gold_loss":0},{"damage_healed":0,"gold_gain":0,"player_choice":"Gave Idol","damage_taken":0,"relics_obtained":["Bloody Idol"],"max_hp_gain":0,"max_hp_loss":0,"event_name":"Forgotten Altar","floor":21,"relics_lost":["Golden Idol"],"gold_loss":0},{"damage_healed":0,"gold_gain":0,"player_choice":"Simplicity","damage_taken":0,"max_hp_gain":0,"max_hp_loss":0,"event_name":"Back to Basics","floor":30,"gold_loss":0,"cards_upgraded":["Strike_R","Strike_R","Strike_R","Strike_R","Defend_R","Defend_R","Defend_R","Defend_R"]},{"damage_healed":0,"gold_gain":0,"player_choice":"Max HP","damage_taken":0,"max_hp_gain":0,"max_hp_loss":5,"event_name":"Winding Halls","floor":38,"gold_loss":0},{"damage_healed":0,"gold_gain":0,"player_choice":"Ignored","damage_taken":0,"max_hp_gain":0,"max_hp_loss":0,"event_name":"Mysterious Sphere","floor":39,"gold_loss":0},{"damage_healed":37,"gold_gain":0,"player_choice":"Heal","damage_taken":0,"max_hp_gain":0,"max_hp_loss":0,"event_name":"MindBloom","floor":42,"gold_loss":0,"cards_obtained":["Doubt"]}],"is_beta":false,"boss_relics":[{"not_picked":["Black Star","Black Blood"],"picked":"Sozu"},{"not_picked":["Busted Crown","Calling Bell"],"picked":"Fusion Hammer"}],"items_purged_floors":[3,37],"is_endless":false,"potions_floor_spawned":[1,5,16,18,28,31,36,44,47,48],"ascension_level":0}