{"gold_per_floor":[111,131,131,131,152,152,191,191,191,191,206,230,270,284,284,403,403,426,446,446,446,471,471,471,471,471,471,506,227,227,258,258,381,381,399,413,56,79,79,123,144,144,199,220,220,261,261,296,296,296],"floor_reached":51,"playtime":5590,"items_purged":["Pain","Strike_R"],"score":1233,"play_id":"e12305b4-39e5-486d-a474-6d43d758c1d7","local_time":"20191015042042","is_ascension_mode":true,"campfire_choices":[{"data":"True Grit","floor":6.0,"key":"SMITH"},{"data":"Demon Form","floor":10.0,"key":"SMITH"},{"floor":15.0,"key":"REST"},{"data":"True Grit","floor":23.0,"key":"SMITH"},{"data":"Ghostly","floor":25.0,"key":"SMITH"},{"data":"Ghostly","floor":27.0,"key":"SMITH"},{"data":"Ghostly","floor":30.0,"key":"SMITH"},{"data":"Ghostly","floor":32.0,"key":"SMITH"},{"data":"Limit Break","floor":42.0,"key":"SMITH"},{"data":"Ghostly","floor":47,"key":"SMITH"},{"data":"Shockwave","floor":49,"key":"SMITH"}],"neow_cost":"NONE","seed_source_timestamp":0,"circlet_count":0,"master_deck":["Strike_R","Strike_R+1","Strike_R","Strike_R","Defend_R+1","Defend_R","Defend_R","Defend_R","True Grit+1","Demon Form+1","Heavy Blade+1","Limit Break+1","True Grit+1","Sword Boomerang","Reaper","Shrug It Off","Impervious","Ghostly+1","Ghostly+1","Ghostly+1","Ghostly+1","Ghostly+1","RitualDagger","Entrench+1","Feed","Shockwave+1","Disarm+1"],"special_seed":0,"relics":["Burning Blood","Anchor","Golden Idol","The Courier","WarpedTongs","Whetstone","Sundial","Snecko Eye","Potion Belt","Ancient Tea Set","Dream Catcher","Orichalcum","Mummified Hand","Coffee Dripper","Matryoshka","Lantern","Omamori","Bronze Scales","War Paint","Red Skull"],"potions_floor_usage":[50,50,50,50,50,50],"damage_taken":[{"damage":7.0,"enemies":"Small Slimes","floor":1.0,"turns":5.0},{"damage":3.0,"enemies":"2 Louse","floor":2.0,"turns":4.0},{"damage":1.0,"enemies":"Cultist","floor":5.0,"turns":5.0},{"damage":21.0,"enemies":"3 Sentries","floor":7.0,"turns":6.0},{"damage":16.0,"enemies":"Gremlin Gang","floor":11.0,"turns":7.0},{"damage":1.0,"enemies":"Large Slime","floor":12.0,"turns":6.0},{"damage":21.0,"enemies":"Gremlin Nob","floor":13.0,"turns":4.0},{"damage":4.0,"enemies":"3 Louse","floor":14.0,"turns":5.0},{"damage":49.0,"enemies":"Slime Boss","floor":16.0,"turns":10.0},{"damage":7.0,"enemies":"Chosen","floor":18.0,"turns":5.0},{"damage":11.0,"enemies":"Shell Parasite","floor":19.0,"turns":7.0},{"damage":20.0,"enemies":"Centurion and Healer","floor":22.0,"turns":5.0},{"damage":4.0,"enemies":"Gremlin Leader","floor":28.0,"turns":11.0},{"damage":0.0,"enemies":"Book of Stabbing","floor":31.0,"turns":4.0},{"damage":8.0,"enemies":"Champ","floor":33.0,"turns":13.0},{"damage":0.0,"enemies":"3 Shapes","floor":35.0,"turns":5.0},{"damage":15.0,"enemies":"Orb Walker","floor":36.0,"turns":6.0},{"damage":7.0,"enemies":"Jaw Worm Horde","floor":38.0,"turns":5.0},{"damage":0.0,"enemies":"Giant Head","floor":40.0,"turns":7.0},{"damage":20.0,"enemies":"Sphere and 2 Shapes","floor":41.0,"turns":8.0},{"damage":1.0,"enemies":"4 Shapes","floor":44.0,"turns":5.0},{"damage":0.0,"enemies":"Nemesis","floor":46.0,"turns":11.0},{"damage":22,"enemies":"Reptomancer","floor":48,"turns":6},{"damage":4,"enemies":"Time Eater","floor":50,"turns":11}],"seed_played":"3097997652060097699","potions_obtained":[{"floor":1.0,"key":"SkillPotion"},{"floor":5.0,"key":"SkillPotion"},{"floor":11.0,"key":"SteroidPotion"},{"floor":12.0,"key":"Energy Potion"},{"floor":19.0,"key":"EntropicBrew"},{"floor":38.0,"key":"SkillPotion"},{"floor":39.0,"key":"Regen Potion"},{"floor":39.0,"key":"EntropicBrew"},{"floor":44.0,"key":"FearPotion"},{"floor":46.0,"key":"SpeedPotion"},{"floor":48,"key":"LiquidBronze"}],"is_trial":false,"path_per_floor":["M","M","?","?","M","R","E","?","T","R","M","M","E","M","R","B",null,"M","M","?","?","M","R","?","R","T","R","E","$","R","E","R","B",null,"M","M","$","M","?","E","M","R","T","M","?","E","R","E","R","B",null],"character_chosen":"IRONCLAD","items_purchased":["Entrench","Orichalcum","Fire Potion","Matryoshka","Fruit Juice"],"campfire_rested":1,"item_purchase_floors":[29,29,29,37,37],"current_hp_per_floor":[71,74,74,54,59,59,44,44,44,44,34,39,24,30,54,59,75,80,80,40,34,40,40,40,40,40,40,40,40,40,40,40,40,40,44,38,38,45,45,58,61,61,61,64,64,68,68,71,71,71],"gold":296,"neow_bonus":"RANDOM_COMMON_RELIC","is_prod":false,"is_daily":false,"chose_seed":false,"campfire_upgraded":10,"win_rate":0,"timestamp":1571127642,"path_taken":["M","M","?","?","M","R","E","?","T","R","M","?","E","?","R","BOSS","M","M","?","?","M","R","?","R","T","R","E","$","R","E","R","BOSS","M","M","$","M","?","E","?","R","T","?","?","E","R","E","R","BOSS"],"build_version":"2019-07-17","purchased_purges":2,"victory":true,"max_hp_per_floor":[80,80,80,80,80,80,80,80,80,80,80,80,80,80,80,80,80,80,80,40,40,40,40,40,40,40,40,40,40,40,40,40,40,40,44,47,47,55,55,58,61,61,61,64,64,68,68,71,71,71],"card_choices":[{"not_picked":["Bloodletting","Burning Pact"],"picked":"True Grit","floor":1.0},{"not_picked":["Havoc","Infernal Blade"],"picked":"Inflame","floor":2.0},{"not_picked":["True Grit","Fiend Fire"],"picked":"Heavy Blade","floor":5.0},{"not_picked":["Body Slam","Perfected Strike"],"picked":"Limit Break","floor":7.0},{"not_picked":["Twin Strike","Flex"],"picked":"True Grit","floor":11.0},{"not_picked":["Armaments","Metallicize"],"picked":"Sword Boomerang","floor":12.0},{"not_picked":["Flex","Dual Wield"],"picked":"Reaper","floor":13.0},{"not_picked":["Pommel Strike","Combust"],"picked":"Shrug It Off","floor":14.0},{"not_picked":["Limit Break","Dark Embrace"],"picked":"Impervious","floor":16.0},{"not_picked":["Evolve","Infernal Blade","Wild Strike"],"picked":"SKIP","floor":18.0},{"not_picked":["Cleave","Shrug It Off","Pommel Strike"],"picked":"SKIP","floor":19.0},{"not_picked":["Havoc","Sword Boomerang","Anger"],"picked":"SKIP","floor":22.0},{"not_picked":["Burning Pact+1","Infernal Blade","Clash"],"picked":"SKIP","floor":28.0},{"not_picked":["Burning Pact","Blood for Blood","Shrug It Off"],"picked":"SKIP","floor":31.0},{"not_picked":["Limit Break","Brutality"],"picked":"Feed","floor":33.0},{"not_picked":["Pommel Strike+1","Iron Wave+1","Clothesline"],"picked":"SKIP","floor":35.0},{"not_picked":["Corruption","Flex"],"picked":"Shockwave","floor":36.0},{"not_picked":["Cleave","Dropkick","Flex"],"picked":"SKIP","floor":38.0},{"not_picked":["Clash+1","Heavy Blade+1"],"picked":"Disarm+1","floor":40.0},{"not_picked":["Shrug It Off+1","Warcry","Fire Breathing"],"picked":"SKIP","floor":41.0},{"not_picked":["Seeing Red","Pummel","Anger"],"picked":"SKIP","floor":44.0},{"not_picked":["Feed","Thunderclap","Immolate"],"picked":"SKIP","floor":46.0},{"not_picked":["Cleave","Seeing Red","Warcry+1"],"picked":"SKIP","floor":48}],"player_experience":797188,"relics_obtained":[{"floor":7.0,"key":"The Courier"},{"floor":9.0,"key":"Whetstone"},{"floor":13.0,"key":"Sundial"},{"floor":26.0,"key":"Ancient Tea Set"},{"floor":28.0,"key":"Dream Catcher"},{"floor":31.0,"key":"Mummified Hand"},{"floor":40.0,"key":"Lantern"},{"floor":43.0,"key":"Omamori"},{"floor":43.0,"key":"Bronze Scales"},{"floor":46.0,"key":"War Paint"},{"floor":48,"key":"Red Skull"}],"event_choices":[{"damage_healed":0.0,"max_hp_gain":0.0,"max_hp_loss":0.0,"gold_gain":0.0,"cards_transformed":["Inflame"],"event_name":"Living Wall","player_choice":"Change","floor":3.0,"gold_loss":0.0,"damage_taken":0.0,"cards_obtained":["Demon Form"]},{"damage_healed":0.0,"max_hp_gain":0.0,"max_hp_loss":0.0,"gold_gain":0.0,"event_name":"Golden Idol","player_choice":"Take Damage","floor":4.0,"gold_loss":0.0,"damage_taken":20.0,"relics_obtained":["Golden Idol"]},{"damage_healed":0.0,"max_hp_gain":0.0,"max_hp_loss":0.0,"gold_gain":0.0,"event_name":"Accursed Blacksmith","player_choice":"Rummage","floor":8.0,"gold_loss":0.0,"damage_taken":0.0,"relics_obtained":["WarpedTongs"],"cards_obtained":["Pain"]},{"damage_healed":0.0,"max_hp_gain":0.0,"max_hp_loss":40.0,"gold_gain":0.0,"event_name":"Ghosts","player_choice":"Became a Ghost","floor":20.0,"gold_loss":0.0,"damage_taken":0.0,"cards_obtained":["Ghostly","Ghostly","Ghostly","Ghostly","Ghostly"]},{"damage_healed":0.0,"max_hp_gain":0.0,"max_hp_loss":0.0,"gold_gain":0.0,"event_name":"Nest","player_choice":"Joined the Cult","floor":21.0,"gold_loss":0.0,"damage_taken":6.0,"cards_obtained":["RitualDagger"]},{"damage_healed":0.0,"max_hp_gain":0.0,"max_hp_loss":0.0,"gold_gain":0.0,"event_name":"The Mausoleum","player_choice":"Opened","floor":24.0,"gold_loss":0.0,"damage_taken":0.0,"relics_obtained":["Potion Belt"]},{"damage_healed":0.0,"max_hp_gain":0.0,"max_hp_loss":0.0,"gold_gain":0.0,"event_name":"Lab","player_choice":"Got Potions","floor":39.0,"gold_loss":0.0,"damage_taken":0.0},{"cards_removed":["Bash"],"damage_healed":0.0,"max_hp_gain":0.0,"max_hp_loss":0.0,"gold_gain":0.0,"event_name":"Falling","player_choice":"Removed Attack","floor":45.0,"gold_loss":0.0,"damage_taken":0.0}],"is_beta":false,"boss_relics":[{"not_picked":["Astrolabe","Empty Cage"],"picked":"Snecko Eye"},{"not_picked":["Cursed Key","Eternal Feather"],"picked":"Coffee Dripper"}],"items_purged_floors":[29,37],"is_endless":false,"potions_floor_spawned":[1,5,11,12,19,38,44,46,48],"ascension_level":9}