{"gold_per_floor":[112,112,129,54,54,81,81,112,112,130,161,161,19,55,55,151,151,165,181,32,72,97,97,137,137,137,171,171,215,215,246,246,339,339,359,380,380,505,529,564,598,641,641,675,711,711,746,174,174,174],"floor_reached":51,"playtime":3230,"items_purged":["Injury","Strike_R"],"score":1847,"play_id":"e913d87a-2f84-4243-a457-0cff5ffb49b5","local_time":"20191008131206","is_ascension_mode":true,"campfire_choices":[{"data":"Bash","floor":7.0,"key":"SMITH"},{"data":"Demon Form","floor":15.0,"key":"SMITH"},{"floor":23.0,"key":"REST"},{"data":"Uppercut","floor":28.0,"key":"SMITH"},{"floor":30.0,"key":"REST"},{"floor":32.0,"key":"REST"},{"floor":49,"key":"REST"}],"neow_cost":"NONE","seed_source_timestamp":1289809016720400,"circlet_count":0,"master_deck":["AscendersBane","Strike_R","Strike_R","Strike_R","Defend_R+1","Defend_R+1","Defend_R","Defend_R","Bash+1","Disarm","Sword Boomerang","Demon Form+1","Twin Strike","Ghostly Armor","Offering","Flame Barrier+1","Shockwave","Pummel+1","Uppercut+1","Impervious","Dual Wield","True Grit+1","True Grit+1","Second Wind+1","Carnage","Armaments+1","Disarm"],"special_seed":0,"relics":["Burning Blood","NeowsBlessing","Turnip","WingedGreaves","Mango","Ice Cream","Darkstone Periapt","Golden Idol","Dead Branch","Snecko Eye","Sling","Red Mask","Du-Vu Doll","MutagenicStrength","Question Card","Smiling Mask","Kunai","Omamori","Velvet Choker","Magic Flower","CloakClasp","Orichalcum","Ancient Tea Set","Blue Candle","Meat on the Bone","Akabeko","Vajra","War Paint","Frozen Eye","Lantern"],"potions_floor_usage":[50],"damage_taken":[{"damage":0.0,"enemies":"Jaw Worm","floor":1.0,"turns":1.0},{"damage":0.0,"enemies":"2 Louse","floor":3.0,"turns":1.0},{"damage":0.0,"enemies":"Gremlin Nob","floor":6.0,"turns":1.0},{"damage":44.0,"enemies":"Lagavulin","floor":8.0,"turns":5.0},{"damage":0.0,"enemies":"Cultist","floor":10.0,"turns":4.0},{"damage":48.0,"enemies":"3 Sentries","floor":11.0,"turns":9.0},{"damage":13.0,"enemies":"Lagavulin","floor":14.0,"turns":5.0},{"damage":11.0,"enemies":"The Guardian","floor":16.0,"turns":13.0},{"damage":3.0,"enemies":"Chosen","floor":18.0,"turns":3.0},{"damage":6.0,"enemies":"3 Byrds","floor":19.0,"turns":3.0},{"damage":33.0,"enemies":"Masked Bandits","floor":21.0,"turns":5.0},{"damage":12.0,"enemies":"Snake Plant","floor":22.0,"turns":3.0},{"damage":27.0,"enemies":"Slavers","floor":24.0,"turns":4.0},{"damage":5.0,"enemies":"Book of Stabbing","floor":27.0,"turns":4.0},{"damage":23.0,"enemies":"Slavers","floor":29.0,"turns":5.0},{"damage":21.0,"enemies":"Book of Stabbing","floor":31.0,"turns":4.0},{"damage":58.0,"enemies":"Champ","floor":33.0,"turns":7.0},{"damage":44.0,"enemies":"3 Darklings","floor":35.0,"turns":5.0},{"damage":0.0,"enemies":"Orb Walker","floor":36.0,"turns":3.0},{"damage":0.0,"enemies":"Mind Bloom Boss Battle","floor":38.0,"turns":5.0},{"damage":12.0,"enemies":"Sphere and 2 Shapes","floor":39.0,"turns":4.0},{"damage":10.0,"enemies":"Giant Head","floor":40.0,"turns":5.0},{"damage":16.0,"enemies":"Reptomancer","floor":41.0,"turns":5.0},{"damage":3.0,"enemies":"Nemesis","floor":42.0,"turns":5.0},{"damage":29.0,"enemies":"Reptomancer","floor":44.0,"turns":4.0},{"damage":0,"enemies":"Giant Head","floor":45,"turns":5},{"damage":0,"enemies":"Nemesis","floor":47,"turns":5},{"damage":25,"enemies":"Awakened One","floor":50,"turns":9}],"seed_played":"1063733795575207779","potions_obtained":[{"floor":3.0,"key":"Strength Potion"},{"floor":11.0,"key":"EssenceOfSteel"},{"floor":14.0,"key":"Energy Potion"},{"floor":21.0,"key":"LiquidBronze"},{"floor":24.0,"key":"FearPotion"},{"floor":36.0,"key":"ElixirPotion"},{"floor":38.0,"key":"Block Potion"},{"floor":40.0,"key":"Strength Potion"},{"floor":44.0,"key":"DuplicationPotion"}],"is_trial":false,"path_per_floor":["M","?","M","?","?","E","R","E","T","M","E","?","$","E","R","B",null,"M","M","$","?","M","R","E","?","T","E","R","E","R","E","R","B",null,"M","M","?","?","M","E","E","E","T","E","E","?","E","$","R","B",null],"character_chosen":"IRONCLAD","items_purchased":["Ghostly Armor","Sling","War Paint","Frozen Eye","Disarm","Lantern"],"campfire_rested":4,"item_purchase_floors":[13,20,48,48,48,48],"current_hp_per_floor":[74,63,69,69,69,75,75,51,51,57,15,21,21,14,14,9,74,77,77,77,50,44,72,51,51,51,52,52,35,63,48,76,24,77,39,45,45,51,48,47,40,46,46,26,53,53,62,62,89,73],"gold":174,"neow_bonus":"THREE_ENEMY_KILL","is_prod":false,"is_daily":false,"chose_seed":false,"campfire_upgraded":3,"win_rate":0,"timestamp":1570533126,"path_taken":["M","?","M","?","?","E","R","E","T","?","E","?","$","E","R","BOSS","M","M","$","?","M","R","E","?","T","E","R","E","R","E","R","BOSS","M","M","?","?","M","E","E","E","T","E","E","?","E","$","R","BOSS"],"build_version":"2019-10-07","purchased_purges":2,"victory":true,"max_hp_per_floor":[75,75,75,75,75,75,75,89,89,89,89,95,95,95,95,95,95,95,95,95,95,95,95,95,95,95,95,95,95,95,95,95,95,95,95,95,90,90,90,90,90,90,90,90,90,90,90,90,90,90],"card_choices":[{"not_picked":["Flex","Heavy Blade","Clash"],"picked":"SKIP","floor":1.0},{"not_picked":["Body Slam","Evolve"],"picked":"Disarm","floor":3.0},{"not_picked":["Cleave","Rupture"],"picked":"Sword Boomerang","floor":6.0},{"not_picked":["Twin Strike","Sword Boomerang"],"picked":"Demon Form","floor":8.0},{"not_picked":["Clothesline","Brutality"],"picked":"Twin Strike","floor":10.0},{"not_picked":["Feel No Pain","Heavy Blade","Fire Breathing"],"picked":"SKIP","floor":11.0},{"not_picked":["Havoc","Intimidate","Barricade"],"picked":"SKIP","floor":14.0},{"not_picked":["Juggernaut","Demon Form"],"picked":"Offering","floor":16.0},{"not_picked":["Clothesline","Whirlwind"],"picked":"Flame Barrier+1","floor":18.0},{"not_picked":["Reckless Charge","Flex","Perfected Strike"],"picked":"SKIP","floor":19.0},{"not_picked":["Perfected Strike","Twin Strike"],"picked":"Shockwave","floor":21.0},{"not_picked":["Sword Boomerang","Bludgeon"],"picked":"Pummel+1","floor":22.0},{"not_picked":["Pommel Strike","Warcry"],"picked":"Uppercut","floor":24.0},{"not_picked":["Sword Boomerang","Anger","Clothesline","Double Tap"],"picked":"SKIP","floor":27.0},{"not_picked":["Burning Pact","Wild Strike","Flex","Body Slam"],"picked":"SKIP","floor":29.0},{"not_picked":["Body Slam","Ghostly Armor","Bloodletting","Seeing Red"],"picked":"SKIP","floor":31.0},{"not_picked":["Bludgeon","Feed","Brutality"],"picked":"Impervious","floor":33.0},{"not_picked":["Anger+1","Rampage","Sword Boomerang","Perfected Strike+1"],"picked":"SKIP","floor":35.0},{"not_picked":["Thunderclap+1","Headbutt","Barricade"],"picked":"Dual Wield","floor":36.0},{"not_picked":["Anger","Iron Wave","Sword Boomerang"],"picked":"True Grit+1","floor":38.0},{"not_picked":["Clash","Body Slam+1","Headbutt+1"],"picked":"True Grit+1","floor":39.0},{"not_picked":["Brutality","True Grit+1","Bludgeon"],"picked":"Second Wind+1","floor":40.0},{"not_picked":["Thunderclap+1","Body Slam","Anger","Clash"],"picked":"SKIP","floor":41.0},{"not_picked":["Heavy Blade","Bloodletting","Burning Pact","Sword Boomerang"],"picked":"SKIP","floor":42.0},{"not_picked":["Combust","Dual Wield","Sword Boomerang","Dropkick+1"],"picked":"SKIP","floor":44.0},{"not_picked":["Bloodletting","Dual Wield","Perfected Strike"],"picked":"Carnage","floor":45},{"not_picked":["Carnage","Thunderclap","Perfected Strike+1"],"picked":"Armaments+1","floor":47}],"player_experience":965545,"relics_obtained":[{"floor":6.0,"key":"WingedGreaves"},{"floor":8.0,"key":"Mango"},{"floor":9.0,"key":"Ice Cream"},{"floor":11.0,"key":"Darkstone Periapt"},{"floor":14.0,"key":"Dead Branch"},{"floor":21.0,"key":"Red Mask"},{"floor":24.0,"key":"Du-Vu Doll"},{"floor":26.0,"key":"Question Card"},{"floor":27.0,"key":"Smiling Mask"},{"floor":29.0,"key":"Kunai"},{"floor":31.0,"key":"Omamori"},{"floor":38.0,"key":"Magic Flower"},{"floor":40.0,"key":"CloakClasp"},{"floor":41.0,"key":"Orichalcum"},{"floor":42.0,"key":"Ancient Tea Set"},{"floor":43.0,"key":"Blue Candle"},{"floor":44.0,"key":"Meat on the Bone"},{"floor":45,"key":"Akabeko"},{"floor":47,"key":"Vajra"}],"event_choices":[{"damage_healed":0.0,"max_hp_gain":0.0,"max_hp_loss":0.0,"gold_gain":0.0,"event_name":"Scrap Ooze","player_choice":"Success","floor":2.0,"gold_loss":0.0,"damage_taken":11.0,"relics_obtained":["Turnip"]},{"cards_removed":["Strike_R"],"damage_healed":0.0,"max_hp_gain":0.0,"max_hp_loss":0.0,"gold_gain":0.0,"event_name":"The Cleric","player_choice":"Card Removal","floor":4.0,"gold_loss":75.0,"damage_taken":0.0},{"damage_healed":0.0,"max_hp_gain":0.0,"max_hp_loss":0.0,"gold_gain":0.0,"event_name":"Match and Keep!","player_choice":"0 cards matched","floor":5.0,"gold_loss":0.0,"damage_taken":0.0,"cards_obtained":[]},{"damage_healed":0.0,"max_hp_gain":0.0,"max_hp_loss":0.0,"gold_gain":0.0,"event_name":"Golden Idol","player_choice":"Take Wound","floor":12.0,"gold_loss":0.0,"damage_taken":0.0,"relics_obtained":["Golden Idol"],"cards_obtained":["Injury"]},{"damage_healed":0.0,"max_hp_gain":0.0,"max_hp_loss":0.0,"gold_gain":0.0,"event_name":"Masked Bandits","player_choice":"Fought Bandits","floor":21.0,"gold_loss":0.0,"damage_taken":0.0},{"damage_healed":0.0,"max_hp_gain":0.0,"max_hp_loss":0.0,"gold_gain":0.0,"event_name":"Drug Dealer","player_choice":"Inject Mutagens","floor":25.0,"gold_loss":0.0,"damage_taken":0.0,"relics_obtained":["MutagenicStrength"]},{"damage_healed":0.0,"max_hp_gain":0.0,"max_hp_loss":5.0,"gold_gain":0.0,"event_name":"Winding Halls","player_choice":"Max HP","floor":37.0,"gold_loss":0.0,"damage_taken":0.0},{"damage_healed":0.0,"max_hp_gain":0.0,"max_hp_loss":0.0,"gold_gain":0.0,"event_name":"MindBloom","player_choice":"Fight","floor":38.0,"gold_loss":0.0,"damage_taken":0.0},{"damage_healed":0,"gold_gain":0,"player_choice":"Memory 1","damage_taken":0,"max_hp_gain":0,"max_hp_loss":0,"event_name":"SensoryStone","floor":46,"gold_loss":0}],"is_beta":true,"boss_relics":[{"not_picked":["Pandora\u0027s Box","SacredBark"],"picked":"Snecko Eye"},{"not_picked":["Runic Dome","Runic Cube"],"picked":"Velvet Choker"}],"items_purged_floors":[13,48],"is_endless":false,"potions_floor_spawned":[3,11,14,21,22,24,36,38,40,44],"ascension_level":15}