{"gold_per_floor":[111,57,77,2,22,53,73,105,105,105,122,41,55,89,89,166,166,183,193,193,213,213,248,248,262,289,321,333,371,383,408,420,509,521,546,572,684,696,725,737,749],"floor_reached":41,"playtime":2502,"items_purged":[],"score":828,"play_id":"47d4edf6-8346-43be-bc7e-e9915b7e2495","local_time":"20191007225806","is_ascension_mode":true,"campfire_choices":[{"floor":10.0,"key":"REST"},{"data":"Genetic Algorithm","floor":15.0,"key":"SMITH"},{"data":"Sunder","floor":24.0,"key":"SMITH"},{"data":"Electrodynamics","floor":32.0,"key":"SMITH"},{"floor":40,"key":"RECALL"}],"neow_cost":"NONE","seed_source_timestamp":1239248611966300,"circlet_count":0,"master_deck":["AscendersBane","Strike_B","Defend_B","Defend_B","Defend_B","Defend_B","Zap","Conserve Battery","Go for the Eyes","Steam","Sweeping Beam","Ball Lightning","Echo Form","Hologram","Genetic Algorithm+1","Electrodynamics+1","Tempest+1","Steam+1","Machine Learning+1","Self Repair","Sunder+1","Undo","Coolheaded","Electrodynamics","Coolheaded","Core Surge"],"special_seed":0,"relics":["Cracked Core","Oddly Smooth Stone","Omamori","CaptainsWheel","Calipers","Eternal Feather","Astrolabe","MutagenicStrength","Centennial Puzzle","Toy Ornithopter","MawBank","Art of War","Fusion Hammer","Dead Branch"],"potions_floor_usage":[],"damage_taken":[{"damage":6.0,"enemies":"Jaw Worm","floor":1.0,"turns":2.0},{"damage":0.0,"enemies":"Small Slimes","floor":3.0,"turns":3.0},{"damage":0.0,"enemies":"2 Louse","floor":5.0,"turns":2.0},{"damage":14.0,"enemies":"Lagavulin","floor":6.0,"turns":9.0},{"damage":0.0,"enemies":"Red Slaver","floor":7.0,"turns":3.0},{"damage":36.0,"enemies":"Gremlin Nob","floor":8.0,"turns":4.0},{"damage":0.0,"enemies":"Looter","floor":11.0,"turns":3.0},{"damage":3.0,"enemies":"Gremlin Gang","floor":13.0,"turns":2.0},{"damage":11.0,"enemies":"3 Sentries","floor":14.0,"turns":5.0},{"damage":21.0,"enemies":"Hexaghost","floor":16.0,"turns":10.0},{"damage":1.0,"enemies":"2 Thieves","floor":18.0,"turns":3.0},{"damage":9.0,"enemies":"Chosen","floor":19.0,"turns":6.0},{"damage":16.0,"enemies":"Snake Plant","floor":21.0,"turns":5.0},{"damage":28.0,"enemies":"Gremlin Leader","floor":23.0,"turns":6.0},{"damage":0.0,"enemies":"Snecko","floor":25.0,"turns":6.0},{"damage":3.0,"enemies":"Book of Stabbing","floor":27.0,"turns":7.0},{"damage":30.0,"enemies":"Gremlin Leader","floor":29.0,"turns":5.0},{"damage":4.0,"enemies":"Cultist and Chosen","floor":31.0,"turns":7.0},{"damage":45.0,"enemies":"Automaton","floor":33.0,"turns":13.0},{"damage":16,"enemies":"3 Shapes","floor":35,"turns":2},{"damage":9,"enemies":"Orb Walker","floor":36,"turns":4},{"damage":0,"enemies":"Mind Bloom Boss Battle","floor":37,"turns":6},{"damage":4,"enemies":"Transient","floor":39,"turns":5},{"damage":71,"enemies":"Giant Head","floor":41,"turns":8}],"seed_played":"1476486618158879674","potions_obtained":[{"floor":1.0,"key":"SpeedPotion"},{"floor":3.0,"key":"FearPotion"},{"floor":5.0,"key":"Explosive Potion"},{"floor":7.0,"key":"FearPotion"},{"floor":19.0,"key":"GamblersBrew"},{"floor":25.0,"key":"AttackPotion"},{"floor":31.0,"key":"EssenceOfSteel"},{"floor":35,"key":"FocusPotion"},{"floor":39,"key":"SkillPotion"}],"is_trial":false,"path_per_floor":["M","$","M","?","M","E","M","E","T","R","M","$","M","E","R","B",null,"M","M","?","M","?","E","R","M","T","E","$","E","$","M","R","B",null,"M","M","?","?","M","R","E"],"character_chosen":"DEFECT","items_purchased":["Conserve Battery","Genetic Algorithm"],"campfire_rested":1,"item_purchase_floors":[2,12],"current_hp_per_floor":[58,58,58,58,58,44,44,8,8,29,29,29,26,15,24,3,54,53,51,51,49,49,35,47,54,54,56,56,26,26,36,51,18,58,42,33,47,71,71,71,0],"gold":749,"neow_bonus":"RANDOM_COMMON_RELIC","is_prod":false,"is_daily":false,"chose_seed":false,"campfire_upgraded":3,"win_rate":0,"timestamp":1570481886,"path_taken":["M","$","M","?","M","E","M","E","T","R","M","$","M","E","R","BOSS","M","M","?","M","?","E","R","M","T","E","$","E","?","M","R","BOSS","M","M","?","?","M","R","E"],"build_version":"2019-10-04","purchased_purges":0,"victory":false,"max_hp_per_floor":[71,71,71,71,71,71,71,71,71,71,71,71,71,71,71,71,71,71,71,71,71,71,71,71,71,71,71,71,71,71,71,71,71,71,71,71,71,71,71,71,71],"card_choices":[{"not_picked":["Rebound","Lockon"],"picked":"FTL","floor":1.0},{"not_picked":["Steam Power","BootSequence"],"picked":"Go for the Eyes","floor":3.0},{"not_picked":["Reprogram","Force Field"],"picked":"Steam","floor":5.0},{"not_picked":["Steam","Ball Lightning"],"picked":"Sweeping Beam","floor":6.0},{"not_picked":["Capacitor","Rebound"],"picked":"Ball Lightning","floor":7.0},{"not_picked":["Rip and Tear","Leap"],"picked":"Echo Form","floor":8.0},{"not_picked":["Gash","Rip and Tear"],"picked":"Hologram","floor":11.0},{"not_picked":["Sunder","Redo","Compile Driver"],"picked":"SKIP","floor":13.0},{"not_picked":["Double Energy","White Noise","Thunder Strike"],"picked":"SKIP","floor":14.0},{"not_picked":["Fission","Machine Learning"],"picked":"Electrodynamics","floor":16.0},{"not_picked":["Ball Lightning","Gash"],"picked":"Self Repair","floor":18.0},{"not_picked":["Skim","Barrage","Rebound"],"picked":"SKIP","floor":19.0},{"not_picked":["Self Repair","Cold Snap"],"picked":"Sunder","floor":21.0},{"not_picked":["Ball Lightning","Double Energy"],"picked":"Undo","floor":23.0},{"not_picked":["Hologram","Stack"],"picked":"Coolheaded","floor":25.0},{"not_picked":["Redo","Beam Cell","Reprogram+1"],"picked":"SKIP","floor":27.0},{"not_picked":["Storm","Blizzard"],"picked":"Electrodynamics","floor":29.0},{"not_picked":["Tempest","Sweeping Beam"],"picked":"Coolheaded","floor":31.0},{"not_picked":["Reboot","Amplify"],"picked":"Core Surge","floor":33.0},{"not_picked":["Rebound","Gash","Sunder"],"picked":"SKIP","floor":35},{"not_picked":["Aggregate","Sweeping Beam","Reprogram"],"picked":"SKIP","floor":36},{"not_picked":["Go for the Eyes","Stack","Cold Snap"],"picked":"SKIP","floor":39}],"player_experience":962159,"relics_obtained":[{"floor":6.0,"key":"Omamori"},{"floor":8.0,"key":"CaptainsWheel"},{"floor":9.0,"key":"Calipers"},{"floor":14.0,"key":"Eternal Feather"},{"floor":23.0,"key":"Centennial Puzzle"},{"floor":26.0,"key":"Toy Ornithopter"},{"floor":27.0,"key":"MawBank"},{"floor":29.0,"key":"Art of War"},{"floor":37,"key":"Dead Branch"}],"event_choices":[{"cards_removed":["Strike_B"],"damage_healed":0.0,"max_hp_gain":0.0,"max_hp_loss":0.0,"gold_gain":0.0,"event_name":"The Cleric","player_choice":"Card Removal","floor":4.0,"gold_loss":75.0,"damage_taken":0.0},{"damage_healed":0.0,"max_hp_gain":0.0,"max_hp_loss":0.0,"gold_gain":0.0,"event_name":"Drug Dealer","player_choice":"Inject Mutagens","floor":20.0,"gold_loss":0.0,"damage_taken":0.0,"relics_obtained":["MutagenicStrength"]},{"damage_healed":0.0,"max_hp_gain":0.0,"max_hp_loss":0.0,"gold_gain":0.0,"event_name":"Vampires","player_choice":"Ignored","floor":22.0,"gold_loss":0.0,"damage_taken":0.0},{"damage_healed":0,"gold_gain":0,"player_choice":"Fight","damage_taken":0,"max_hp_gain":0,"max_hp_loss":0,"event_name":"MindBloom","floor":37,"gold_loss":0},{"cards_removed":["FTL"],"damage_healed":24,"gold_gain":0,"player_choice":"Offered Uncommon","damage_taken":0,"max_hp_gain":0,"max_hp_loss":0,"event_name":"Bonfire Elementals","floor":38,"gold_loss":0}],"is_beta":true,"boss_relics":[{"not_picked":["Runic Pyramid","Sozu"],"picked":"Astrolabe"},{"not_picked":["Black Star","Calling Bell"],"picked":"Fusion Hammer"}],"items_purged_floors":[],"is_endless":false,"potions_floor_spawned":[1,3,5,7,19,25,31,35,37,39],"killed_by":"Giant Head","ascension_level":15}