{"gold_per_floor":[116,131,150,127,137,171,171,190,242,277,277,277,303,315,315,315],"floor_reached":16,"playtime":721,"items_purged":[],"score":122,"play_id":"bcaf7bef-533a-4415-86dd-09477b0f83fe","local_time":"20190510222643","is_ascension_mode":false,"campfire_choices":[{"data":"Fiend Fire","floor":7,"key":"SMITH"},{"data":"Double Tap","floor":15,"key":"SMITH"}],"neow_cost":"NONE","seed_source_timestamp":3040592354221966,"circlet_count":0,"master_deck":["Strike_R","Strike_R","Strike_R","Strike_R","Strike_R","Defend_R","Defend_R","Defend_R","Defend_R","Bash","Fiend Fire+1","Infernal Blade","Clothesline","Twin Strike","Body Slam","Cleave","Shrug It Off","Iron Wave","Ghostly Armor","Double Tap+1"],"relics":["Burning Blood","Dream Catcher","Ancient Tea Set","The Courier","Bag of Preparation","FossilizedHelix","Art of War"],"potions_floor_usage":[13,13,16],"damage_taken":[{"damage":11,"enemies":"Jaw Worm","floor":1,"turns":2},{"damage":0,"enemies":"Small Slimes","floor":2,"turns":4},{"damage":6,"enemies":"Cultist","floor":3,"turns":3},{"damage":18,"enemies":"Exordium Thugs","floor":5,"turns":5},{"damage":28,"enemies":"Gremlin Nob","floor":6,"turns":4},{"damage":2,"enemies":"Looter","floor":8,"turns":2},{"damage":31,"enemies":"Lagavulin","floor":10,"turns":5},{"damage":22,"enemies":"3 Sentries","floor":13,"turns":8},{"damage":0,"enemies":"Large Slime","floor":14,"turns":5},{"damage":28,"enemies":"The Guardian","floor":16,"turns":9}],"seed_played":"8549227560105552341","potions_obtained":[{"floor":3,"key":"BloodPotion"},{"floor":5,"key":"BloodPotion"},{"floor":10,"key":"FearPotion"}],"is_trial":false,"path_per_floor":["M","M","M","$","M","E","R","M","T","E","?","?","E","M","R","B"],"character_chosen":"IRONCLAD","items_purchased":["Body Slam"],"campfire_rested":0,"item_purchase_floors":[4],"current_hp_per_floor":[75,80,80,80,68,46,46,50,50,25,22,22,22,28,28,0],"gold":315,"neow_bonus":"ONE_RANDOM_RARE_CARD","is_prod":false,"is_daily":false,"chose_seed":false,"campfire_upgraded":2,"win_rate":0,"timestamp":1557541603,"path_taken":["M","M","M","$","M","E","R","M","T","E","?","?","E","M","R","BOSS"],"build_version":"2019-01-23","purchased_purges":0,"victory":false,"max_hp_per_floor":[80,80,80,80,80,80,80,80,80,80,80,80,80,80,80,80],"card_choices":[{"not_picked":["Twin Strike","Thunderclap"],"picked":"Infernal Blade","floor":1},{"not_picked":["Thunderclap","True Grit"],"picked":"Clothesline","floor":2},{"not_picked":["Clash","Dual Wield"],"picked":"Twin Strike","floor":3},{"not_picked":["Fire Breathing","Reckless Charge"],"picked":"Cleave","floor":5},{"not_picked":["Heavy Blade","Warcry"],"picked":"Shrug It Off","floor":6},{"not_picked":["Bloodletting","True Grit","Heavy Blade"],"picked":"SKIP","floor":8},{"not_picked":["Sever Soul","Evolve"],"picked":"Iron Wave","floor":10},{"not_picked":["Armaments","True Grit"],"picked":"Ghostly Armor","floor":13},{"not_picked":["Fire Breathing","Wild Strike"],"picked":"Double Tap","floor":14}],"player_experience":877710,"relics_obtained":[{"floor":6,"key":"Dream Catcher"},{"floor":9,"key":"Ancient Tea Set"},{"floor":10,"key":"The Courier"},{"floor":13,"key":"Art of War"}],"event_choices":[{"damage_healed":0,"gold_gain":0,"player_choice":"Success","damage_taken":3,"relics_obtained":["Bag of Preparation"],"max_hp_gain":0,"max_hp_loss":0,"event_name":"Scrap Ooze","floor":11,"gold_loss":0},{"damage_healed":0,"gold_gain":0,"player_choice":"Searched \u00271\u0027 times","damage_taken":0,"relics_obtained":["FossilizedHelix"],"max_hp_gain":0,"max_hp_loss":0,"event_name":"Dead Adventurer","floor":12,"gold_loss":0}],"is_beta":false,"boss_relics":[],"items_purged_floors":[],"is_endless":false,"potions_floor_spawned":[3,5,10],"killed_by":"The Guardian","ascension_level":0}