{"gold_per_floor":[113,127,48,68,83,116,130,165,190,190,190,208,222,256,256,256],"floor_reached":16,"playtime":999,"items_purged":[],"score":136,"play_id":"89893217-6761-4c00-9d52-d11b1f004957","local_time":"20191008002434","is_ascension_mode":true,"campfire_choices":[{"floor":10,"key":"REST"},{"floor":15,"key":"REST"}],"neow_cost":"NONE","seed_source_timestamp":292866284387400,"circlet_count":0,"master_deck":["Strike_R","Strike_R","Strike_R","Strike_R","Defend_R","Defend_R","Defend_R","Defend_R+1","Bash","Pommel Strike","Inflame+1","Evolve","True Grit","Twin Strike","Shrug It Off","Shrug It Off","Limit Break","Pommel Strike","Flex","Iron Wave"],"relics":["Burning Blood","Orichalcum","Lantern","Bronze Scales","Vajra"],"potions_floor_usage":[7,14,14,16],"damage_taken":[{"damage":0,"enemies":"Small Slimes","floor":1,"turns":3},{"damage":1,"enemies":"Cultist","floor":2,"turns":3},{"damage":2,"enemies":"2 Louse","floor":4,"turns":3},{"damage":10,"enemies":"2 Fungi Beasts","floor":5,"turns":4},{"damage":47,"enemies":"Lagavulin","floor":6,"turns":7},{"damage":19,"enemies":"Exordium Thugs","floor":7,"turns":4},{"damage":12,"enemies":"3 Sentries","floor":8,"turns":11},{"damage":2,"enemies":"Blue Slaver","floor":12,"turns":3},{"damage":19,"enemies":"2 Fungi Beasts","floor":13,"turns":2},{"damage":9,"enemies":"Gremlin Nob","floor":14,"turns":3},{"damage":49,"enemies":"Slime Boss","floor":16,"turns":8}],"seed_played":"-6759195490713165313","potions_obtained":[{"floor":2,"key":"SpeedPotion"},{"floor":5,"key":"FearPotion"},{"floor":6,"key":"Regen Potion"},{"floor":8,"key":"Fire Potion"},{"floor":14,"key":"SpeedPotion"}],"is_trial":false,"path_per_floor":["M","M","$","M","M","E","M","E","T","R","?","M","M","E","R","B"],"character_chosen":"IRONCLAD","items_purchased":["Evolve"],"campfire_rested":2,"item_purchase_floors":[3],"current_hp_per_floor":[80,80,80,80,76,35,34,28,28,52,36,40,27,24,48,0],"gold":256,"neow_bonus":"REMOVE_CARD","is_prod":false,"is_daily":false,"chose_seed":false,"campfire_upgraded":0,"win_rate":0,"timestamp":1570508674,"path_taken":["M","M","$","M","M","E","M","E","T","R","?","M","M","E","R","BOSS"],"build_version":"2019-07-17","purchased_purges":0,"victory":false,"max_hp_per_floor":[80,80,80,80,80,80,80,80,80,80,80,80,80,80,80,80],"card_choices":[{"not_picked":["Clothesline","Flex"],"picked":"Pommel Strike","floor":1},{"not_picked":["Heavy Blade","Wild Strike"],"picked":"Inflame","floor":2},{"not_picked":["Iron Wave","Battle Trance"],"picked":"True Grit","floor":4},{"not_picked":["Flex","Thunderclap"],"picked":"Twin Strike","floor":5},{"not_picked":["Second Wind","Seeing Red"],"picked":"Shrug It Off","floor":6},{"not_picked":["Cleave","Fire Breathing"],"picked":"Shrug It Off","floor":7},{"not_picked":["Offering","Clothesline"],"picked":"Limit Break","floor":8},{"not_picked":["Seeing Red","Fire Breathing"],"picked":"Pommel Strike","floor":12},{"not_picked":["True Grit","Limit Break"],"picked":"Flex","floor":13},{"not_picked":["Blood for Blood","Cleave"],"picked":"Iron Wave","floor":14}],"player_experience":54794,"relics_obtained":[{"floor":6,"key":"Orichalcum"},{"floor":8,"key":"Lantern"},{"floor":9,"key":"Bronze Scales"},{"floor":14,"key":"Vajra"}],"event_choices":[{"damage_healed":0,"gold_gain":0,"player_choice":"Entered Light","damage_taken":16,"max_hp_gain":0,"max_hp_loss":0,"event_name":"Shining Light","floor":11,"gold_loss":0,"cards_upgraded":["Inflame","Defend_R"]}],"is_beta":false,"boss_relics":[],"items_purged_floors":[],"is_endless":false,"potions_floor_spawned":[2,5,6,8,13,14],"killed_by":"Slime Boss","ascension_level":2}