{"gold_per_floor":[110,127,77,97,197,197,530,530,530,530,546,546,546,557,557,652,652,592,592,592,225,225,225,225,225,225,225,225,225,225,225,225,225,225,225,225,225,41,41,41,41,41,41,41,41,41,41,41,41,41],"floor_reached":51,"playtime":5528,"items_purged":[],"score":985,"play_id":"a9ce0f84-9021-42e6-b693-2c8f0673540a","local_time":"20180908232003","is_ascension_mode":true,"campfire_choices":[{"data":"Crippling Poison","floor":6.0,"key":"SMITH"},{"floor":8.0,"key":"REST"},{"data":"Deadly Poison","floor":10.0,"key":"SMITH"},{"data":"Leg Sweep","floor":12.0,"key":"SMITH"},{"data":"Backflip","floor":15.0,"key":"SMITH"},{"data":"All Out Attack","floor":23.0,"key":"SMITH"},{"floor":25.0,"key":"REST"},{"floor":32.0,"key":"REST"},{"floor":40,"key":"REST"},{"floor":42,"key":"REST"},{"data":"Secret Technique","floor":44,"key":"SMITH"},{"data":"Skewer","floor":45,"key":"SMITH"},{"floor":49,"key":"REST"}],"neow_cost":"NONE","seed_source_timestamp":182668080531381,"circlet_count":0,"master_deck":["Defend_G","Defend_G","Defend_G","Defend_G","Strike_G","Strike_G","Strike_G","Strike_G","Survivor","Neutralize","Deadly Poison+1","Leg Sweep+1","Crippling Poison+1","Predator","Slice","Backflip+1","Tools of the Trade","Dagger Spray+1","Sucker Punch+1","All Out Attack+1","Skewer+1","Deadly Poison+1","Blur","Acrobatics","Backflip+1","Backflip+1","Venomology","Catalyst+1","Secret Technique+1","The Bomb","Noxious Fumes+1","Escape Plan"],"special_seed":0,"relics":["Black Star","Turnip","Old Coin","Peace Pipe","Ectoplasm","NlothsMask","Ice Cream","MawBank","Anchor","Strawberry","Orichalcum","Red Mask","White Beast Statue","Pocketwatch","Mango","WingedGreaves","Bag of Marbles","Regal Pillow"],"potions_floor_usage":[37,39,41,41,46,50,50,50],"damage_taken":[{"damage":4.0,"enemies":"Jaw Worm","floor":1.0,"turns":5.0},{"damage":8.0,"enemies":"2 Louse","floor":2.0,"turns":3.0},{"damage":1.0,"enemies":"Cultist","floor":4.0,"turns":5.0},{"damage":36.0,"enemies":"3 Sentries","floor":7.0,"turns":16.0},{"damage":13.0,"enemies":"Lots of Slimes","floor":11.0,"turns":6.0},{"damage":3.0,"enemies":"Looter","floor":14.0,"turns":3.0},{"damage":12.0,"enemies":"The Guardian","floor":16.0,"turns":11.0},{"damage":11.0,"enemies":"2 Thieves","floor":18.0,"turns":4.0},{"damage":2.0,"enemies":"3 Byrds","floor":20.0,"turns":4.0},{"damage":20.0,"enemies":"Book of Stabbing","floor":24.0,"turns":6.0},{"damage":31.0,"enemies":"Slavers","floor":27.0,"turns":4.0},{"damage":3.0,"enemies":"Snecko","floor":28.0,"turns":5.0},{"damage":0.0,"enemies":"Masked Bandits","floor":29.0,"turns":3.0},{"damage":0.0,"enemies":"Centurion and Healer","floor":30.0,"turns":7.0},{"damage":4.0,"enemies":"Sentry and Sphere","floor":31.0,"turns":5.0},{"damage":16.0,"enemies":"Automaton","floor":33.0,"turns":11.0},{"damage":12,"enemies":"Orb Walker","floor":35,"turns":5},{"damage":18,"enemies":"3 Darklings","floor":37,"turns":5},{"damage":0,"enemies":"Mind Bloom Boss Battle","floor":39,"turns":6},{"damage":35,"enemies":"2 Orb Walkers","floor":41,"turns":5},{"damage":8,"enemies":"4 Shapes","floor":46,"turns":4},{"damage":7,"enemies":"Awakened One","floor":50,"turns":19}],"seed_played":"630984413714239862","potions_obtained":[{"floor":1.0,"key":"Poison Potion"},{"floor":11.0,"key":"FearPotion"},{"floor":18.0,"key":"EssenceOfSteel"},{"floor":20.0,"key":"PowerPotion"},{"floor":28.0,"key":"Strength Potion"},{"floor":30.0,"key":"Swift Potion"},{"floor":31.0,"key":"Dexterity Potion"},{"floor":35,"key":"LiquidBronze"},{"floor":37,"key":"Dexterity Potion"},{"floor":41,"key":"SteroidPotion"}],"is_trial":false,"path_per_floor":["M","M","?","M","?","R","E","R","T","R","M","R","?","M","R","B",null,"M","?","M","$","?","R","E","R","T","E","M","?","M","M","R","B",null,"M","?","M","$","?","R","E","R","T","R","R","M","?","T","R","B"],"character_chosen":"THE_SILENT","items_purchased":["Ice Cream","All Out Attack","The Bomb"],"campfire_rested":6,"item_purchase_floors":[21,21,38],"current_hp_per_floor":[59,51,51,50,50,50,14,35,35,35,22,22,45,42,42,30,60,49,49,47,47,47,47,27,48,48,24,21,21,21,17,40,24,64,52,52,34,34,34,57,36,63,63,63,63,55,55,55,91,84],"gold":41,"neow_bonus":"BOSS_RELIC","is_prod":false,"is_daily":false,"chose_seed":false,"campfire_upgraded":7,"win_rate":0,"timestamp":1536463203,"path_taken":["M","M","?","M","?","R","E","R","T","R","M","R","?","M","R","BOSS","M","?","M","$","?","R","E","R","T","E","M","?","M","?","R","BOSS","M","?","M","$","?","R","E","R","T","R","R","?","?","?","R","BOSS"],"build_version":"2018-09-06","purchased_purges":0,"victory":true,"max_hp_per_floor":[70,70,70,70,70,70,70,70,70,70,70,70,70,70,70,70,70,70,70,70,70,70,70,70,70,70,77,77,77,77,77,77,77,77,77,77,77,77,77,77,91,91,91,91,91,91,91,91,91,91],"card_choices":[{"not_picked":["Footwork","Bane"],"picked":"Deadly Poison","floor":1.0},{"not_picked":["Dagger Throw","Catalyst"],"picked":"Leg Sweep","floor":2.0},{"not_picked":["Cloak And Dagger","Riddle With Holes"],"picked":"Crippling Poison","floor":4.0},{"not_picked":["Underhanded Strike","Slice"],"picked":"Predator","floor":7.0},{"not_picked":["Acrobatics","Crippling Poison"],"picked":"Slice","floor":11.0},{"not_picked":["PiercingWail","Infinite Blades"],"picked":"Backflip","floor":14.0},{"not_picked":["Envenom","Doppelganger"],"picked":"Tools of the Trade","floor":16.0},{"not_picked":["Bouncing Flask","Concentrate"],"picked":"Dagger Spray+1","floor":18.0},{"not_picked":["PiercingWail+1","Deadly Poison"],"picked":"Sucker Punch+1","floor":20.0},{"not_picked":["Eviscerate","Deadly Poison+1"],"picked":"Skewer","floor":24.0},{"not_picked":["Acrobatics","Distraction"],"picked":"Deadly Poison+1","floor":27.0},{"not_picked":["Tactician","Deflect"],"picked":"Blur","floor":28.0},{"not_picked":["Quick Slash+1","Slice"],"picked":"Acrobatics","floor":29.0},{"not_picked":["Outmaneuver","Prepared"],"picked":"Backflip+1","floor":30.0},{"not_picked":["Deadly Poison+1","Bane"],"picked":"Backflip+1","floor":31.0},{"not_picked":["A Thousand Cuts","Doppelganger"],"picked":"Venomology","floor":33.0},{"not_picked":["Dodge and Roll","Prepared+1"],"picked":"Catalyst+1","floor":35},{"not_picked":["Metamorphosis","Magnetism"],"picked":"Secret Technique","floor":36},{"not_picked":["Cloak And Dagger+1","Deadly Poison","Expertise+1"],"picked":"SKIP","floor":37},{"not_picked":["Cloak And Dagger+1","Masterful Stab+1"],"picked":"Noxious Fumes+1","floor":39},{"not_picked":["Deadly Poison","Dagger Throw"],"picked":"Flying Knee+1","floor":41},{"not_picked":["Bouncing Flask","Flying Knee+1"],"picked":"Escape Plan","floor":46}],"player_experience":393921,"relics_obtained":[{"floor":7.0,"key":"Turnip"},{"floor":7.0,"key":"Old Coin"},{"floor":9.0,"key":"Peace Pipe"},{"floor":24.0,"key":"MawBank"},{"floor":24.0,"key":"Anchor"},{"floor":27.0,"key":"Strawberry"},{"floor":27.0,"key":"Orichalcum"},{"floor":29.0,"key":"Red Mask"},{"floor":39,"key":"Pocketwatch"},{"floor":41,"key":"Mango"},{"floor":41,"key":"WingedGreaves"},{"floor":43,"key":"Bag of Marbles"},{"floor":48,"key":"Regal Pillow"}],"event_choices":[{"event_name":"The Cleric","player_choice":"Card Removal","floor":3.0,"damage_taken":0.0},{"event_name":"Golden Shrine","player_choice":"Pray","floor":5.0,"damage_taken":0.0},{"event_name":"Big Fish","player_choice":"Banana","floor":13.0,"damage_taken":0.0},{"event_name":"FaceTrader","player_choice":"Trade","floor":19.0,"damage_taken":0.0},{"event_name":"Purifier","player_choice":"One Purge","floor":22.0,"damage_taken":0.0},{"event_name":"Masked Bandits","player_choice":"Fought Bandits","floor":29.0,"damage_taken":0.0},{"event_name":"SensoryStone","player_choice":"Memory 1","floor":36,"damage_taken":0},{"event_name":"MindBloom","player_choice":"Fight","floor":39,"damage_taken":0},{"event_name":"Falling","player_choice":"Removed Attack","floor":47,"damage_taken":0}],"is_beta":false,"boss_relics":[{"not_picked":["Philosopher\u0027s Stone","Busted Crown"],"picked":"Ectoplasm"},{"not_picked":["Tiny House","Sozu"],"picked":"White Beast Statue"}],"items_purged_floors":[],"is_endless":false,"potions_floor_spawned":[1,11,18,20,28,30,31,35,37,39,41,46],"ascension_level":8}