{"gold_per_floor":[111,36,52,52,62,62,62,62,141,141,151,226,273,423,423,499,499,514,439,439,457,30,30],"floor_reached":23,"playtime":799,"items_purged":["Doubt"],"score":369,"play_id":"173f5634-0971-4b41-b178-5fe87a7f8c0d","local_time":"20190602160827","is_ascension_mode":true,"campfire_choices":[{"data":"Sunder","floor":6,"key":"SMITH"},{"data":"Doom and Gloom","floor":8,"key":"SMITH"},{"data":"Zap","floor":10,"key":"SMITH"},{"floor":15,"key":"REST"}],"neow_cost":"NONE","seed_source_timestamp":150614286324164,"circlet_count":0,"master_deck":["AscendersBane","Strike_B","Strike_B","Strike_B","Strike_B","Defend_B","Defend_B+1","Defend_B","Defend_B","Zap+1","Dualcast","Doom and Gloom+1","Sunder+1","Melter+1","Leap","Cold Snap","Buffer","Doubt","Parasite","Genetic Algorithm+1","Loop+1"],"relics":["Cracked Core","Darkstone Periapt","Lantern","Calling Bell","Strawberry","Pear","Ice Cream","Symbiotic Virus","Frozen Egg 2"],"potions_floor_usage":[],"damage_taken":[{"damage":0,"enemies":"2 Louse","floor":1,"turns":2},{"damage":1,"enemies":"Cultist","floor":3,"turns":3},{"damage":0,"enemies":"Small Slimes","floor":5,"turns":3},{"damage":13,"enemies":"Blue Slaver","floor":11,"turns":3},{"damage":51,"enemies":"Slime Boss","floor":16,"turns":8},{"damage":32,"enemies":"Chosen","floor":18,"turns":6},{"damage":19,"enemies":"Shell Parasite","floor":21,"turns":6},{"damage":48,"enemies":"Book of Stabbing","floor":23,"turns":4}],"seed_played":"2319534951414457421","potions_obtained":[{"floor":4,"key":"Regen Potion"},{"floor":4,"key":"Explosive Potion"},{"floor":11,"key":"FocusPotion"},{"floor":21,"key":"EssenceOfSteel"}],"is_trial":false,"path_per_floor":["M","$","M","?","M","R","?","R","T","R","M","?","T","?","R","B",null,"M","?","?","M","$","E"],"character_chosen":"DEFECT","items_purchased":["Sunder","Frozen Egg 2","Loop+1"],"campfire_rested":1,"item_purchase_floors":[2,22,22],"current_hp_per_floor":[71,71,70,70,70,70,47,47,47,47,34,23,23,29,54,3,99,67,67,67,48,48,0],"gold":30,"neow_bonus":"TEN_PERCENT_HP_BONUS","is_prod":false,"is_daily":false,"chose_seed":false,"campfire_upgraded":3,"win_rate":0,"timestamp":1559484507,"path_taken":["M","$","M","?","?","R","?","R","T","R","M","?","?","?","R","BOSS","M","?","?","?","?","E"],"build_version":"2019-01-23","purchased_purges":1,"victory":false,"max_hp_per_floor":[78,78,78,78,78,78,78,78,78,78,78,78,78,84,84,84,119,119,119,119,119,119,119],"card_choices":[{"not_picked":["Streamline","Darkness"],"picked":"Doom and Gloom","floor":1},{"not_picked":["Stack","Chaos"],"picked":"Melter","floor":3},{"not_picked":["Barrage","Chaos"],"picked":"Leap","floor":5},{"not_picked":["Chaos","Doom and Gloom"],"picked":"Cold Snap","floor":11},{"not_picked":["All For One","Multi-Cast"],"picked":"Buffer","floor":16},{"not_picked":["Compile Driver+1","Go for the Eyes"],"picked":"Genetic Algorithm+1","floor":18},{"not_picked":["Blizzard+1","Beam Cell+1","Force Field"],"picked":"SKIP","floor":21}],"player_experience":427855,"relics_obtained":[{"floor":9,"key":"Darkstone Periapt"},{"floor":13,"key":"Lantern"},{"floor":17,"key":"Strawberry"},{"floor":17,"key":"Pear"},{"floor":17,"key":"Ice Cream"}],"event_choices":[{"damage_healed":0,"gold_gain":0,"player_choice":"Got Potions","damage_taken":0,"max_hp_gain":0,"max_hp_loss":0,"event_name":"Lab","floor":4,"gold_loss":0},{"damage_healed":0,"gold_gain":0,"player_choice":"Entered Light","damage_taken":23,"max_hp_gain":0,"max_hp_loss":0,"event_name":"Shining Light","floor":7,"gold_loss":0,"cards_upgraded":["Melter","Defend_B"]},{"damage_healed":0,"gold_gain":75,"player_choice":"Gather Gold","damage_taken":11,"max_hp_gain":0,"max_hp_loss":0,"event_name":"World of Goop","floor":12,"gold_loss":0},{"damage_healed":0,"gold_gain":150,"player_choice":"AGREE","damage_taken":0,"max_hp_gain":0,"max_hp_loss":0,"event_name":"Liars Game","floor":14,"gold_loss":0,"cards_obtained":["Doubt"]},{"cards_removed":["Shame"],"damage_healed":0,"gold_gain":0,"player_choice":"Gave Gold","damage_taken":0,"max_hp_gain":0,"max_hp_loss":0,"event_name":"Beggar","floor":19,"gold_loss":75},{"damage_healed":0,"gold_gain":0,"player_choice":"Gave Potion","damage_taken":0,"relics_obtained":["Symbiotic Virus"],"max_hp_gain":0,"max_hp_loss":0,"event_name":"WeMeetAgain","floor":20,"gold_loss":0}],"is_beta":false,"boss_relics":[{"not_picked":["Runic Dome","Orrery"],"picked":"Calling Bell"}],"items_purged_floors":[22],"is_endless":false,"potions_floor_spawned":[11,21],"killed_by":"Book of Stabbing","ascension_level":16}