{"gold_per_floor":[113,133,133,153,78,78,113,113,113,113,145,45,45,79,79,182,182,198,210,135,135,147,147,176,176,223,234,244,244,244,258,258,353,353,364,375,375,116,128,128,158,158,209,228,228,228,228,247,247,247],"floor_reached":51,"playtime":1191,"items_purged":["Strike_R","Strike_R"],"score":863,"play_id":"98c5c422-15a5-4818-9f1e-49a61fcbc4e5","local_time":"20190530000209","is_ascension_mode":false,"campfire_choices":[{"data":"Searing Blow+1","floor":6,"key":"SMITH"},{"data":"Searing Blow+2","floor":8,"key":"SMITH"},{"data":"Searing Blow+3","floor":13,"key":"SMITH"},{"data":"Searing Blow+4","floor":15,"key":"SMITH"},{"data":"Searing Blow+5","floor":23,"key":"SMITH"},{"data":"Searing Blow+6","floor":25,"key":"SMITH"},{"data":"Searing Blow+7","floor":29,"key":"SMITH"},{"data":"Searing Blow+9","floor":32,"key":"SMITH"},{"data":"Searing Blow+10","floor":40,"key":"SMITH"},{"data":"Searing Blow+11","floor":42,"key":"SMITH"},{"data":"Searing Blow+12","floor":45,"key":"SMITH"},{"data":"Searing Blow+13","floor":49,"key":"SMITH"}],"neow_cost":"NONE","seed_source_timestamp":95622870056422,"circlet_count":0,"master_deck":["Strike_R","Strike_R","Defend_R","Defend_R+1","Defend_R","Defend_R+1","Bash","Searing Blow+14","Feed","Evolve","Shockwave","Headbutt","Disarm","Whirlwind+1","Battle Trance","Shrug It Off+1","Finesse"],"relics":["Burning Blood","NeowsBlessing","Charon\u0027s Ashes","Matryoshka","Question Card","Omamori","Velvet Choker","Prayer Wheel","Strawberry","Vajra","Lantern","Eternal Feather","Sundial","Boot","Pen Nib","Anchor"],"potions_floor_usage":[24,50,50,50],"damage_taken":[{"damage":0,"enemies":"Small Slimes","floor":1,"turns":2},{"damage":0,"enemies":"Cultist","floor":2,"turns":1},{"damage":0,"enemies":"2 Louse","floor":4,"turns":1},{"damage":26,"enemies":"Lagavulin","floor":7,"turns":5},{"damage":6,"enemies":"Gremlin Nob","floor":11,"turns":3},{"damage":15,"enemies":"Lagavulin","floor":14,"turns":6},{"damage":26,"enemies":"Slime Boss","floor":16,"turns":5},{"damage":14,"enemies":"Shell Parasite","floor":18,"turns":3},{"damage":18,"enemies":"3 Byrds","floor":19,"turns":6},{"damage":21,"enemies":"Snake Plant","floor":22,"turns":4},{"damage":11,"enemies":"Slavers","floor":24,"turns":6},{"damage":6,"enemies":"Chosen and Byrds","floor":27,"turns":3},{"damage":12,"enemies":"3 Cultists","floor":28,"turns":3},{"damage":1,"enemies":"Centurion and Healer","floor":31,"turns":3},{"damage":26,"enemies":"Automaton","floor":33,"turns":5},{"damage":0,"enemies":"3 Shapes","floor":35,"turns":1},{"damage":6,"enemies":"3 Darklings","floor":36,"turns":3},{"damage":19,"enemies":"Maw","floor":39,"turns":5},{"damage":13,"enemies":"Giant Head","floor":41,"turns":5},{"damage":17,"enemies":"4 Shapes","floor":44,"turns":4},{"damage":0,"enemies":"Writhing Mass","floor":48,"turns":2},{"damage":34,"enemies":"Time Eater","floor":50,"turns":4}],"seed_played":"-102928711179559944","potions_obtained":[{"floor":2,"key":"SpeedPotion"},{"floor":7,"key":"AttackPotion"},{"floor":18,"key":"Weak Potion"},{"floor":24,"key":"PowerPotion"}],"is_trial":false,"path_per_floor":["M","M","?","M","$","R","E","R","T","?","E","$","R","E","R","B",null,"M","M","?","?","M","R","E","R","T","M","M","R","?","M","R","B",null,"M","M","?","$","M","R","E","R","T","M","R","?","?","M","R","B",null],"character_chosen":"IRONCLAD","items_purchased":["Sundial"],"campfire_rested":0,"item_purchase_floors":[38],"current_hp_per_floor":[80,80,80,80,80,80,60,60,60,44,44,44,44,35,35,18,83,78,69,69,69,54,54,56,56,56,56,50,50,50,58,58,38,99,99,99,99,99,86,95,88,97,97,89,98,98,98,102,102,74],"gold":247,"neow_bonus":"THREE_ENEMY_KILL","is_prod":false,"is_daily":false,"chose_seed":false,"campfire_upgraded":12,"win_rate":0,"timestamp":1559167329,"path_taken":["M","M","?","?","$","R","E","R","T","?","E","$","R","E","R","BOSS","M","M","?","?","M","R","E","R","T","M","M","R","?","M","R","BOSS","M","?","?","$","M","R","E","R","T","M","R","?","?","M","R","BOSS"],"build_version":"2019-01-23","purchased_purges":2,"victory":true,"max_hp_per_floor":[80,80,80,80,80,80,80,80,80,80,80,80,80,80,80,83,83,86,89,89,89,89,89,96,96,96,96,96,96,96,99,99,99,99,99,99,99,99,99,99,99,99,99,102,102,102,102,102,102,102],"card_choices":[{"not_picked":["True Grit","Bloodletting"],"picked":"Rampage","floor":1},{"not_picked":["Perfected Strike","Bloodletting"],"picked":"Searing Blow","floor":2},{"not_picked":["Iron Wave","Heavy Blade","Twin Strike"],"picked":"SKIP","floor":4},{"not_picked":["Thunderclap","Perfected Strike"],"picked":"Feed","floor":7},{"not_picked":["Corruption","Havoc"],"picked":"Evolve","floor":11},{"not_picked":["Immolate","Heavy Blade","Dark Embrace"],"picked":"Shockwave","floor":14},{"not_picked":["Sword Boomerang","Twin Strike","Searing Blow"],"picked":"Headbutt","floor":18},{"not_picked":["Thunderclap","Cleave","Armaments+1","Pommel Strike"],"picked":"SKIP","floor":19},{"not_picked":["Seeing Red","Thunderclap","Body Slam"],"picked":"Disarm","floor":22},{"not_picked":["Feel No Pain+1","Thunderclap","Heavy Blade","Barricade"],"picked":"SKIP","floor":22},{"not_picked":["Pommel Strike","Cleave+1","Anger"],"picked":"Whirlwind+1","floor":24},{"not_picked":["Cleave","Body Slam","Pommel Strike+1","Clothesline"],"picked":"SKIP","floor":27},{"not_picked":["Iron Wave+1","Clash+1","True Grit","Heavy Blade+1"],"picked":"SKIP","floor":27},{"not_picked":["Wild Strike","Feed","Iron Wave","Pommel Strike"],"picked":"SKIP","floor":28},{"not_picked":["Infernal Blade","Evolve","Pommel Strike","Cleave"],"picked":"SKIP","floor":28},{"not_picked":["Havoc","Warcry","Metallicize","Twin Strike"],"picked":"SKIP","floor":31},{"not_picked":["True Grit","Immolate","Thunderclap","Pummel"],"picked":"SKIP","floor":31},{"not_picked":["Rage+1","Anger+1","Thunderclap","Cleave"],"picked":"SKIP","floor":35},{"not_picked":["Cleave+1","Reckless Charge","Infernal Blade","Twin Strike+1"],"picked":"SKIP","floor":35},{"not_picked":["Iron Wave+1","Shockwave","Perfected Strike+1","Intimidate+1"],"picked":"SKIP","floor":36},{"not_picked":["Burning Pact","Sentinel+1","Carnage+1","Twin Strike+1"],"picked":"SKIP","floor":36},{"not_picked":["Clash","Armaments+1","Dropkick"],"picked":"Battle Trance","floor":39},{"not_picked":["Cleave+1","Clash","Anger","Wild Strike"],"picked":"SKIP","floor":39},{"not_picked":["Rage","Pommel Strike+1","Demon Form","Perfected Strike+1"],"picked":"SKIP","floor":41},{"not_picked":["True Grit+1","Reckless Charge+1","Havoc"],"picked":"Shrug It Off+1","floor":44},{"not_picked":["Sword Boomerang","Body Slam+1","Rage","Intimidate"],"picked":"SKIP","floor":44},{"not_picked":["Flash of Steel","Dark Shackles","Swift Strike"],"picked":"Finesse","floor":46},{"not_picked":["Shockwave+1","Battle Trance+1","Hemokinesis+1","Sword Boomerang"],"picked":"SKIP","floor":48},{"not_picked":["Flame Barrier+1","Combust","Sever Soul+1","Dropkick"],"picked":"SKIP","floor":48}],"player_experience":389149,"relics_obtained":[{"floor":7,"key":"Charon\u0027s Ashes"},{"floor":9,"key":"Matryoshka"},{"floor":11,"key":"Question Card"},{"floor":14,"key":"Omamori"},{"floor":24,"key":"Strawberry"},{"floor":26,"key":"Vajra"},{"floor":26,"key":"Lantern"},{"floor":41,"key":"Boot"},{"floor":43,"key":"Pen Nib"},{"floor":43,"key":"Anchor"}],"event_choices":[{"damage_healed":0,"gold_gain":0,"player_choice":"Upgraded","damage_taken":0,"max_hp_gain":0,"max_hp_loss":0,"event_name":"Upgrade Shrine","floor":3,"gold_loss":0,"cards_upgraded":["Searing Blow"]},{"damage_healed":0,"gold_gain":0,"player_choice":"Entered Light","damage_taken":16,"max_hp_gain":0,"max_hp_loss":0,"event_name":"Shining Light","floor":10,"gold_loss":0,"cards_upgraded":["Defend_R","Defend_R"]},{"cards_removed":["Strike_R"],"damage_healed":0,"gold_gain":0,"player_choice":"Gave Gold","damage_taken":0,"max_hp_gain":0,"max_hp_loss":0,"event_name":"Beggar","floor":20,"gold_loss":75},{"damage_healed":0,"gold_gain":0,"player_choice":"Opened","damage_taken":0,"relics_obtained":["Prayer Wheel"],"max_hp_gain":0,"max_hp_loss":0,"event_name":"The Mausoleum","floor":21,"gold_loss":0,"cards_obtained":["Writhe"]},{"damage_healed":0,"gold_gain":0,"player_choice":"Upgraded","damage_taken":0,"max_hp_gain":0,"max_hp_loss":0,"event_name":"Upgrade Shrine","floor":30,"gold_loss":0,"cards_upgraded":["Searing Blow"]},{"damage_healed":0,"gold_gain":0,"player_choice":"Ignored","damage_taken":0,"max_hp_gain":0,"max_hp_loss":0,"event_name":"Tomb of Lord Red Mask","floor":37,"gold_loss":0},{"damage_healed":0,"gold_gain":0,"player_choice":"Memory 1","damage_taken":0,"max_hp_gain":0,"max_hp_loss":0,"event_name":"SensoryStone","floor":46,"gold_loss":0},{"cards_removed":["Rampage"],"damage_healed":0,"gold_gain":0,"player_choice":"Removed Attack","damage_taken":0,"max_hp_gain":0,"max_hp_loss":0,"event_name":"Falling","floor":47,"gold_loss":0}],"is_beta":false,"boss_relics":[{"not_picked":["Philosopher\u0027s Stone","Black Blood"],"picked":"Velvet Choker"},{"not_picked":["Snecko Eye","Pandora\u0027s Box"],"picked":"Eternal Feather"}],"items_purged_floors":[5,12],"is_endless":false,"potions_floor_spawned":[2,7,18,19,24,31,39,41,48],"ascension_level":0}