{"gold_per_floor":[119,133,54,68,88,88,114,114,168,168,196,210,210,229,229,308,308,327,338,388,99,99],"floor_reached":22,"playtime":763,"items_purged":["Strike_B"],"score":382,"play_id":"c77f44f5-bf01-4b01-a530-a8c4d7da89ed","local_time":"20190722212753","is_ascension_mode":true,"campfire_choices":[{"floor":6.0,"key":"REST"},{"data":"Auto Shields","floor":8.0,"key":"SMITH"},{"floor":13.0,"key":"REST"},{"floor":15.0,"key":"REST"}],"neow_cost":"NONE","seed_source_timestamp":10800588626307,"circlet_count":0,"master_deck":["AscendersBane","Strike_B","Strike_B","Defend_B","Defend_B","Defend_B","Defend_B","Zap","Dualcast","Thunder Strike","Static Discharge","Turbo","Conserve Battery","Ball Lightning","Go for the Eyes","Sweeping Beam","Auto Shields+1","Steam","Undo","Tempest+1","Reinforced Body"],"special_seed":0,"relics":["Cracked Core","Art of War","Tiny Chest","Lantern","Black Star","Membership Card"],"potions_floor_usage":[],"damage_taken":[{"damage":1.0,"enemies":"Small Slimes","floor":1.0,"turns":3.0},{"damage":2.0,"enemies":"Jaw Worm","floor":2.0,"turns":4.0},{"damage":1.0,"enemies":"Cultist","floor":4.0,"turns":4.0},{"damage":20.0,"enemies":"Exordium Thugs","floor":5.0,"turns":3.0},{"damage":25.0,"enemies":"Lagavulin","floor":7.0,"turns":6.0},{"damage":19.0,"enemies":"Gremlin Nob","floor":11.0,"turns":4.0},{"damage":18.0,"enemies":"Gremlin Gang","floor":12.0,"turns":3.0},{"damage":0.0,"enemies":"Exordium Wildlife","floor":14.0,"turns":3.0},{"damage":44.0,"enemies":"The Guardian","floor":16.0,"turns":10.0},{"damage":12,"enemies":"3 Byrds","floor":18,"turns":2},{"damage":13,"enemies":"Chosen","floor":19,"turns":3},{"damage":33,"enemies":"Shelled Parasite and Fungi","floor":22,"turns":4}],"seed_played":"2106962564568432091","potions_obtained":[{"floor":1.0,"key":"Regen Potion"},{"floor":2.0,"key":"PowerPotion"},{"floor":5.0,"key":"Fire Potion"},{"floor":12.0,"key":"Regen Potion"}],"is_trial":false,"path_per_floor":["M","M","$","M","M","R","E","R","T","?","E","M","R","M","R","B",null,"M","M","?","$","M"],"character_chosen":"DEFECT","items_purchased":["Conserve Battery","Ball Lightning","Membership Card","SkillPotion"],"campfire_rested":3,"item_purchase_floors":[3,3,21,21],"current_hp_per_floor":[63,61,61,60,40,61,36,36,36,29,10,1,22,22,43,13,57,45,32,32,32,0],"gold":99,"neow_bonus":"ONE_RANDOM_RARE_CARD","is_prod":false,"is_daily":false,"chose_seed":false,"campfire_upgraded":1,"win_rate":0,"timestamp":1563845273,"path_taken":["M","M","$","M","M","R","E","R","T","?","E","M","R","M","R","BOSS","M","M","?","$","M"],"build_version":"2019-07-17","purchased_purges":1,"victory":false,"max_hp_per_floor":[71,71,71,71,71,71,71,71,71,71,71,71,71,71,71,71,71,71,71,71,71,71],"card_choices":[{"not_picked":["Reprogram","Gash"],"picked":"Static Discharge","floor":1.0},{"not_picked":["Fusion","Skim"],"picked":"Turbo","floor":2.0},{"not_picked":["Streamline","Barrage"],"picked":"Go for the Eyes","floor":4.0},{"not_picked":["Doom and Gloom","Barrage"],"picked":"Sweeping Beam","floor":5.0},{"not_picked":["Go for the Eyes","Sweeping Beam"],"picked":"Auto Shields","floor":7.0},{"not_picked":["Double Energy","Cold Snap"],"picked":"Steam","floor":11.0},{"not_picked":["Gash","Turbo"],"picked":"Undo","floor":12.0},{"not_picked":["Turbo","Fusion","Reboot"],"picked":"SKIP","floor":14.0},{"not_picked":["White Noise+1","Chill"],"picked":"Tempest+1","floor":18},{"not_picked":["Self Repair","Stack"],"picked":"Reinforced Body","floor":19}],"player_experience":1150048,"relics_obtained":[{"floor":7.0,"key":"Art of War"},{"floor":9.0,"key":"Tiny Chest"},{"floor":11.0,"key":"Lantern"}],"event_choices":[{"cards_removed":["Strike_B"],"damage_healed":0.0,"max_hp_gain":0.0,"max_hp_loss":0.0,"gold_gain":0.0,"event_name":"Golden Wing","player_choice":"Card Removal","floor":10.0,"gold_loss":0.0,"damage_taken":7.0},{"damage_healed":0,"gold_gain":50,"player_choice":"Stole From Cult","damage_taken":0,"max_hp_gain":0,"max_hp_loss":0,"event_name":"Nest","floor":20,"gold_loss":0}],"is_beta":false,"boss_relics":[{"not_picked":["Lizard Tail","Nuclear Battery"],"picked":"Black Star"}],"items_purged_floors":[21],"is_endless":false,"potions_floor_spawned":[1,2,5,12],"killed_by":"Shelled Parasite and Fungi","ascension_level":19}