{"gold_per_floor":[363,378,378,56,66,66,94,43,68,96,96,116,116,132,132,209,209,219,233,233,248,263,263],"floor_reached":23,"playtime":1240,"items_purged":[],"score":355,"play_id":"4761a8ac-7c53-447d-ace4-7fada8663841","local_time":"20190529222624","is_ascension_mode":true,"campfire_choices":[{"data":"Noxious Fumes","floor":6.0,"key":"SMITH"},{"floor":13,"key":"REST"},{"floor":15,"key":"REST"}],"neow_cost":"CURSE","seed_source_timestamp":89716938120372,"circlet_count":0,"master_deck":["AscendersBane","Defend_G","Defend_G","Defend_G","Defend_G","Defend_G","Strike_G","Strike_G","Strike_G","Strike_G","Strike_G","Survivor","Neutralize","Cloak And Dagger","PiercingWail","Noxious Fumes+1","Blur","Dagger Spray","PiercingWail","Deadly Poison","PiercingWail","Catalyst","Acrobatics","Bouncing Flask","Catalyst","Corpse Explosion","Backflip","Backflip","Decay","Dash","Leg Sweep"],"special_seed":0,"relics":["Ring of the Snake","Pen Nib","Snake Skull","Dream Catcher","Regal Pillow","Sozu"],"potions_floor_usage":[10,10],"damage_taken":[{"damage":7.0,"enemies":"Cultist","floor":1.0,"turns":5.0},{"damage":0.0,"enemies":"2 Louse","floor":2.0,"turns":3.0},{"damage":4.0,"enemies":"Small Slimes","floor":5.0,"turns":3.0},{"damage":20.0,"enemies":"3 Sentries","floor":7.0,"turns":7.0},{"damage":18,"enemies":"Gremlin Nob","floor":10,"turns":4},{"damage":0,"enemies":"3 Louse","floor":12,"turns":4},{"damage":4,"enemies":"2 Fungi Beasts","floor":14,"turns":3},{"damage":21,"enemies":"Slime Boss","floor":16,"turns":8},{"damage":21,"enemies":"Shell Parasite","floor":18,"turns":4},{"damage":0,"enemies":"3 Byrds","floor":19,"turns":2},{"damage":15,"enemies":"Shelled Parasite and Fungi","floor":21,"turns":6},{"damage":7,"enemies":"3 Cultists","floor":22,"turns":5},{"damage":23,"enemies":"Gremlin Leader","floor":23,"turns":5}],"seed_played":"-6801247987581901432","potions_obtained":[{"floor":1.0,"key":"FearPotion"},{"floor":12,"key":"Ancient Potion"}],"is_trial":false,"path_per_floor":["M","M","?","$","M","R","E","$","T","E","?","M","R","M","R","B",null,"M","M","?","M","M","E"],"character_chosen":"THE_SILENT","items_purchased":["Noxious Fumes","Blur","Dagger Spray","Pen Nib","Poison Potion"],"campfire_rested":2,"item_purchase_floors":[4,4,4,4,8],"current_hp_per_floor":[52,52,45,45,41,41,21,21,21,3,3,3,37,33,66,45,61,40,40,40,25,18,0],"gold":263,"neow_bonus":"TWO_FIFTY_GOLD","is_prod":false,"is_daily":false,"chose_seed":false,"campfire_upgraded":1,"win_rate":0,"timestamp":1559161584,"path_taken":["M","?","?","$","M","R","E","$","T","E","?","M","R","M","R","BOSS","M","M","?","M","M","E"],"build_version":"2019-01-23","purchased_purges":0,"victory":false,"max_hp_per_floor":[66,66,66,66,66,66,66,66,66,66,66,66,66,66,66,66,66,66,66,66,66,66,66],"card_choices":[{"not_picked":["Sucker Punch","Well Laid Plans"],"picked":"Cloak And Dagger","floor":1.0},{"not_picked":["Terror","Dodge and Roll"],"picked":"PiercingWail","floor":2.0},{"not_picked":["Acrobatics","Accuracy"],"picked":"PiercingWail","floor":5.0},{"not_picked":["Backstab","Underhanded Strike"],"picked":"Deadly Poison","floor":7.0},{"not_picked":["Sucker Punch","Bane"],"picked":"PiercingWail","floor":10},{"not_picked":["Prepared","Acrobatics"],"picked":"Catalyst","floor":12},{"not_picked":["Underhanded Strike","Accuracy"],"picked":"Acrobatics","floor":13},{"not_picked":["Night Terror","Flechettes"],"picked":"Bouncing Flask","floor":14},{"not_picked":["Quick Slash","Expertise"],"picked":"Catalyst","floor":15},{"not_picked":["Venomology","Doppelganger"],"picked":"Corpse Explosion","floor":16},{"not_picked":["Outmaneuver","Dodge and Roll+1"],"picked":"Backflip","floor":18},{"not_picked":["Prepared+1","Underhanded Strike"],"picked":"Backflip","floor":19},{"not_picked":["Flying Knee+1","Dagger Spray"],"picked":"Dash","floor":21},{"not_picked":["Acrobatics","Endless Agony"],"picked":"Leg Sweep","floor":22}],"player_experience":383494,"relics_obtained":[{"floor":7.0,"key":"Snake Skull"},{"floor":9.0,"key":"Dream Catcher"},{"floor":10,"key":"Regal Pillow"}],"event_choices":[{"cards_removed":["Decay"],"damage_healed":0.0,"max_hp_gain":0.0,"max_hp_loss":0.0,"gold_gain":0.0,"event_name":"Golden Wing","player_choice":"Card Removal","floor":3.0,"gold_loss":0.0,"damage_taken":7.0},{"damage_healed":0,"gold_gain":0,"player_choice":"Ignored","damage_taken":0,"max_hp_gain":0,"max_hp_loss":0,"event_name":"Liars Game","floor":11,"gold_loss":0},{"damage_healed":0,"gold_gain":0,"player_choice":"Smashed Altar","damage_taken":0,"max_hp_gain":0,"max_hp_loss":0,"event_name":"Forgotten Altar","floor":20,"gold_loss":0,"cards_obtained":["Decay"]}],"is_beta":false,"boss_relics":[{"not_picked":["Runic Pyramid","Snecko Eye"],"picked":"Sozu"}],"items_purged_floors":[],"is_endless":false,"potions_floor_spawned":[1,12,18,21,22],"killed_by":"Gremlin Leader","ascension_level":15}