{"gold_per_floor":[13,32,43,43,60,91,91,111,161,194,206,206,281,294,294,397,397,417,429,446,224,237,264,264,295,295,323,28,28,41,59,59,162,162,172,82,93,108,120,145,158,158,158,183,183,214,214,214,214,214,214,214,42,75,75],"floor_reached":56,"playtime":3315,"items_purged":["Strike_G","Strike_G","Defend_G"],"score":1316,"play_id":"02b1baf6-56c3-43f0-96e7-8dae9214ee9d","local_time":"20190903215022","is_ascension_mode":false,"campfire_choices":[{"data":"Poisoned Stab","floor":7.0,"key":"SMITH"},{"data":"Deadly Poison","floor":12.0,"key":"SMITH"},{"data":"Crippling Poison","floor":15.0,"key":"SMITH"},{"data":"Wraith Form v2","floor":24.0,"key":"SMITH"},{"data":"Noxious Fumes","floor":29.0,"key":"SMITH"},{"data":"Noxious Fumes","floor":32,"key":"SMITH"},{"floor":42,"key":"REST"},{"floor":47,"key":"RECALL"},{"floor":49,"key":"REST"},{"floor":52,"key":"REST"}],"neow_cost":"NO_GOLD","seed_source_timestamp":737691755759991,"circlet_count":0,"master_deck":["Strike_G+1","Defend_G+1","Defend_G","Defend_G","Survivor","Neutralize+1","Poisoned Stab+1","Dagger Throw","Backflip","Backflip+1","Crippling Poison+1","PiercingWail","Deadly Poison+1","All Out Attack","Wraith Form v2+1","Malaise","Noxious Fumes+1","Noxious Fumes+1","Adrenaline","Skewer+1","Deadly Poison+1","Footwork","Catalyst+1","Footwork"],"special_seed":0,"relics":["Ring of the Snake","Strawberry","War Paint","Sundial","Velvet Choker","Anchor","Art of War","Regal Pillow","Red Mask","Membership Card","Fusion Hammer","Omamori","Pen Nib","Prayer Wheel","Bag of Marbles","Bottled Lightning"],"potions_floor_usage":[33,55,55,55],"damage_taken":[{"damage":0.0,"enemies":"Cultist","floor":1.0,"turns":5.0},{"damage":0.0,"enemies":"Jaw Worm","floor":2.0,"turns":4.0},{"damage":0.0,"enemies":"2 Louse","floor":3.0,"turns":3.0},{"damage":4.0,"enemies":"Blue Slaver","floor":5.0,"turns":3.0},{"damage":26.0,"enemies":"3 Sentries","floor":6.0,"turns":10.0},{"damage":2.0,"enemies":"Looter","floor":8.0,"turns":3.0},{"damage":7.0,"enemies":"Lagavulin","floor":10.0,"turns":7.0},{"damage":0.0,"enemies":"Red Slaver","floor":11.0,"turns":4.0},{"damage":0.0,"enemies":"Exordium Wildlife","floor":14.0,"turns":3.0},{"damage":8.0,"enemies":"The Guardian","floor":16.0,"turns":10.0},{"damage":3.0,"enemies":"Chosen","floor":18.0,"turns":4.0},{"damage":1.0,"enemies":"2 Thieves","floor":19.0,"turns":4.0},{"damage":2.0,"enemies":"Centurion and Healer","floor":20.0,"turns":6.0},{"damage":4.0,"enemies":"3 Cultists","floor":22.0,"turns":4.0},{"damage":2.0,"enemies":"Gremlin Leader","floor":23.0,"turns":6.0},{"damage":9.0,"enemies":"Slavers","floor":25.0,"turns":6.0},{"damage":0.0,"enemies":"Masked Bandits","floor":27.0,"turns":5.0},{"damage":3,"enemies":"Snecko","floor":30,"turns":5},{"damage":0,"enemies":"Snake Plant","floor":31,"turns":4},{"damage":29,"enemies":"Champ","floor":33,"turns":12},{"damage":0,"enemies":"3 Shapes","floor":35,"turns":4},{"damage":2,"enemies":"3 Darklings","floor":37,"turns":3},{"damage":17,"enemies":"Spire Growth","floor":38,"turns":4},{"damage":11,"enemies":"Jaw Worm Horde","floor":39,"turns":4},{"damage":1,"enemies":"Giant Head","floor":40,"turns":7},{"damage":0,"enemies":"Maw","floor":41,"turns":5},{"damage":28,"enemies":"Nemesis","floor":44,"turns":7},{"damage":0,"enemies":"Giant Head","floor":46,"turns":7},{"damage":57,"enemies":"Awakened One","floor":50,"turns":15},{"damage":0,"enemies":"Shield and Spear","floor":54,"turns":6},{"damage":45,"enemies":"The Heart","floor":55,"turns":9}],"seed_played":"8950594780995722224","potions_obtained":[{"floor":1.0,"key":"Block Potion"},{"floor":2.0,"key":"AttackPotion"},{"floor":8.0,"key":"EssenceOfSteel"},{"floor":27.0,"key":"SteroidPotion"},{"floor":33,"key":"Strength Potion"},{"floor":37,"key":"EssenceOfSteel"},{"floor":40,"key":"Block Potion"}],"is_trial":false,"path_per_floor":["M","M","M","?","M","E","R","M","T","E","M","R","?","M","R","B",null,"M","M","M","$","M","E","R","E","T","?","$","R","M","M","R","B",null,"M","?","M","M","M","E","M","R","T","E","?","E","R","?","R","B",null,"R","$","E","B",null],"character_chosen":"THE_SILENT","items_purchased":["Anchor","Membership Card","Noxious Fumes","Bag of Marbles","Footwork"],"campfire_rested":3,"item_purchase_floors":[21,28,28,53,53],"current_hp_per_floor":[70,70,70,70,66,47,47,45,45,38,38,38,31,31,31,23,77,74,73,71,71,67,65,65,56,56,56,56,56,53,53,53,24,77,77,77,75,58,47,46,46,77,77,49,49,49,49,49,77,20,77,77,77,77,32],"gold":75,"neow_bonus":"REMOVE_TWO","is_prod":false,"is_daily":false,"chose_seed":false,"campfire_upgraded":6,"win_rate":0,"timestamp":1567561822,"path_taken":["M","?","M","?","M","E","R","M","T","E","M","R","?","M","R","BOSS","M","M","M","$","M","E","R","E","T","?","?","R","M","M","R","BOSS","M","?","M","M","?","E","M","R","T","E","?","E","R","?","R","BOSS","R","$","E","BOSS"],"build_version":"2019-07-17","purchased_purges":3,"victory":true,"max_hp_per_floor":[70,70,70,70,70,77,77,77,77,77,77,77,77,77,77,77,77,77,77,77,77,77,77,77,77,77,77,77,77,77,77,77,77,77,77,77,77,77,77,77,77,77,77,77,77,77,77,77,77,77,77,77,77,77,77],"card_choices":[{"not_picked":["Slice","Underhanded Strike"],"picked":"Poisoned Stab","floor":1.0},{"not_picked":["Catalyst","Deflect"],"picked":"Dagger Throw","floor":2.0},{"not_picked":["Choke","Distraction","Calculated Gamble"],"picked":"SKIP","floor":3.0},{"not_picked":["Cloak And Dagger","Bane"],"picked":"Backflip","floor":5.0},{"not_picked":["Outmaneuver","Heel Hook"],"picked":"Backflip","floor":6.0},{"not_picked":["PiercingWail","Underhanded Strike"],"picked":"Crippling Poison","floor":8.0},{"not_picked":["Blur","Calculated Gamble"],"picked":"PiercingWail","floor":10.0},{"not_picked":["Outmaneuver","Deflect"],"picked":"Deadly Poison","floor":11.0},{"not_picked":["Quick Slash","Unload"],"picked":"All Out Attack","floor":14.0},{"not_picked":["Unload","Bullet Time"],"picked":"Wraith Form v2","floor":16.0},{"not_picked":["Bane","Flying Knee+1","Cloak And Dagger+1"],"picked":"SKIP","floor":18.0},{"not_picked":["Flechettes+1","Dodge and Roll"],"picked":"Dagger Spray+1","floor":19.0},{"not_picked":["Backflip+1","Eviscerate","Dodge and Roll"],"picked":"SKIP","floor":20.0},{"not_picked":["Dagger Spray","PiercingWail"],"picked":"Malaise","floor":22.0},{"not_picked":["All Out Attack","Skewer","Dagger Spray"],"picked":"SKIP","floor":23.0},{"not_picked":["Blade Dance","Tactician","Quick Slash"],"picked":"SKIP","floor":25.0},{"not_picked":["Dagger Spray","Outmaneuver","Quick Slash"],"picked":"SKIP","floor":30},{"not_picked":["Backstab+1","Choke"],"picked":"Noxious Fumes","floor":31},{"not_picked":["Envenom","Glass Knife"],"picked":"Adrenaline","floor":33},{"not_picked":["Outmaneuver","Noxious Fumes+1"],"picked":"Skewer+1","floor":35},{"not_picked":["Prepared","Tactician"],"picked":"Deadly Poison+1","floor":37},{"not_picked":["Riddle With Holes+1","Blade Dance+1"],"picked":"Footwork","floor":38},{"not_picked":["Choke","Deadly Poison+1"],"picked":"Catalyst+1","floor":39},{"not_picked":["Flying Knee+1","Grand Finale","Backflip"],"picked":"SKIP","floor":40},{"not_picked":["Choke","Predator","Masterful Stab+1"],"picked":"SKIP","floor":41},{"not_picked":["Bane+1","Envenom","Sucker Punch"],"picked":"SKIP","floor":44},{"not_picked":["Quick Slash+1","Dash+1","Backflip"],"picked":"SKIP","floor":46},{"not_picked":["Backstab+1","Distraction+1","Acrobatics"],"picked":"SKIP","floor":54}],"player_experience":1263603,"relics_obtained":[{"floor":6.0,"key":"Strawberry"},{"floor":9.0,"key":"War Paint"},{"floor":10.0,"key":"Sundial"},{"floor":23.0,"key":"Art of War"},{"floor":25.0,"key":"Regal Pillow"},{"floor":27.0,"key":"Red Mask"},{"floor":40,"key":"Omamori"},{"floor":44,"key":"Pen Nib"},{"floor":46,"key":"Prayer Wheel"},{"floor":54,"key":"Bottled Lightning"}],"event_choices":[{"damage_healed":0.0,"max_hp_gain":0.0,"max_hp_loss":0.0,"gold_gain":0.0,"event_name":"Living Wall","player_choice":"Grow","floor":4.0,"gold_loss":0.0,"damage_taken":0.0,"cards_upgraded":["Neutralize"]},{"damage_healed":0.0,"max_hp_gain":0.0,"max_hp_loss":0.0,"gold_gain":75.0,"event_name":"FaceTrader","player_choice":"Touch","floor":13.0,"gold_loss":0.0,"damage_taken":7.0},{"damage_healed":0.0,"max_hp_gain":0.0,"max_hp_loss":0.0,"gold_gain":0.0,"event_name":"Masked Bandits","player_choice":"Fought Bandits","floor":27.0,"gold_loss":0.0,"damage_taken":0.0},{"cards_removed":["Strike_G"],"damage_healed":0,"gold_gain":0,"player_choice":"Upgrade and Remove","damage_taken":0,"max_hp_gain":0,"max_hp_loss":0,"event_name":"Designer","floor":36,"gold_loss":90,"cards_upgraded":["Strike_G"]},{"damage_healed":0,"gold_gain":0,"player_choice":"Ignored","damage_taken":0,"max_hp_gain":0,"max_hp_loss":0,"event_name":"Mysterious Sphere","floor":45,"gold_loss":0},{"cards_removed":["Dagger Spray"],"damage_healed":0,"gold_gain":0,"player_choice":"Removed Attack","damage_taken":0,"max_hp_gain":0,"max_hp_loss":0,"event_name":"Falling","floor":48,"gold_loss":0}],"is_beta":false,"boss_relics":[{"not_picked":["Empty Cage","Runic Dome"],"picked":"Velvet Choker"},{"not_picked":["Pandora\u0027s Box","Busted Crown"],"picked":"Fusion Hammer"}],"items_purged_floors":[21,28,53],"is_endless":false,"potions_floor_spawned":[1,2,8,11,18,23,27,30,33,37,40,41,44],"ascension_level":0}