{"gold_per_floor":[115,131,141,161,179,179,208,208,231,58,58,90,109,122,122,226,226,241,67,67,77,90,90,90],"floor_reached":24,"playtime":2502,"items_purged":["Strike_R","Regret"],"score":235,"play_id":"8eff7ab5-4ddb-4714-9e4d-5f5182e93900","local_time":"20191005011052","is_ascension_mode":false,"campfire_choices":[{"data":"Body Slam","floor":6,"key":"SMITH"},{"data":"Armaments","floor":8,"key":"SMITH"},{"data":"Thunderclap","floor":15,"key":"SMITH"},{"floor":23,"key":"REST"}],"neow_cost":"PERCENT_DAMAGE","seed_source_timestamp":34922458657900,"circlet_count":0,"master_deck":["Defend_R","Defend_R","Defend_R","Defend_R","Bash","Cleave","Armaments+1","Iron Wave","Body Slam+1","Dual Wield","Juggernaut","True Grit","Inflame","Thunderclap+1","Sever Soul","Thunderclap","Double Tap","Shrug It Off","Reckless Charge","Bite","Bite","Bite","Bite","Bite","Flex"],"relics":["Burning Blood","Bottled Flame","Centennial Puzzle","Boot","Black Star"],"potions_floor_usage":[18,22,22],"damage_taken":[{"damage":11,"enemies":"Jaw Worm","floor":1,"turns":5},{"damage":0,"enemies":"2 Louse","floor":2,"turns":3},{"damage":2,"enemies":"Cultist","floor":3,"turns":6},{"damage":9,"enemies":"2 Fungi Beasts","floor":4,"turns":3},{"damage":2,"enemies":"Blue Slaver","floor":5,"turns":4},{"damage":19,"enemies":"Gremlin Nob","floor":7,"turns":5},{"damage":13,"enemies":"3 Sentries","floor":12,"turns":6},{"damage":0,"enemies":"Lots of Slimes","floor":13,"turns":1},{"damage":15,"enemies":"Large Slime","floor":14,"turns":6},{"damage":35,"enemies":"Slime Boss","floor":16,"turns":9},{"damage":17,"enemies":"Spheric Guardian","floor":18,"turns":4},{"damage":24,"enemies":"Shell Parasite","floor":21,"turns":8},{"damage":48,"enemies":"Snecko","floor":22,"turns":7},{"damage":51,"enemies":"Slavers","floor":24,"turns":3}],"seed_played":"5951589205054351823","potions_obtained":[{"floor":1,"key":"Weak Potion"},{"floor":5,"key":"Dexterity Potion"},{"floor":12,"key":"Fire Potion"},{"floor":18,"key":"EssenceOfSteel"}],"is_trial":false,"path_per_floor":["M","M","M","M","M","R","E","R","T","$","?","E","M","M","R","B",null,"M","$","?","M","M","R","E"],"character_chosen":"IRONCLAD","items_purchased":["True Grit","Inflame","Reckless Charge"],"campfire_rested":1,"item_purchase_floors":[10,10,19],"current_hp_per_floor":[51,57,61,58,62,62,49,49,49,49,49,44,52,45,45,18,80,69,69,69,59,21,45,0],"gold":90,"neow_bonus":"REMOVE_TWO","is_prod":false,"is_daily":false,"chose_seed":false,"campfire_upgraded":3,"win_rate":0.0,"timestamp":1570252252,"path_taken":["M","M","M","M","M","R","E","R","T","$","?","E","M","M","R","BOSS","M","$","?","M","M","R","E"],"build_version":"2019-07-17","purchased_purges":2,"victory":false,"max_hp_per_floor":[80,80,80,80,80,80,80,80,80,80,80,80,80,80,80,80,80,80,80,80,80,80,80,80],"card_choices":[{"not_picked":["Whirlwind","Thunderclap"],"picked":"Cleave","floor":1},{"not_picked":["Wild Strike","Bloodletting"],"picked":"Armaments","floor":2},{"not_picked":["Shockwave","Warcry"],"picked":"Iron Wave","floor":3},{"not_picked":["Inflame","Wild Strike"],"picked":"Body Slam","floor":4},{"not_picked":["Clash","Offering"],"picked":"Dual Wield","floor":5},{"not_picked":["Body Slam","Uppercut"],"picked":"Juggernaut","floor":7},{"not_picked":["Bloodletting","Second Wind"],"picked":"Thunderclap","floor":12},{"not_picked":["Power Through","True Grit"],"picked":"Sever Soul","floor":13},{"not_picked":["Feel No Pain","Sword Boomerang"],"picked":"Thunderclap","floor":14},{"not_picked":["Limit Break","Impervious"],"picked":"Double Tap","floor":16},{"not_picked":["Anger","Headbutt"],"picked":"Shrug It Off","floor":18},{"not_picked":["Infernal Blade","Shrug It Off"],"picked":"Flex","floor":21},{"not_picked":["Rampage","True Grit","Pommel Strike"],"picked":"SKIP","floor":22}],"player_experience":20680,"relics_obtained":[{"floor":7,"key":"Bottled Flame"},{"floor":9,"key":"Centennial Puzzle"},{"floor":12,"key":"Boot"}],"event_choices":[{"damage_healed":0,"gold_gain":0,"player_choice":"Box","damage_taken":0,"relics_obtained":["Blood Vial"],"max_hp_gain":0,"max_hp_loss":0,"event_name":"Big Fish","floor":11,"gold_loss":0,"cards_obtained":["Regret"]},{"damage_healed":0,"gold_gain":0,"player_choice":"Became a vampire (Vial)","damage_taken":0,"max_hp_gain":0,"max_hp_loss":0,"event_name":"Vampires","floor":20,"relics_lost":["Blood Vial"],"gold_loss":0,"cards_obtained":["Bite","Bite","Bite","Bite","Bite"]}],"is_beta":false,"boss_relics":[{"not_picked":["Cursed Key","Fusion Hammer"],"picked":"Black Star"}],"items_purged_floors":[10,19],"is_endless":false,"potions_floor_spawned":[1,5,12,13,18,21],"killed_by":"Slavers","ascension_level":0}