{"gold_per_floor":[111,125,125,44,44,79,79,95,142,142,175,189,200,230,230,307,307,317,336,261,261,35,35,60,60,60,78,103,120,135,162,162,240,240,260,260,278,290,307,341,341,373,373,373,373,392,392,412,412,412],"floor_reached":51,"playtime":2638,"items_purged":["Strike_B"],"score":1540,"play_id":"61c1a623-f5b2-4754-9690-c5ca9ff37f50","local_time":"20190819191655","is_ascension_mode":true,"campfire_choices":[{"floor":7.0,"key":"REST"},{"data":"Loop","floor":10.0,"key":"SMITH"},{"floor":15.0,"key":"REST"},{"floor":23.0,"key":"REST"},{"data":"Biased Cognition","floor":25.0,"key":"SMITH"},{"data":"Capacitor","floor":32.0,"key":"SMITH"},{"data":"Buffer","floor":41.0,"key":"SMITH"},{"data":"Ghostly","floor":45,"key":"SMITH"},{"data":"Ghostly","floor":47,"key":"SMITH"},{"floor":49,"key":"REST"}],"neow_cost":"NONE","seed_source_timestamp":257558532723759,"circlet_count":0,"master_deck":["AscendersBane","Defend_B","Defend_B","Defend_B","Defend_B","Zap","Dualcast","Gash","Loop+1","Sweeping Beam","Reinforced Body","Buffer+1","Steam","Gash","Core Surge","Biased Cognition+1","Ghostly+1","Ghostly+1","Ghostly","Electrodynamics","Capacitor+1","Chill","Conserve Battery","Parasite","Gash","Gash"],"special_seed":0,"relics":["Cracked Core","Regal Pillow","PreservedInsect","Bag of Marbles","Shuriken","Happy Flower","Busted Crown","Mercury Hourglass","Thread and Needle","Kunai","Orichalcum","Sozu","Oddly Smooth Stone","Bag of Preparation"],"potions_floor_usage":[50],"damage_taken":[{"damage":4.0,"enemies":"Jaw Worm","floor":1.0,"turns":3.0},{"damage":1.0,"enemies":"Cultist","floor":2.0,"turns":3.0},{"damage":34.0,"enemies":"Lagavulin","floor":6.0,"turns":9.0},{"damage":0.0,"enemies":"Small Slimes","floor":8.0,"turns":3.0},{"damage":11.0,"enemies":"Gremlin Nob","floor":11.0,"turns":3.0},{"damage":2.0,"enemies":"2 Fungi Beasts","floor":12.0,"turns":4.0},{"damage":12.0,"enemies":"Exordium Wildlife","floor":13.0,"turns":4.0},{"damage":5.0,"enemies":"3 Sentries","floor":14.0,"turns":6.0},{"damage":36.0,"enemies":"Slime Boss","floor":16.0,"turns":10.0},{"damage":18.0,"enemies":"Shell Parasite","floor":18.0,"turns":6.0},{"damage":38.0,"enemies":"Chosen","floor":19.0,"turns":6.0},{"damage":0.0,"enemies":"Gremlin Leader","floor":24.0,"turns":5.0},{"damage":0.0,"enemies":"Sentry and Sphere","floor":27.0,"turns":5.0},{"damage":0.0,"enemies":"Book of Stabbing","floor":28.0,"turns":4.0},{"damage":0.0,"enemies":"Shelled Parasite and Fungi","floor":29.0,"turns":5.0},{"damage":0.0,"enemies":"3 Cultists","floor":30.0,"turns":5.0},{"damage":0.0,"enemies":"Slavers","floor":31.0,"turns":3.0},{"damage":4.0,"enemies":"Collector","floor":33.0,"turns":9.0},{"damage":0.0,"enemies":"Orb Walker","floor":35.0,"turns":5.0},{"damage":0.0,"enemies":"3 Darklings","floor":37.0,"turns":4.0},{"damage":0.0,"enemies":"Jaw Worm Horde","floor":38.0,"turns":3.0},{"damage":0.0,"enemies":"Sphere and 2 Shapes","floor":39.0,"turns":4.0},{"damage":13.0,"enemies":"Giant Head","floor":40.0,"turns":7.0},{"damage":0.0,"enemies":"Nemesis","floor":42.0,"turns":8.0},{"damage":0,"enemies":"Writhing Mass","floor":46,"turns":6},{"damage":0,"enemies":"Maw","floor":48,"turns":8},{"damage":22,"enemies":"Awakened One","floor":50,"turns":15}],"seed_played":"8414110101681051415","potions_obtained":[{"floor":2.0,"key":"EssenceOfSteel"},{"floor":11.0,"key":"PowerPotion"},{"floor":13.0,"key":"FairyPotion"},{"floor":16.0,"key":"PowerPotion"},{"floor":28.0,"key":"Swift Potion"},{"floor":31.0,"key":"SteroidPotion"}],"is_trial":false,"path_per_floor":["M","M","?","$","$","E","R","M","T","R","E","M","M","E","R","B",null,"M","M","?","?","$","R","E","R","T","M","E","M","M","E","R","B",null,"M","?","M","M","M","E","R","E","T","?","R","M","R","M","R","B",null],"character_chosen":"DEFECT","items_purchased":["Loop","Electrodynamics"],"campfire_rested":4,"item_purchase_floors":[4,22],"current_hp_per_floor":[60,59,52,52,52,18,54,54,54,54,43,41,29,24,60,24,59,41,3,3,3,3,28,28,28,28,28,28,28,28,28,28,24,32,32,32,32,32,32,19,19,19,19,19,19,19,19,19,35,13],"gold":412,"neow_bonus":"RANDOM_COMMON_RELIC","is_prod":false,"is_daily":false,"chose_seed":false,"campfire_upgraded":6,"win_rate":0,"timestamp":1566235015,"path_taken":["M","M","?","?","$","E","R","M","T","R","E","M","?","E","R","BOSS","M","M","?","?","$","R","E","R","T","M","E","M","M","E","R","BOSS","M","?","M","?","M","E","R","E","T","?","R","M","R","M","R","BOSS"],"build_version":"2019-07-17","purchased_purges":1,"victory":true,"max_hp_per_floor":[71,71,71,71,71,71,71,71,71,71,71,71,71,71,71,71,71,71,71,71,35,35,35,35,35,35,35,35,35,35,35,35,35,35,35,35,35,35,35,35,35,35,35,35,35,35,35,35,35,35],"card_choices":[{"not_picked":["Cold Snap","Redo"],"picked":"Gash","floor":1.0},{"not_picked":["Barrage","Aggregate","Storm"],"picked":"SKIP","floor":2.0},{"not_picked":["Turbo","Double Energy"],"picked":"Sweeping Beam","floor":6.0},{"not_picked":["Recycle","Capacitor"],"picked":"Reinforced Body","floor":8.0},{"not_picked":["Self Repair","Reprogram"],"picked":"Buffer","floor":11.0},{"not_picked":["Rebound","Storm"],"picked":"Steam","floor":12.0},{"not_picked":["Sweeping Beam","Auto Shields"],"picked":"Gash","floor":13.0},{"not_picked":["Compile Driver","Multi-Cast"],"picked":"Core Surge","floor":14.0},{"not_picked":["All For One","Reboot"],"picked":"Biased Cognition","floor":16.0},{"not_picked":["Blizzard+1"],"picked":"SKIP","floor":18.0},{"not_picked":["Steam"],"picked":"SKIP","floor":19.0},{"not_picked":[],"picked":"Capacitor","floor":24.0},{"not_picked":["Compile Driver"],"picked":"SKIP","floor":27.0},{"not_picked":[],"picked":"Chill","floor":28.0},{"not_picked":["Stack"],"picked":"SKIP","floor":29.0},{"not_picked":["Sweeping Beam"],"picked":"SKIP","floor":30.0},{"not_picked":["Chaos"],"picked":"SKIP","floor":31.0},{"not_picked":["Stack"],"picked":"SKIP","floor":35.0},{"not_picked":["Turbo"],"picked":"SKIP","floor":37.0},{"not_picked":["Compile Driver"],"picked":"SKIP","floor":38.0},{"not_picked":[],"picked":"Go for the Eyes","floor":39.0},{"not_picked":["Thunder Strike"],"picked":"SKIP","floor":40.0},{"not_picked":[],"picked":"Conserve Battery","floor":42.0},{"not_picked":[],"picked":"Gash","floor":46},{"not_picked":[],"picked":"Gash","floor":48}],"player_experience":750327,"relics_obtained":[{"floor":6.0,"key":"PreservedInsect"},{"floor":9.0,"key":"Bag of Marbles"},{"floor":11.0,"key":"Shuriken"},{"floor":14.0,"key":"Happy Flower"},{"floor":24.0,"key":"Mercury Hourglass"},{"floor":26.0,"key":"Thread and Needle"},{"floor":28.0,"key":"Kunai"},{"floor":31.0,"key":"Orichalcum"},{"floor":40.0,"key":"Oddly Smooth Stone"},{"floor":43.0,"key":"Bag of Preparation"}],"event_choices":[{"cards_removed":["Strike_B"],"damage_healed":0.0,"max_hp_gain":0.0,"max_hp_loss":0.0,"gold_gain":0.0,"event_name":"Golden Wing","player_choice":"Card Removal","floor":3.0,"gold_loss":0.0,"damage_taken":7.0},{"cards_removed":["Strike_B"],"damage_healed":0.0,"max_hp_gain":0.0,"max_hp_loss":0.0,"gold_gain":0.0,"event_name":"Beggar","player_choice":"Gave Gold","floor":20.0,"gold_loss":75.0,"damage_taken":0.0},{"damage_healed":0.0,"max_hp_gain":0.0,"max_hp_loss":36.0,"gold_gain":0.0,"event_name":"Ghosts","player_choice":"Became a Ghost","floor":21.0,"gold_loss":0.0,"damage_taken":0.0,"cards_obtained":["Ghostly","Ghostly","Ghostly"]},{"cards_removed":["Strike_B"],"damage_healed":0.0,"max_hp_gain":0.0,"max_hp_loss":0.0,"gold_gain":0.0,"event_name":"Bonfire Elementals","player_choice":"Offered Basic","floor":36.0,"gold_loss":0.0,"damage_taken":0.0},{"cards_removed":["Go for the Eyes"],"damage_healed":0.0,"max_hp_gain":0.0,"max_hp_loss":0.0,"gold_gain":0.0,"event_name":"Falling","player_choice":"Removed Attack","floor":44.0,"gold_loss":0.0,"damage_taken":0.0}],"is_beta":false,"boss_relics":[{"not_picked":["White Beast Statue","Calling Bell"],"picked":"Busted Crown"},{"not_picked":["FrozenCore","Orrery"],"picked":"Sozu"}],"items_purged_floors":[22],"is_endless":false,"potions_floor_spawned":[2,11,13,16,18,24,27,28,31,37,38,42,46],"ascension_level":15}