{"gold_per_floor":[113,113,131,131,131,162,162,162,162,127,152,176,212,225,225,350,350,373,393,393,393,417,456,472,298,298,319,332,332,370,383,383,502,502,526,526,549,305,319,319,355,355,355,373,108,124,158,179,179,179,179,179,29,64,64],"floor_reached":56,"playtime":3198,"items_purged":["Rupture","Strike_R","Strike_R","Strike_R"],"score":1286,"play_id":"249ba8ba-8052-4ce6-9287-0c834e00d636","local_time":"20190813201427","is_ascension_mode":false,"campfire_choices":[{"data":"Bash","floor":7,"key":"SMITH"},{"data":"True Grit","floor":15,"key":"SMITH"},{"data":"Demon Form","floor":29,"key":"SMITH"},{"data":"True Grit","floor":32,"key":"SMITH"},{"data":"Heavy Blade","floor":40,"key":"SMITH"},{"floor":42,"key":"RECALL"},{"data":"Shrug It Off","floor":49,"key":"SMITH"},{"data":"Clothesline","floor":52,"key":"SMITH"}],"neow_cost":"NONE","seed_source_timestamp":1904736343870137,"circlet_count":0,"master_deck":["Defend_R","Defend_R","Defend_R","Defend_R","Bash+1","Thunderclap","Battle Trance","Reaper","Pommel Strike","Reaper","Clothesline+1","True Grit+1","Demon Form+1","True Grit+1","Shrug It Off+1","Spot Weakness+1","Heavy Blade+1","Shrug It Off+1","Reaper","Limit Break+1","Disarm+1","Shrug It Off+1","Exhume+1","Offering+1","Intimidate+1"],"relics":["Burning Blood","PreservedInsect","Golden Idol","Anchor","Red Skull","Vajra","Coffee Dripper","MutagenicStrength","Mercury Hourglass","Omamori","Toxic Egg 2","Busted Crown","Unceasing Top","Paper Frog","Pear","Bronze Scales"],"potions_floor_usage":[31,55,55],"damage_taken":[{"damage":1,"enemies":"Cultist","floor":1,"turns":3},{"damage":5,"enemies":"Jaw Worm","floor":3,"turns":4},{"damage":40,"enemies":"Lagavulin","floor":6,"turns":6},{"damage":0,"enemies":"Small Slimes","floor":11,"turns":3},{"damage":0,"enemies":"3 Louse","floor":12,"turns":3},{"damage":31,"enemies":"3 Sentries","floor":13,"turns":8},{"damage":7,"enemies":"Large Slime","floor":14,"turns":6},{"damage":90,"enemies":"Hexaghost","floor":16,"turns":11},{"damage":2,"enemies":"Shell Parasite","floor":18,"turns":4},{"damage":0,"enemies":"Chosen","floor":19,"turns":4},{"damage":7,"enemies":"Snecko","floor":22,"turns":4},{"damage":34,"enemies":"Slavers","floor":23,"turns":5},{"damage":0,"enemies":"Cultist and Chosen","floor":24,"turns":4},{"damage":9,"enemies":"3 Cultists","floor":27,"turns":5},{"damage":0,"enemies":"Centurion and Healer","floor":28,"turns":6},{"damage":42,"enemies":"Gremlin Leader","floor":30,"turns":6},{"damage":34,"enemies":"Sentry and Sphere","floor":31,"turns":7},{"damage":101,"enemies":"Automaton","floor":33,"turns":11},{"damage":3,"enemies":"3 Shapes","floor":35,"turns":3},{"damage":2,"enemies":"Orb Walker","floor":37,"turns":3},{"damage":36,"enemies":"Spire Growth","floor":39,"turns":6},{"damage":0,"enemies":"Giant Head","floor":41,"turns":4},{"damage":18,"enemies":"Jaw Worm Horde","floor":44,"turns":4},{"damage":17,"enemies":"4 Shapes","floor":46,"turns":4},{"damage":33,"enemies":"Reptomancer","floor":47,"turns":4},{"damage":12,"enemies":"Spire Growth","floor":48,"turns":3},{"damage":16,"enemies":"Time Eater","floor":50,"turns":7},{"damage":39,"enemies":"Shield and Spear","floor":54,"turns":5},{"damage":79,"enemies":"The Heart","floor":55,"turns":8}],"seed_played":"7757626429825643924","potions_obtained":[{"floor":3,"key":"LiquidBronze"},{"floor":6,"key":"Poison Potion"},{"floor":14,"key":"Weak Potion"},{"floor":19,"key":"BloodPotion"},{"floor":30,"key":"Swift Potion"},{"floor":31,"key":"Ancient Potion"},{"floor":33,"key":"FearPotion"}],"is_trial":false,"path_per_floor":["M","?","M","?","?","E","R","?","T","?","M","M","E","M","R","B",null,"M","M","?","?","M","E","M","$","T","M","M","R","E","M","R","B",null,"M","?","M","$","M","R","E","R","T","M","$","M","E","M","R","B",null,"R","$","E","B",null],"character_chosen":"IRONCLAD","items_purchased":["Heavy Blade","Shrug It Off","Exhume+1","Offering+1"],"campfire_rested":0,"item_purchase_floors":[25,25,38,45],"current_hp_per_floor":[80,60,61,61,43,9,9,14,14,35,54,72,63,77,77,12,85,85,85,85,85,85,73,85,85,85,84,85,85,73,65,65,14,85,85,85,85,85,79,79,85,85,85,85,85,85,95,95,95,85,95,95,95,95,95],"gold":64,"neow_bonus":"RANDOM_COMMON_RELIC","is_prod":false,"is_daily":false,"chose_seed":false,"campfire_upgraded":7,"win_rate":0,"timestamp":1565741667,"path_taken":["M","?","M","?","?","E","R","?","T","?","M","?","E","M","R","BOSS","M","M","?","?","M","E","?","$","T","M","M","R","E","M","R","BOSS","M","?","?","$","M","R","E","R","T","M","$","M","E","M","R","BOSS","R","$","E","BOSS"],"build_version":"2019-07-17","purchased_purges":4,"victory":true,"max_hp_per_floor":[80,80,80,80,80,80,80,85,85,85,85,85,85,85,85,85,85,85,85,85,85,85,85,85,85,85,85,85,85,85,85,85,85,85,85,85,85,85,85,85,85,85,85,85,85,85,95,95,95,95,95,95,95,95,95],"card_choices":[{"not_picked":["Cleave","Iron Wave"],"picked":"Thunderclap","floor":1},{"not_picked":["Flex","Body Slam"],"picked":"Battle Trance","floor":3},{"not_picked":["Clash","Iron Wave"],"picked":"Reaper","floor":6},{"not_picked":["Warcry","Reckless Charge"],"picked":"Pommel Strike","floor":11},{"not_picked":["Perfected Strike","Thunderclap"],"picked":"Reaper","floor":12},{"not_picked":["Iron Wave","Sentinel"],"picked":"Clothesline","floor":13},{"not_picked":["Headbutt","Armaments"],"picked":"True Grit","floor":14},{"not_picked":["Barricade","Reaper"],"picked":"Demon Form","floor":16},{"not_picked":["Fire Breathing","Metallicize"],"picked":"True Grit","floor":18},{"not_picked":["Perfected Strike+1","Warcry","Body Slam"],"picked":"SKIP","floor":19},{"not_picked":["Uppercut+1","Second Wind+1"],"picked":"Shrug It Off+1","floor":22},{"not_picked":["Berserk","Flex+1"],"picked":"Spot Weakness+1","floor":23},{"not_picked":["Pommel Strike+1","Clothesline","Perfected Strike"],"picked":"SKIP","floor":24},{"not_picked":["Hemokinesis","Headbutt","Sword Boomerang+1"],"picked":"SKIP","floor":27},{"not_picked":["Havoc","Pommel Strike","Armaments"],"picked":"SKIP","floor":28},{"not_picked":["Second Wind","Iron Wave","Pummel"],"picked":"SKIP","floor":30},{"not_picked":["Second Wind","Iron Wave","Pummel"],"picked":"SKIP","floor":30},{"not_picked":["Corruption","Headbutt"],"picked":"Reaper","floor":31},{"not_picked":["Barricade","Reaper"],"picked":"Limit Break+1","floor":33},{"not_picked":[],"picked":"Disarm+1","floor":35},{"not_picked":[],"picked":"Shrug It Off+1","floor":37},{"not_picked":["Dropkick+1"],"picked":"SKIP","floor":39},{"not_picked":["Feel No Pain"],"picked":"SKIP","floor":41},{"not_picked":["Wild Strike+1"],"picked":"SKIP","floor":44},{"not_picked":[],"picked":"Intimidate+1","floor":46},{"not_picked":["Searing Blow"],"picked":"SKIP","floor":47},{"not_picked":["Battle Trance+1"],"picked":"SKIP","floor":48},{"not_picked":["Headbutt"],"picked":"SKIP","floor":54}],"player_experience":1236952,"relics_obtained":[{"floor":6,"key":"Red Skull"},{"floor":13,"key":"Vajra"},{"floor":23,"key":"Mercury Hourglass"},{"floor":26,"key":"Omamori"},{"floor":30,"key":"Toxic Egg 2"},{"floor":41,"key":"Unceasing Top"},{"floor":43,"key":"Paper Frog"},{"floor":47,"key":"Pear"},{"floor":54,"key":"Bronze Scales"}],"event_choices":[{"damage_healed":0,"gold_gain":0,"player_choice":"Take Damage","damage_taken":20,"relics_obtained":["Golden Idol"],"max_hp_gain":0,"max_hp_loss":0,"event_name":"Golden Idol","floor":2,"gold_loss":0},{"cards_removed":["Strike_R"],"damage_healed":0,"gold_gain":0,"player_choice":"Forget","damage_taken":0,"max_hp_gain":0,"max_hp_loss":0,"event_name":"Living Wall","floor":4,"gold_loss":0},{"damage_healed":0,"gold_gain":0,"player_choice":"Success","damage_taken":18,"relics_obtained":["Anchor"],"max_hp_gain":0,"max_hp_loss":0,"event_name":"Scrap Ooze","floor":5,"gold_loss":0},{"damage_healed":0,"gold_gain":0,"player_choice":"Donut","damage_taken":0,"max_hp_gain":5,"max_hp_loss":0,"event_name":"Big Fish","floor":8,"gold_loss":0},{"damage_healed":21,"gold_gain":0,"player_choice":"Healed","damage_taken":0,"max_hp_gain":0,"max_hp_loss":0,"event_name":"The Cleric","floor":10,"gold_loss":35},{"damage_healed":0,"gold_gain":0,"player_choice":"Inject Mutagens","damage_taken":0,"relics_obtained":["MutagenicStrength"],"max_hp_gain":0,"max_hp_loss":0,"event_name":"Drug Dealer","floor":20,"gold_loss":0},{"damage_healed":0,"gold_gain":0,"cards_transformed":["Strike_R"],"player_choice":"Transformed","damage_taken":0,"max_hp_gain":0,"max_hp_loss":0,"event_name":"Transmorgrifier","floor":21,"gold_loss":0,"cards_obtained":["Rupture"]},{"damage_healed":0,"gold_gain":0,"player_choice":"Ignored","damage_taken":0,"max_hp_gain":0,"max_hp_loss":0,"event_name":"NoteForYourself","floor":36,"gold_loss":0}],"is_beta":false,"boss_relics":[{"not_picked":["Runic Pyramid","White Beast Statue"],"picked":"Coffee Dripper"},{"not_picked":["Pandora\u0027s Box","Empty Cage"],"picked":"Busted Crown"}],"items_purged_floors":[25,38,45,53],"is_endless":false,"potions_floor_spawned":[3,6,14,19,22,30,31,33,39,46,48,54],"ascension_level":0}