{"gold_per_floor":[119,50,66,76,251,251,251,271,295,307,331,357,397,425,437,554,566,594,195,212,212,228,562,581,581],"floor_reached":25,"playtime":860,"items_purged":[],"score":227,"play_id":"fa5d2e2d-5436-41f4-8bd5-653cf4a8bf90","local_time":"20190612185159","is_ascension_mode":false,"campfire_choices":[{"data":"True Grit","floor":6,"key":"SMITH"},{"data":"Bash","floor":10,"key":"SMITH"},{"data":"Immolate","floor":15,"key":"SMITH"}],"neow_cost":"NONE","seed_source_timestamp":10107210402787,"circlet_count":0,"master_deck":["Strike_R","Strike_R","Strike_R","Strike_R","Strike_R","Defend_R","Defend_R","Defend_R","Defend_R","Bash+1","True Grit+1","Feel No Pain","Iron Wave","Headbutt","Doubt","Pain","Writhe","Infernal Blade","Immolate+1","Demon Form","Cleave","Rupture","Shrug It Off","Rupture","Parasite","Disarm+1","Infernal Blade+1","Heavy Blade"],"relics":["Cursed Key","WarpedTongs","MawBank","Ancient Tea Set","Runic Dome","Du-Vu Doll","Toxic Egg 2","Old Coin"],"potions_floor_usage":[],"damage_taken":[{"damage":0,"enemies":"Cultist","floor":1,"turns":3},{"damage":1,"enemies":"Jaw Worm","floor":3,"turns":3},{"damage":0,"enemies":"Small Slimes","floor":4,"turns":3},{"damage":1,"enemies":"Red Slaver","floor":8,"turns":4},{"damage":12,"enemies":"2 Fungi Beasts","floor":11,"turns":2},{"damage":6,"enemies":"Blue Slaver","floor":12,"turns":3},{"damage":13,"enemies":"3 Sentries","floor":13,"turns":9},{"damage":4,"enemies":"Red Slaver","floor":14,"turns":3},{"damage":34,"enemies":"The Guardian","floor":16,"turns":11},{"damage":3,"enemies":"3 Byrds","floor":18,"turns":5},{"damage":8,"enemies":"Chosen","floor":20,"turns":4},{"damage":2,"enemies":"Shelled Parasite and Fungi","floor":22,"turns":2},{"damage":51,"enemies":"Slavers","floor":23,"turns":6},{"damage":0,"enemies":"Centurion and Healer","floor":24,"turns":3},{"damage":19,"enemies":"Gremlin Leader","floor":25,"turns":4}],"seed_played":"-6392938270223751779","potions_obtained":[{"floor":1,"key":"Energy Potion"},{"floor":11,"key":"Ancient Potion"},{"floor":12,"key":"GamblersBrew"},{"floor":24,"key":"Strength Potion"}],"is_trial":false,"path_per_floor":["M","$","M","M","?","R","?","M","T","R","M","M","E","M","R","B",null,"M","$","M","T","M","E","M","E"],"character_chosen":"IRONCLAD","items_purchased":["Feel No Pain","Du-Vu Doll","Rupture","Shrug It Off"],"campfire_rested":0,"item_purchase_floors":[2,19,19,19],"current_hp_per_floor":[80,80,79,79,79,79,79,78,78,78,66,60,47,43,43,9,80,77,77,69,69,67,16,16,0],"gold":581,"neow_bonus":"BOSS_RELIC","is_prod":false,"is_daily":false,"chose_seed":false,"campfire_upgraded":3,"win_rate":0,"timestamp":1560358319,"path_taken":["M","$","?","M","?","R","?","M","T","R","M","M","E","M","R","BOSS","M","$","?","?","M","E","M","E"],"build_version":"2019-01-23","purchased_purges":0,"victory":false,"max_hp_per_floor":[80,80,80,80,80,80,80,80,80,80,80,80,80,80,80,80,80,80,80,80,80,80,80,80,80],"card_choices":[{"not_picked":["Wild Strike","Shrug It Off"],"picked":"True Grit","floor":1},{"not_picked":["Blood for Blood","Fire Breathing"],"picked":"Iron Wave","floor":3},{"not_picked":["Clash","Dropkick"],"picked":"Headbutt","floor":4},{"not_picked":["Dark Embrace","Searing Blow","Warcry"],"picked":"SKIP","floor":8},{"not_picked":["Flex","Havoc"],"picked":"Infernal Blade","floor":11},{"not_picked":["Dropkick","Warcry","Body Slam"],"picked":"SKIP","floor":12},{"not_picked":["Searing Blow","Shrug It Off"],"picked":"Immolate","floor":13},{"not_picked":["Combust","Heavy Blade","Twin Strike"],"picked":"SKIP","floor":14},{"not_picked":["Dark Embrace","Double Tap"],"picked":"Demon Form","floor":16},{"not_picked":["Pommel Strike","Clash"],"picked":"Cleave","floor":18},{"not_picked":["Pommel Strike+1","Body Slam"],"picked":"Rupture","floor":20},{"not_picked":["Pummel+1","Warcry+1"],"picked":"Disarm+1","floor":22},{"not_picked":["Entrench+1","Clash"],"picked":"Infernal Blade+1","floor":23},{"not_picked":["Bludgeon","Clothesline"],"picked":"Heavy Blade","floor":24}],"player_experience":522072,"relics_obtained":[{"floor":9,"key":"MawBank"},{"floor":13,"key":"Ancient Tea Set"},{"floor":21,"key":"Toxic Egg 2"},{"floor":23,"key":"Old Coin"}],"event_choices":[{"damage_healed":0,"gold_gain":175,"player_choice":"AGREE","damage_taken":0,"max_hp_gain":0,"max_hp_loss":0,"event_name":"Liars Game","floor":5,"gold_loss":0,"cards_obtained":["Doubt"]},{"damage_healed":0,"gold_gain":0,"player_choice":"Rummage","damage_taken":0,"relics_obtained":["WarpedTongs"],"max_hp_gain":0,"max_hp_loss":0,"event_name":"Accursed Blacksmith","floor":7,"gold_loss":0,"cards_obtained":["Pain"]}],"is_beta":false,"boss_relics":[{"not_picked":["Tiny House","Orrery"],"picked":"Runic Dome"}],"items_purged_floors":[],"is_endless":false,"potions_floor_spawned":[1,11,12,16,22,24],"killed_by":"Gremlin Leader","ascension_level":0}