{"gold_per_floor":[111,125,125,13,13,13,13,42,42,42,4,4,33,44,44,123,123,136,136,150,170,34,34],"floor_reached":23,"playtime":1020,"items_purged":["Strike_G","Strike_G"],"score":345,"play_id":"f304b31e-6b9a-468a-a749-91d126778857","local_time":"20190818163220","is_ascension_mode":true,"campfire_choices":[{"floor":6,"key":"REST"},{"data":"Catalyst","floor":10,"key":"SMITH"},{"floor":12,"key":"REST"},{"data":"Footwork","floor":15,"key":"SMITH"}],"neow_cost":"PERCENT_DAMAGE","seed_source_timestamp":163154207674357,"circlet_count":0,"master_deck":["AscendersBane","Strike_G+1","Defend_G+1","Defend_G","Defend_G","Defend_G+1","Defend_G","Survivor+1","Neutralize+1","Deadly Poison","Predator","Catalyst+1","Calculated Gamble","Noxious Fumes","Backflip","Footwork+1","Dash","PiercingWail","Adrenaline","Catalyst","PiercingWail","Deflect","Noxious Fumes"],"relics":["Ring of the Snake","Pen Nib","PreservedInsect","War Paint","Black Star"],"potions_floor_usage":[8],"damage_taken":[{"damage":2,"enemies":"Jaw Worm","floor":1,"turns":5},{"damage":0,"enemies":"2 Louse","floor":2,"turns":3},{"damage":31,"enemies":"3 Sentries","floor":8,"turns":10},{"damage":15,"enemies":"Gremlin Nob","floor":13,"turns":3},{"damage":0,"enemies":"Small Slimes","floor":14,"turns":5},{"damage":11,"enemies":"The Guardian","floor":16,"turns":8},{"damage":0,"enemies":"Shell Parasite","floor":18,"turns":4},{"damage":6,"enemies":"Spheric Guardian","floor":20,"turns":6},{"damage":7,"enemies":"Shelled Parasite and Fungi","floor":21,"turns":8},{"damage":20,"enemies":"Book of Stabbing","floor":23,"turns":4}],"seed_played":"2484295742921037708","potions_obtained":[{"floor":2,"key":"SkillPotion"},{"floor":13,"key":"Fire Potion"},{"floor":14,"key":"Poison Potion"}],"is_trial":false,"path_per_floor":["M","M","?","$","?","R","?","E","T","R","$","R","E","M","R","B",null,"M","?","M","M","$","E"],"character_chosen":"THE_SILENT","items_purchased":["Noxious Fumes","Footwork","Noxious Fumes"],"campfire_rested":2,"item_purchase_floors":[4,11,22],"current_hp_per_floor":[42,42,22,22,22,41,41,10,10,10,10,29,14,14,14,3,50,50,32,26,19,19,0],"gold":34,"neow_bonus":"TRANSFORM_TWO_CARDS","is_prod":false,"is_daily":false,"chose_seed":false,"campfire_upgraded":2,"win_rate":0,"timestamp":1566138740,"path_taken":["M","M","?","$","?","R","?","E","T","R","$","R","E","M","R","BOSS","M","?","M","M","$","E"],"build_version":"2019-07-17","purchased_purges":2,"victory":false,"max_hp_per_floor":[66,66,66,66,66,66,66,66,66,66,66,66,66,66,66,66,66,66,71,71,71,71,71],"card_choices":[{"not_picked":["Dagger Spray","Dagger Throw"],"picked":"Catalyst","floor":1},{"not_picked":["Slice","Blade Dance"],"picked":"Calculated Gamble","floor":2},{"not_picked":["Dagger Throw","Eviscerate"],"picked":"Backflip","floor":8},{"not_picked":["Dagger Spray","Bouncing Flask"],"picked":"Dash","floor":13},{"not_picked":["Outmaneuver","Finisher"],"picked":"PiercingWail","floor":14},{"not_picked":["A Thousand Cuts","Glass Knife"],"picked":"Adrenaline","floor":16},{"not_picked":["Blade Dance","Prepared"],"picked":"Catalyst","floor":18},{"not_picked":["Sucker Punch","Prepared"],"picked":"PiercingWail","floor":20},{"not_picked":["Flying Knee","Acrobatics+1"],"picked":"Deflect","floor":21}],"player_experience":741836,"relics_obtained":[{"floor":8,"key":"Pen Nib"},{"floor":9,"key":"PreservedInsect"},{"floor":13,"key":"War Paint"}],"event_choices":[{"damage_healed":0,"gold_gain":0,"player_choice":"Entered Light","damage_taken":20,"max_hp_gain":0,"max_hp_loss":0,"event_name":"Shining Light","floor":3,"gold_loss":0,"cards_upgraded":["Strike_G","Survivor"]},{"damage_healed":0,"gold_gain":0,"player_choice":"Grow","damage_taken":0,"max_hp_gain":0,"max_hp_loss":0,"event_name":"Living Wall","floor":5,"gold_loss":0,"cards_upgraded":["Neutralize"]},{"damage_healed":0,"gold_gain":0,"player_choice":"Ignored","damage_taken":0,"max_hp_gain":0,"max_hp_loss":0,"event_name":"Liars Game","floor":7,"gold_loss":0},{"damage_healed":0,"gold_gain":0,"player_choice":"Shed Blood","damage_taken":23,"max_hp_gain":5,"max_hp_loss":0,"event_name":"Forgotten Altar","floor":19,"gold_loss":0}],"is_beta":false,"boss_relics":[{"not_picked":["Coffee Dripper","Fusion Hammer"],"picked":"Black Star"}],"items_purged_floors":[4,22],"is_endless":false,"potions_floor_spawned":[2,13,14,18,20,21],"killed_by":"Book of Stabbing","ascension_level":15}