{"gold_per_floor":[111,111,111,122,135,163,183,211,211,161,161,161,174,193,193,296,296,311,311,328,328,338,338,350,380,410,420,420,430,430,440,440,540,540,551,571,590,601,601,601,633,633,633,645,656,756,787,798,798,798,798,798,167,201,201],"floor_reached":56,"playtime":3372,"items_purged":["Strike_R"],"score":1270,"play_id":"b21d9a3d-efdc-4496-ae0e-ac704ba25315","local_time":"20190924234035","is_ascension_mode":false,"campfire_choices":[{"data":"Bash","floor":11,"key":"SMITH"},{"data":"Anger","floor":15,"key":"SMITH"},{"data":"Double Tap","floor":23,"key":"SMITH"},{"floor":28,"key":"REST"},{"data":"Shrug It Off","floor":32,"key":"SMITH"},{"data":"Pommel Strike","floor":40,"key":"SMITH"},{"floor":42,"key":"RECALL"},{"floor":49,"key":"REST"},{"data":"Inflame","floor":52,"key":"SMITH"}],"neow_cost":"NONE","seed_source_timestamp":938370863213456,"circlet_count":0,"master_deck":["Strike_R","Strike_R","Defend_R","Defend_R","Defend_R","Defend_R","Bash+1","True Grit+1","True Grit+1","Anger+1","Shrug It Off+1","Sword Boomerang","Pommel Strike+1","Iron Wave","Double Tap+1","Combust","Clothesline+1","Headbutt","Impervious","Feel No Pain","Shockwave+1","Entrench+1","Bludgeon","Inflame+1","Heavy Blade+1","Feel No Pain"],"special_seed":0,"relics":["Burning Blood","Bag of Marbles","Potion Belt","Pantograph","Singing Bowl","War Paint","Mark of Pain","Nilry\u0027s Codex","Orichalcum","Tiny Chest","Strawberry","Snecko Eye","Sundial","Dead Branch","Darkstone Periapt","Shuriken","Toy Ornithopter","Unceasing Top"],"potions_floor_usage":[25,38,38,46,55,55,55,55,55],"damage_taken":[{"damage":0.0,"enemies":"2 Louse","floor":1.0,"turns":3.0},{"damage":6.0,"enemies":"Jaw Worm","floor":4.0,"turns":3.0},{"damage":1.0,"enemies":"Cultist","floor":5.0,"turns":3.0},{"damage":38.0,"enemies":"Lagavulin","floor":6.0,"turns":8.0},{"damage":0.0,"enemies":"3 Louse","floor":7.0,"turns":4.0},{"damage":23,"enemies":"Gremlin Nob","floor":8,"turns":4},{"damage":0,"enemies":"2 Fungi Beasts","floor":13,"turns":2},{"damage":0,"enemies":"Large Slime","floor":14,"turns":4},{"damage":45,"enemies":"Hexaghost","floor":16,"turns":9},{"damage":11,"enemies":"Shell Parasite","floor":18,"turns":5},{"damage":5,"enemies":"Chosen","floor":20,"turns":3},{"damage":21,"enemies":"3 Cultists","floor":22,"turns":6},{"damage":22,"enemies":"Snake Plant","floor":24,"turns":4},{"damage":18,"enemies":"Slavers","floor":25,"turns":4},{"damage":5,"enemies":"Centurion and Healer","floor":27,"turns":6},{"damage":16,"enemies":"Sentry and Sphere","floor":29,"turns":5},{"damage":15,"enemies":"Chosen and Byrds","floor":31,"turns":6},{"damage":57,"enemies":"Champ","floor":33,"turns":11},{"damage":4,"enemies":"3 Shapes","floor":35,"turns":4},{"damage":17,"enemies":"3 Darklings","floor":36,"turns":6},{"damage":17,"enemies":"Maw","floor":37,"turns":7},{"damage":19,"enemies":"Sphere and 2 Shapes","floor":38,"turns":7},{"damage":8,"enemies":"Nemesis","floor":41,"turns":5},{"damage":1,"enemies":"3 Darklings","floor":44,"turns":5},{"damage":22,"enemies":"Spire Growth","floor":45,"turns":4},{"damage":5,"enemies":"Mind Bloom Boss Battle","floor":46,"turns":5},{"damage":59,"enemies":"Giant Head","floor":47,"turns":9},{"damage":0,"enemies":"Sphere and 2 Shapes","floor":48,"turns":3},{"damage":21,"enemies":"Awakened One","floor":50,"turns":17},{"damage":37,"enemies":"Shield and Spear","floor":54,"turns":6},{"damage":83,"enemies":"The Heart","floor":55,"turns":7}],"seed_played":"5298410320759763285","potions_obtained":[{"floor":4.0,"key":"AttackPotion"},{"floor":5.0,"key":"Weak Potion"},{"floor":8,"key":"Explosive Potion"},{"floor":13,"key":"Swift Potion"},{"floor":20,"key":"Energy Potion"},{"floor":25,"key":"Swift Potion"},{"floor":29,"key":"Weak Potion"},{"floor":31,"key":"Ancient Potion"},{"floor":35,"key":"SpeedPotion"},{"floor":38,"key":"FearPotion"},{"floor":41,"key":"Explosive Potion"},{"floor":46,"key":"FairyPotion"},{"floor":54,"key":"Strength Potion"}],"is_trial":false,"path_per_floor":["M","?","?","M","M","E","M","E","T","?","R","?","M","M","R","B",null,"M","?","M","?","M","R","M","E","T","M","R","M","?","M","R","B",null,"M","M","M","M","?","R","E","R","T","M","M","?","E","M","R","B",null,"R","$","E","B",null],"character_chosen":"IRONCLAD","items_purchased":["Shuriken","Strength Potion","Dexterity Potion","Toy Ornithopter"],"campfire_rested":2,"item_purchase_floors":[53,53,53,53],"current_hp_per_floor":[80,85,78,78,83,51,57,40,40,40,40,40,46,52,52,38,85,82,82,83,67,54,54,40,30,30,31,58,50,57,48,48,22,102,104,93,82,69,69,69,69,69,69,74,60,86,33,41,74,84,110,110,110,79,34],"gold":201,"neow_bonus":"RANDOM_COMMON_RELIC","is_prod":false,"is_daily":false,"chose_seed":false,"campfire_upgraded":6,"win_rate":0,"timestamp":1569382835,"path_taken":["M","?","?","M","M","E","M","E","T","?","R","?","?","M","R","BOSS","M","?","M","?","M","R","M","E","T","M","R","M","?","M","R","BOSS","M","M","M","M","?","R","E","R","T","M","M","?","E","M","R","BOSS","R","$","E","BOSS"],"build_version":"2019-07-17","purchased_purges":1,"victory":true,"max_hp_per_floor":[80,85,85,85,85,85,85,85,85,85,85,85,85,85,85,85,85,87,87,87,87,89,89,91,93,93,93,93,95,102,102,102,102,102,104,104,104,104,104,104,106,106,106,106,108,108,108,110,110,110,110,110,110,110,110],"card_choices":[{"not_picked":["Perfected Strike","Evolve"],"picked":"True Grit","floor":1.0},{"not_picked":["Sentinel","Sever Soul"],"picked":"True Grit","floor":4.0},{"not_picked":["Flex","Sword Boomerang"],"picked":"Anger","floor":5.0},{"not_picked":["True Grit","Berserk"],"picked":"Shrug It Off","floor":6.0},{"not_picked":["Clash","Heavy Blade"],"picked":"Sword Boomerang","floor":7.0},{"not_picked":["Bloodletting","Clash"],"picked":"Pommel Strike","floor":8},{"not_picked":["Clash","Bloodletting"],"picked":"Iron Wave","floor":13},{"not_picked":["Warcry","Searing Blow"],"picked":"Pommel Strike","floor":14},{"not_picked":["Dark Embrace","Berserk"],"picked":"Double Tap","floor":16},{"not_picked":["Heavy Blade+1","Sword Boomerang+1","Body Slam"],"picked":"Singing Bowl","floor":18},{"not_picked":["Body Slam","Seeing Red"],"picked":"Combust","floor":20},{"not_picked":["Combust","Burning Pact","Sword Boomerang+1"],"picked":"Singing Bowl","floor":22},{"not_picked":["Anger+1","Warcry+1","Seeing Red"],"picked":"Singing Bowl","floor":24},{"not_picked":["Combust","Corruption","Flex"],"picked":"Singing Bowl","floor":25},{"not_picked":["Sentinel","Sever Soul"],"picked":"Clothesline+1","floor":27},{"not_picked":["Pommel Strike","Reckless Charge+1","Fire Breathing"],"picked":"Singing Bowl","floor":29},{"not_picked":["Anger+1","Second Wind"],"picked":"Headbutt","floor":31},{"not_picked":["Juggernaut","Fiend Fire"],"picked":"Impervious","floor":33},{"not_picked":["Headbutt","Warcry+1","Clash"],"picked":"Singing Bowl","floor":35},{"not_picked":["Shrug It Off","Reckless Charge"],"picked":"Feel No Pain","floor":36},{"not_picked":["Sword Boomerang","Cleave+1"],"picked":"Shockwave+1","floor":37},{"not_picked":["Dual Wield","Sever Soul"],"picked":"Entrench+1","floor":38},{"not_picked":["Anger+1","Carnage","Iron Wave"],"picked":"Singing Bowl","floor":41},{"not_picked":["Headbutt+1","Body Slam"],"picked":"Bludgeon","floor":44},{"not_picked":["Shrug It Off+1","Seeing Red+1","Perfected Strike"],"picked":"Singing Bowl","floor":45},{"not_picked":["Thunderclap+1","Warcry+1"],"picked":"Inflame","floor":46},{"not_picked":["Pummel+1","Havoc"],"picked":"Heavy Blade+1","floor":47},{"not_picked":["Clash","Rupture+1","Headbutt"],"picked":"Singing Bowl","floor":48},{"not_picked":["Fiend Fire","Twin Strike+1"],"picked":"Feel No Pain","floor":54}],"player_experience":1308170,"relics_obtained":[{"floor":6.0,"key":"Potion Belt"},{"floor":8,"key":"Pantograph"},{"floor":9,"key":"Singing Bowl"},{"floor":21,"key":"Nilry\u0027s Codex"},{"floor":25,"key":"Orichalcum"},{"floor":26,"key":"Tiny Chest"},{"floor":41,"key":"Sundial"},{"floor":46,"key":"Dead Branch"},{"floor":47,"key":"Darkstone Periapt"},{"floor":54,"key":"Unceasing Top"}],"event_choices":[{"damage_healed":0.0,"max_hp_gain":5.0,"max_hp_loss":0.0,"gold_gain":0.0,"event_name":"Big Fish","player_choice":"Donut","floor":2.0,"gold_loss":0.0,"damage_taken":0.0},{"cards_removed":["Strike_R"],"damage_healed":0.0,"max_hp_gain":0.0,"max_hp_loss":0.0,"gold_gain":0.0,"event_name":"Golden Wing","player_choice":"Card Removal","floor":3.0,"gold_loss":0.0,"damage_taken":7.0},{"cards_removed":["Strike_R"],"damage_healed":0,"gold_gain":0,"player_choice":"Card Removal","damage_taken":0,"max_hp_gain":0,"max_hp_loss":0,"event_name":"The Cleric","floor":10,"gold_loss":50},{"damage_healed":0,"gold_gain":0,"player_choice":"Gave Potion","damage_taken":0,"relics_obtained":["War Paint"],"max_hp_gain":0,"max_hp_loss":0,"event_name":"WeMeetAgain","floor":12,"gold_loss":0},{"damage_healed":0,"gold_gain":0,"player_choice":"Ignored","damage_taken":0,"max_hp_gain":0,"max_hp_loss":0,"event_name":"Ghosts","floor":19,"gold_loss":0},{"damage_healed":0,"gold_gain":0,"player_choice":"Obtained Book","damage_taken":16,"max_hp_gain":0,"max_hp_loss":0,"event_name":"Cursed Tome","floor":21,"gold_loss":0},{"damage_healed":0,"gold_gain":0,"player_choice":"Opened","damage_taken":0,"relics_obtained":["Strawberry"],"max_hp_gain":0,"max_hp_loss":0,"event_name":"The Mausoleum","floor":30,"gold_loss":0},{"cards_removed":["Pommel Strike"],"damage_healed":0,"gold_gain":0,"player_choice":"Removed Attack","damage_taken":0,"max_hp_gain":0,"max_hp_loss":0,"event_name":"Falling","floor":39,"gold_loss":0},{"damage_healed":0,"gold_gain":0,"player_choice":"Fight","damage_taken":0,"max_hp_gain":0,"max_hp_loss":0,"event_name":"MindBloom","floor":46,"gold_loss":0}],"is_beta":false,"boss_relics":[{"not_picked":["Eternal Feather","Orrery"],"picked":"Mark of Pain"},{"not_picked":["Runic Cube","Black Blood"],"picked":"Snecko Eye"}],"items_purged_floors":[53],"is_endless":false,"potions_floor_spawned":[4,5,8,13,20,25,29,31,35,38,41,44,46,54],"ascension_level":0}