{"gold_per_floor":[112,112,15,28,43,69,46,80,134,163,183,194,209,227,227,300,300,315,133,133,147,97,132,132,165,240,266,266,283,297,316,316,388,388,398,398,190,202,202,202,235,248,275,302,321,321,321,351,351,351],"floor_reached":50,"playtime":3734,"items_purged":["Strike_R"],"score":1111,"play_id":"2f7407a0-e2bb-45b2-9aed-df8a2543c967","local_time":"20190817002108","is_ascension_mode":true,"campfire_choices":[{"floor":15.0,"key":"REST"},{"floor":24.0,"key":"REST"},{"floor":28.0,"key":"REST"},{"floor":32.0,"key":"REST"},{"floor":40.0,"key":"RECALL"},{"floor":47.0,"key":"REST"},{"floor":49.0,"key":"REST"}],"neow_cost":"NONE","seed_source_timestamp":0,"circlet_count":0,"master_deck":["AscendersBane","Defend_R+1","Defend_R+1","Defend_R+1","Defend_R+1","Bash","Sword Boomerang","Thunderclap","Infernal Blade","Evolve","Armaments+1","Shrug It Off+1","Double Tap+1","Uppercut","True Grit","Bludgeon","Whirlwind+1","Wild Strike+1","Pummel+1","Corruption","Shrug It Off","Power Through+1","Exhume","Bludgeon","Reaper","Battle Trance","Secret Weapon","Reaper","Limit Break"],"special_seed":0,"relics":["Burning Blood","Bag of Preparation","Shuriken","War Paint","Ancient Tea Set","Anchor","Odd Mushroom","Astrolabe","Happy Flower","Lantern","Pocketwatch","Nunchaku","Fusion Hammer","DollysMirror","Unceasing Top","Art of War","Gremlin Horn","Smiling Mask"],"potions_floor_usage":[],"damage_taken":[{"damage":4.0,"enemies":"Small Slimes","floor":1.0,"turns":3.0},{"damage":1.0,"enemies":"Cultist","floor":4.0,"turns":3.0},{"damage":0.0,"enemies":"2 Louse","floor":5.0,"turns":2.0},{"damage":37.0,"enemies":"Gremlin Nob","floor":6.0,"turns":5.0},{"damage":25.0,"enemies":"Lagavulin","floor":8.0,"turns":6.0},{"damage":17.0,"enemies":"3 Sentries","floor":10.0,"turns":9.0},{"damage":9.0,"enemies":"The Mushroom Lair","floor":11.0,"turns":3.0},{"damage":5.0,"enemies":"Gremlin Gang","floor":12.0,"turns":4.0},{"damage":0.0,"enemies":"2 Fungi Beasts","floor":13.0,"turns":3.0},{"damage":3.0,"enemies":"Blue Slaver","floor":14.0,"turns":4.0},{"damage":22.0,"enemies":"Slime Boss","floor":16.0,"turns":10.0},{"damage":14.0,"enemies":"Spheric Guardian","floor":18.0,"turns":4.0},{"damage":13.0,"enemies":"Shell Parasite","floor":21.0,"turns":4.0},{"damage":21.0,"enemies":"Book of Stabbing","floor":23.0,"turns":5.0},{"damage":45.0,"enemies":"Gremlin Leader","floor":25.0,"turns":7.0},{"damage":5.0,"enemies":"Slavers","floor":27.0,"turns":4.0},{"damage":10.0,"enemies":"Snake Plant","floor":29.0,"turns":4.0},{"damage":1.0,"enemies":"Centurion and Healer","floor":30.0,"turns":6.0},{"damage":7.0,"enemies":"Chosen and Byrds","floor":31.0,"turns":5.0},{"damage":57.0,"enemies":"Automaton","floor":33.0,"turns":10.0},{"damage":0.0,"enemies":"Orb Walker","floor":35.0,"turns":2.0},{"damage":0.0,"enemies":"3 Shapes","floor":38.0,"turns":1.0},{"damage":13.0,"enemies":"Giant Head","floor":41.0,"turns":7.0},{"damage":24.0,"enemies":"Spire Growth","floor":42.0,"turns":5.0},{"damage":33.0,"enemies":"Nemesis","floor":44.0,"turns":7.0},{"damage":0.0,"enemies":"Sphere and 2 Shapes","floor":45.0,"turns":1.0},{"damage":13.0,"enemies":"Giant Head","floor":48.0,"turns":6.0},{"damage":75,"enemies":"Time Eater","floor":50,"turns":7}],"seed_played":"873983268126326548","potions_obtained":[{"floor":5.0,"key":"EntropicBrew"},{"floor":6.0,"key":"Poison Potion"},{"floor":11.0,"key":"Weak Potion"},{"floor":16.0,"key":"Fire Potion"},{"floor":23.0,"key":"Swift Potion"},{"floor":30.0,"key":"Block Potion"},{"floor":33.0,"key":"Dexterity Potion"}],"is_trial":false,"path_per_floor":["M","?","$","M","M","E","$","E","T","E","?","M","M","M","R","B",null,"M","$","?","M","?","E","R","E","T","E","R","M","M","M","R","B",null,"M","?","$","M","?","R","E","M","T","E","M","?","R","E","R","B"],"character_chosen":"IRONCLAD","items_purchased":["Thunderclap","Armaments","Happy Flower","Corruption","DollysMirror"],"campfire_rested":6,"item_purchase_floors":[3,7,19,19,37],"current_hp_per_floor":[70,70,70,75,75,44,44,25,25,14,11,12,18,21,43,27,63,55,55,55,48,48,33,55,16,16,17,39,35,40,39,61,10,59,65,65,65,71,71,71,71,59,59,32,38,38,59,53,71,0],"gold":351,"neow_bonus":"RANDOM_COMMON_RELIC","is_prod":false,"is_daily":false,"chose_seed":false,"campfire_upgraded":0,"win_rate":0,"timestamp":1565994068,"path_taken":["M","?","$","M","?","E","?","E","T","E","?","M","M","M","R","BOSS","M","$","?","M","?","E","R","E","T","E","R","M","M","?","R","BOSS","M","?","$","M","?","R","E","M","T","E","?","?","R","E","R","BOSS"],"build_version":"2019-07-17","purchased_purges":1,"victory":false,"max_hp_per_floor":[75,75,75,75,75,75,75,75,75,75,75,75,75,75,75,75,75,75,75,75,75,75,75,75,75,75,75,75,75,75,75,75,75,75,75,75,75,75,71,71,71,71,71,71,71,71,71,71,71,71],"card_choices":[{"not_picked":["Wild Strike","Perfected Strike"],"picked":"Sword Boomerang","floor":1.0},{"not_picked":["Havoc","Dual Wield","Clash"],"picked":"SKIP","floor":4.0},{"not_picked":["Havoc","Power Through"],"picked":"Infernal Blade","floor":5.0},{"not_picked":["Cleave","Combust"],"picked":"Evolve","floor":6.0},{"not_picked":["Cleave","Sword Boomerang"],"picked":"Shrug It Off","floor":8.0},{"not_picked":["Rampage","Feel No Pain"],"picked":"Double Tap","floor":10.0},{"not_picked":["True Grit","Warcry"],"picked":"Uppercut","floor":11.0},{"not_picked":["Thunderclap","Seeing Red"],"picked":"True Grit","floor":12.0},{"not_picked":["Cleave","Sever Soul","Blood for Blood"],"picked":"SKIP","floor":13.0},{"not_picked":["Fire Breathing","Blood for Blood","Second Wind"],"picked":"SKIP","floor":14.0},{"not_picked":["Offering","Juggernaut"],"picked":"Bludgeon","floor":16.0},{"not_picked":["Blood for Blood","Fire Breathing","Sever Soul"],"picked":"SKIP","floor":18.0},{"not_picked":["Pommel Strike","Rage","Thunderclap"],"picked":"SKIP","floor":21.0},{"not_picked":["Sword Boomerang","True Grit+1"],"picked":"Shrug It Off","floor":23.0},{"not_picked":["Iron Wave","Juggernaut"],"picked":"Power Through+1","floor":25.0},{"not_picked":["Heavy Blade","Flex+1"],"picked":"Exhume","floor":27.0},{"not_picked":["Wild Strike+1","Thunderclap","Flex"],"picked":"SKIP","floor":29.0},{"not_picked":["Armaments+1","Bloodletting"],"picked":"Bludgeon","floor":30.0},{"not_picked":["Dual Wield","Anger","Clash"],"picked":"SKIP","floor":31.0},{"not_picked":["Double Tap","Feed"],"picked":"Reaper","floor":33.0},{"not_picked":["Anger","True Grit"],"picked":"Battle Trance","floor":35.0},{"not_picked":["Thinking Ahead","Dramatic Entrance"],"picked":"Secret Weapon","floor":36.0},{"not_picked":["Iron Wave","Flex","Heavy Blade"],"picked":"SKIP","floor":38.0},{"not_picked":["Blood for Blood+1","Clash","Perfected Strike"],"picked":"SKIP","floor":41.0},{"not_picked":["Uppercut","Burning Pact","Entrench"],"picked":"SKIP","floor":42.0},{"not_picked":["Dropkick+1","Sword Boomerang+1"],"picked":"Limit Break","floor":44.0},{"not_picked":["Body Slam+1","True Grit","Sever Soul+1"],"picked":"SKIP","floor":45.0},{"not_picked":["Immolate","Clothesline","Body Slam"],"picked":"SKIP","floor":48.0}],"player_experience":735389,"relics_obtained":[{"floor":6.0,"key":"Shuriken"},{"floor":8.0,"key":"War Paint"},{"floor":9.0,"key":"Ancient Tea Set"},{"floor":10.0,"key":"Anchor"},{"floor":11.0,"key":"Odd Mushroom"},{"floor":23.0,"key":"Lantern"},{"floor":25.0,"key":"Pocketwatch"},{"floor":27.0,"key":"Nunchaku"},{"floor":41.0,"key":"Unceasing Top"},{"floor":43.0,"key":"Art of War"},{"floor":44.0,"key":"Gremlin Horn"},{"floor":48.0,"key":"Smiling Mask"}],"event_choices":[{"cards_removed":["Strike_R"],"damage_healed":0.0,"max_hp_gain":0.0,"max_hp_loss":0.0,"gold_gain":0.0,"event_name":"Bonfire Elementals","player_choice":"Offered Basic","floor":2.0,"gold_loss":0.0,"damage_taken":0.0},{"damage_healed":0.0,"max_hp_gain":0.0,"max_hp_loss":0.0,"gold_gain":0.0,"event_name":"Mushrooms","player_choice":"Fought Mushrooms","floor":11.0,"gold_loss":0.0,"damage_taken":0.0},{"damage_healed":0.0,"max_hp_gain":0.0,"max_hp_loss":0.0,"gold_gain":0.0,"event_name":"Back to Basics","player_choice":"Simplicity","floor":20.0,"gold_loss":0.0,"damage_taken":0.0,"cards_upgraded":["Defend_R","Defend_R","Defend_R","Defend_R"]},{"damage_healed":0.0,"max_hp_gain":0.0,"max_hp_loss":0.0,"gold_gain":0.0,"event_name":"Designer","player_choice":"Upgrade","floor":22.0,"gold_loss":50.0,"damage_taken":0.0,"cards_upgraded":["Double Tap"]},{"damage_healed":0.0,"max_hp_gain":0.0,"max_hp_loss":0.0,"gold_gain":0.0,"event_name":"SensoryStone","player_choice":"Memory 1","floor":36.0,"gold_loss":0.0,"damage_taken":0.0},{"damage_healed":0.0,"max_hp_gain":0.0,"max_hp_loss":4.0,"gold_gain":0.0,"event_name":"Winding Halls","player_choice":"Max HP","floor":39.0,"gold_loss":0.0,"damage_taken":0.0},{"damage_healed":0.0,"max_hp_gain":0.0,"max_hp_loss":0.0,"gold_gain":0.0,"event_name":"Tomb of Lord Red Mask","player_choice":"Ignored","floor":46.0,"gold_loss":0.0,"damage_taken":0.0}],"is_beta":false,"boss_relics":[{"not_picked":["Eternal Feather","Ectoplasm"],"picked":"Astrolabe"},{"not_picked":["Lizard Tail","Black Star"],"picked":"Fusion Hammer"}],"items_purged_floors":[3],"is_endless":false,"potions_floor_spawned":[5,6,11,12,16,23,29,30,31,33,38,41,45],"killed_by":"Time Eater","ascension_level":15}