{"gold_per_floor":[16,16,16,91,103,135,39,39,39,64,64,83,83,96,96,194,194,204,204,216,239,154,154,183,197,197,209,209,308,308,382,382,480,480,493,503,153,228,246,246,279,279,328,339,339,339,351,178,178,178,178,178,11,36,36],"floor_reached":55,"playtime":3078,"items_purged":[],"score":671,"play_id":"eb1cbc77-b3f1-44bc-88ed-795a211a84c3","local_time":"20190308174909","is_ascension_mode":false,"campfire_choices":[{"data":"Neutralize","floor":11.0,"key":"SMITH"},{"data":"Crippling Poison","floor":13.0,"key":"SMITH"},{"data":"Riddle With Holes","floor":15.0,"key":"SMITH"},{"data":"Phantasmal Killer","floor":23.0,"key":"SMITH"},{"data":"Blur","floor":28.0,"key":"SMITH"},{"floor":32.0,"key":"RECALL"},{"data":"Skewer","floor":40.0,"key":"SMITH"},{"data":"Defend_G","floor":42.0,"key":"SMITH"},{"data":"Outmaneuver","floor":45.0,"key":"SMITH"},{"data":"Defend_G","floor":49.0,"key":"SMITH"},{"data":"Defend_G","floor":52,"key":"SMITH"}],"neow_cost":"NO_GOLD","seed_source_timestamp":3964940254097460,"circlet_count":0,"master_deck":["Defend_G","Defend_G+1","Defend_G+1","Defend_G+1","Strike_G","Strike_G+1","Strike_G+1","Survivor+1","Neutralize+1","Cloak And Dagger","Blur+1","Outmaneuver+1","Bandage Up","Riddle With Holes+1","Crippling Poison+1","Flying Knee","Phantasmal Killer+1","Riddle With Holes","Bouncing Flask+1","Dagger Spray","Prepared+1","Doppelganger+1","Prepared+1","Well Laid Plans+1","Skewer+1","Deflect+1","Acrobatics+1","Madness+1","Madness+1","Adrenaline+1","Catalyst+1","Dark Shackles+1","Dodge and Roll+1"],"special_seed":0,"relics":["Ring of the Snake","Ice Cream","Mercury Hourglass","Pantograph","Omamori","Sozu","Necronomicon","Boot","Snake Skull","Bottled Lightning","Toxic Egg 2","MutagenicStrength","Pear","Empty Cage","Membership Card","War Paint","Bag of Marbles","Paper Crane","ClockworkSouvenir","HandDrill","Bag of Preparation"],"potions_floor_usage":[55,55,55],"damage_taken":[{"damage":2.0,"enemies":"Jaw Worm","floor":1.0,"turns":5.0},{"damage":0.0,"enemies":"Small Slimes","floor":5.0,"turns":3.0},{"damage":29.0,"enemies":"3 Sentries","floor":6.0,"turns":15.0},{"damage":15.0,"enemies":"Lagavulin","floor":10.0,"turns":8.0},{"damage":1.0,"enemies":"2 Louse","floor":12.0,"turns":2.0},{"damage":0.0,"enemies":"2 Fungi Beasts","floor":14.0,"turns":4.0},{"damage":19.0,"enemies":"The Guardian","floor":16.0,"turns":12.0},{"damage":17.0,"enemies":"2 Thieves","floor":18.0,"turns":4.0},{"damage":0.0,"enemies":"3 Byrds","floor":20.0,"turns":3.0},{"damage":13.0,"enemies":"Slavers","floor":24.0,"turns":4.0},{"damage":0.0,"enemies":"Cultist and Chosen","floor":25.0,"turns":3.0},{"damage":6.0,"enemies":"Centurion and Healer","floor":27.0,"turns":4.0},{"damage":40.0,"enemies":"Collector","floor":33.0,"turns":9.0},{"damage":8.0,"enemies":"3 Darklings","floor":35.0,"turns":5.0},{"damage":0.0,"enemies":"Orb Walker","floor":36.0,"turns":1.0},{"damage":18.0,"enemies":"Writhing Mass","floor":39.0,"turns":5.0},{"damage":2.0,"enemies":"Giant Head","floor":41.0,"turns":6.0},{"damage":0.0,"enemies":"4 Shapes","floor":44.0,"turns":4.0},{"damage":0.0,"enemies":"3 Darklings","floor":47.0,"turns":4.0},{"damage":63,"enemies":"Time Eater","floor":50,"turns":7},{"damage":7,"enemies":"Shield and Spear","floor":54,"turns":4},{"damage":87,"enemies":"The Heart","floor":55,"turns":6}],"seed_played":"-9191708545060093828","potions_obtained":[{"floor":5.0,"key":"SkillPotion"},{"floor":10.0,"key":"Ancient Potion"},{"floor":12.0,"key":"EssenceOfSteel"},{"floor":16.0,"key":"Energy Potion"}],"is_trial":false,"path_per_floor":["M","?","?","?","M","E","$","?","T","E","R","M","R","M","R","B",null,"M","?","M","T","?","R","E","M","T","M","R","?","?","T","R","B",null,"M","M","$","?","M","R","E","R","T","M","R","?","M","$","R","B",null,"R","$","E","B"],"character_chosen":"THE_SILENT","items_purchased":["Bandage Up","Membership Card","War Paint","Bag of Marbles","ClockworkSouvenir","Adrenaline+1","Catalyst+1","Dark Shackles+1","HandDrill"],"campfire_rested":0,"item_purchase_floors":[7,37,37,37,48,48,53,53,53],"current_hp_per_floor":[68,61,47,36,36,7,7,30,30,19,19,22,22,26,26,36,70,53,37,41,41,41,41,32,36,36,34,34,34,34,44,44,33,80,72,76,76,68,54,54,56,56,56,60,60,50,54,54,54,17,80,80,80,73,0],"gold":36,"neow_bonus":"ONE_RARE_RELIC","is_prod":false,"is_daily":false,"chose_seed":false,"campfire_upgraded":10,"win_rate":0,"timestamp":1552085349,"path_taken":["M","?","?","?","M","E","?","?","T","E","R","M","R","M","R","BOSS","M","?","M","?","?","R","E","M","T","M","R","?","?","?","R","BOSS","M","M","$","?","?","R","E","R","T","M","R","?","M","$","R","BOSS","R","$","E","BOSS"],"build_version":"2019-01-23","purchased_purges":0,"victory":false,"max_hp_per_floor":[70,70,70,70,70,70,70,70,70,70,70,70,70,70,70,70,70,70,70,70,70,70,70,70,70,70,70,70,70,70,80,80,80,80,80,80,80,80,80,80,80,80,80,80,80,80,80,80,80,80,80,80,80,80,80],"card_choices":[{"not_picked":["Blade Dance","Poisoned Stab"],"picked":"Cloak And Dagger","floor":1.0},{"not_picked":["Deflect","Acrobatics"],"picked":"Blur","floor":5.0},{"not_picked":["Concentrate","Infinite Blades"],"picked":"Outmaneuver","floor":6.0},{"not_picked":["Dagger Spray","Prepared"],"picked":"Riddle With Holes","floor":10.0},{"not_picked":["Sucker Punch","Dagger Spray"],"picked":"Crippling Poison","floor":12.0},{"not_picked":["Distraction","Deadly Poison"],"picked":"Flying Knee","floor":14.0},{"not_picked":["Adrenaline","Night Terror"],"picked":"Phantasmal Killer","floor":16.0},{"not_picked":["Deflect","Poisoned Stab"],"picked":"Riddle With Holes","floor":18.0},{"not_picked":["Masterful Stab","Cloak And Dagger"],"picked":"Bouncing Flask+1","floor":20.0},{"not_picked":["Venomology","Endless Agony+1"],"picked":"Dagger Spray","floor":24.0},{"not_picked":["Deflect","Dagger Throw"],"picked":"Prepared","floor":25.0},{"not_picked":["Deadly Poison+1","Blade Dance+1","Flying Knee"],"picked":"SKIP","floor":27.0},{"not_picked":["Die Die Die","Grand Finale"],"picked":"Doppelganger+1","floor":33.0},{"not_picked":["Dagger Spray","Blade Dance+1"],"picked":"Prepared+1","floor":35.0},{"not_picked":["Crippling Poison+1","Infinite Blades"],"picked":"Well Laid Plans+1","floor":36.0},{"not_picked":["Cloak And Dagger+1","Backflip+1"],"picked":"Skewer","floor":39.0},{"not_picked":["Finisher+1","Sucker Punch"],"picked":"Deflect+1","floor":41.0},{"not_picked":["Flying Knee","Quick Slash+1"],"picked":"Acrobatics+1","floor":44.0},{"not_picked":["Prepared+1","Deadly Poison+1","Concentrate+1"],"picked":"SKIP","floor":47.0},{"not_picked":["Acrobatics+1","Grand Finale"],"picked":"Dodge and Roll+1","floor":54}],"player_experience":716130,"relics_obtained":[{"floor":6.0,"key":"Mercury Hourglass"},{"floor":9.0,"key":"Pantograph"},{"floor":10.0,"key":"Omamori"},{"floor":19.0,"key":"Necronomicon"},{"floor":21.0,"key":"Boot"},{"floor":24.0,"key":"Bottled Lightning"},{"floor":26.0,"key":"Toxic Egg 2"},{"floor":31.0,"key":"Pear"},{"floor":41.0,"key":"Paper Crane"},{"floor":54,"key":"Bag of Preparation"}],"event_choices":[{"cards_removed":["Defend_G"],"damage_healed":0.0,"max_hp_gain":0.0,"max_hp_loss":0.0,"gold_gain":0.0,"event_name":"Golden Wing","player_choice":"Card Removal","floor":2.0,"gold_loss":0.0,"damage_taken":7.0},{"damage_healed":0.0,"max_hp_gain":0.0,"max_hp_loss":0.0,"gold_gain":0.0,"event_name":"Shining Light","player_choice":"Entered Light","floor":3.0,"gold_loss":0.0,"damage_taken":14.0,"cards_upgraded":["Strike_G","Strike_G"]},{"damage_healed":0.0,"max_hp_gain":0.0,"max_hp_loss":0.0,"gold_gain":75.0,"event_name":"World of Goop","player_choice":"Gather Gold","floor":4.0,"gold_loss":0.0,"damage_taken":11.0},{"damage_healed":23.0,"max_hp_gain":0.0,"max_hp_loss":0.0,"gold_gain":0.0,"event_name":"Big Fish","player_choice":"Banana","floor":8.0,"gold_loss":0.0,"damage_taken":0.0},{"damage_healed":0.0,"max_hp_gain":0.0,"max_hp_loss":0.0,"gold_gain":0.0,"event_name":"Cursed Tome","player_choice":"Obtained Book","floor":19.0,"gold_loss":0.0,"damage_taken":16.0},{"damage_healed":0.0,"max_hp_gain":0.0,"max_hp_loss":0.0,"gold_gain":0.0,"event_name":"Addict","player_choice":"Obtained Relic","floor":22.0,"gold_loss":85.0,"damage_taken":0.0,"relics_obtained":["Snake Skull"]},{"damage_healed":0.0,"max_hp_gain":0.0,"max_hp_loss":0.0,"gold_gain":99.0,"event_name":"Nest","player_choice":"Stole From Cult","floor":29.0,"gold_loss":0.0,"damage_taken":0.0},{"damage_healed":0.0,"max_hp_gain":0.0,"max_hp_loss":0.0,"gold_gain":0.0,"event_name":"Drug Dealer","player_choice":"Inject Mutagens","floor":30.0,"gold_loss":0.0,"damage_taken":0.0,"relics_obtained":["MutagenicStrength"]},{"damage_healed":0.0,"max_hp_gain":0.0,"max_hp_loss":0.0,"gold_gain":75.0,"event_name":"FaceTrader","player_choice":"Touch","floor":38.0,"gold_loss":0.0,"damage_taken":8.0},{"damage_healed":0.0,"max_hp_gain":0.0,"max_hp_loss":0.0,"gold_gain":0.0,"event_name":"Winding Halls","player_choice":"Embrace Madness","floor":46.0,"gold_loss":0.0,"damage_taken":10.0,"cards_obtained":["Madness","Madness"]}],"is_beta":false,"boss_relics":[{"not_picked":["Eternal Feather","Snecko Eye"],"picked":"Sozu"},{"not_picked":["Busted Crown","Pandora\u0027s Box"],"picked":"Empty Cage"}],"items_purged_floors":[],"is_endless":false,"potions_floor_spawned":[5,10,12,16,20,24,35,41,47,54],"killed_by":"The Heart","ascension_level":0}