{"gold_per_floor":[112,128,144,144,0,0,30,43,43,43,43,72,85,119,119,192,192,204,222,222,247,266,266,283,297,351,351,369,397,397,408,408,484,484,497,511,786,467,567,567,599,125,125,137,165,165,199,213,213,213],"floor_reached":51,"playtime":3012,"items_purged":["Regret","Strike_R"],"score":1410,"play_id":"248f5de0-a245-49f0-bc72-1244a38b59d9","local_time":"20190928203718","is_ascension_mode":true,"campfire_choices":[{"data":"Fiend Fire","floor":6.0,"key":"SMITH"},{"floor":10.0,"key":"REST"},{"data":"Flame Barrier","floor":15.0,"key":"SMITH"},{"data":"1","floor":23.0,"key":"LIFT"},{"data":"2","floor":27.0,"key":"LIFT"},{"data":"3","floor":30.0,"key":"LIFT"},{"data":"Whirlwind","floor":32.0,"key":"SMITH"},{"floor":49,"key":"REST"}],"neow_cost":"NONE","seed_source_timestamp":452430403392400,"circlet_count":0,"master_deck":["AscendersBane","Strike_R","Strike_R","Defend_R+1","Defend_R","Defend_R+1","Bash+1","Pommel Strike","Heavy Blade","Pummel","Fiend Fire+1","Flame Barrier+1","Clothesline","Flame Barrier","Anger","Impervious","CurseOfTheBell","Spot Weakness+1","Shrug It Off","Whirlwind+1","Immolate","Whirlwind+1","Shockwave+1","Bloodletting+1","Battle Trance+1","Fire Breathing","Shrug It Off","Power Through","Pummel+1","Sword Boomerang","Spot Weakness","Evolve+1","Shrug It Off+1","Flame Barrier"],"special_seed":0,"relics":["Burning Blood","War Paint","Orrery","Pocketwatch","Matryoshka","Mercury Hourglass","Unceasing Top","Calling Bell","Juzu Bracelet","Darkstone Periapt","Girya","Red Mask","Blood Vial","Art of War","Mummified Hand","Astrolabe","Pen Nib","Torii","White Beast Statue","Incense Burner","Vajra","Ice Cream","Sundial"],"potions_floor_usage":[50,50],"damage_taken":[{"damage":8.0,"enemies":"Jaw Worm","floor":1.0,"turns":5.0},{"damage":5.0,"enemies":"2 Louse","floor":2.0,"turns":4.0},{"damage":3.0,"enemies":"Small Slimes","floor":3.0,"turns":3.0},{"damage":51.0,"enemies":"Lagavulin","floor":7.0,"turns":9.0},{"damage":6.0,"enemies":"Exordium Thugs","floor":8.0,"turns":5.0},{"damage":0.0,"enemies":"Gremlin Nob","floor":12.0,"turns":2.0},{"damage":0.0,"enemies":"Large Slime","floor":13.0,"turns":3.0},{"damage":0.0,"enemies":"Lagavulin","floor":14.0,"turns":4.0},{"damage":38.0,"enemies":"Slime Boss","floor":16.0,"turns":10.0},{"damage":0.0,"enemies":"3 Byrds","floor":18.0,"turns":4.0},{"damage":0.0,"enemies":"Spheric Guardian","floor":19.0,"turns":3.0},{"damage":30.0,"enemies":"Masked Bandits","floor":21.0,"turns":5.0},{"damage":12.0,"enemies":"Chosen and Byrds","floor":22.0,"turns":5.0},{"damage":23.0,"enemies":"Shelled Parasite and Fungi","floor":24.0,"turns":3.0},{"damage":5.0,"enemies":"Centurion and Healer","floor":25.0,"turns":4.0},{"damage":0.0,"enemies":"Snecko","floor":28.0,"turns":2.0},{"damage":18.0,"enemies":"Slavers","floor":29.0,"turns":5.0},{"damage":9.0,"enemies":"Snake Plant","floor":31.0,"turns":3.0},{"damage":27.0,"enemies":"Collector","floor":33.0,"turns":6.0},{"damage":3.0,"enemies":"3 Darklings","floor":35.0,"turns":2.0},{"damage":0.0,"enemies":"Orb Walker","floor":36.0,"turns":3.0},{"damage":7.0,"enemies":"Mind Bloom Boss Battle","floor":39.0,"turns":5.0},{"damage":46.0,"enemies":"Giant Head","floor":41.0,"turns":7.0},{"damage":7.0,"enemies":"Sphere and 2 Shapes","floor":44.0,"turns":3.0},{"damage":36.0,"enemies":"Nemesis","floor":45.0,"turns":7.0},{"damage":4,"enemies":"Reptomancer","floor":47,"turns":4},{"damage":8,"enemies":"4 Shapes","floor":48,"turns":5},{"damage":28,"enemies":"Donu and Deca","floor":50,"turns":8}],"seed_played":"-5912943992273880663","potions_obtained":[{"floor":2.0,"key":"HeartOfIron"},{"floor":7.0,"key":"Swift Potion"},{"floor":12.0,"key":"DuplicationPotion"},{"floor":16.0,"key":"BloodPotion"},{"floor":21.0,"key":"SpeedPotion"},{"floor":24.0,"key":"AttackPotion"},{"floor":36.0,"key":"Ancient Potion"},{"floor":45.0,"key":"Weak Potion"}],"is_trial":false,"path_per_floor":["M","M","M","?","$","R","E","M","T","R","?","E","M","E","R","B",null,"M","M","?","?","M","R","M","M","T","R","M","E","R","M","R","B",null,"M","M","?","$","?","?","E","$","T","M","E","?","E","M","R","B",null],"character_chosen":"IRONCLAD","items_purchased":["Orrery","Shrug It Off","Power Through","Pen Nib","Incense Burner","Spot Weakness"],"campfire_rested":2,"item_purchase_floors":[5,38,38,38,42,42],"current_hp_per_floor":[66,67,70,65,65,65,20,20,20,42,42,48,54,60,60,28,63,69,75,75,66,60,60,43,44,44,44,52,42,42,41,41,22,62,67,75,81,81,80,77,37,37,37,38,10,10,14,14,37,17],"gold":213,"neow_bonus":"UPGRADE_CARD","is_prod":false,"is_daily":false,"chose_seed":false,"campfire_upgraded":3,"win_rate":0,"timestamp":1569695838,"path_taken":["M","M","M","?","$","R","E","M","T","R","?","E","M","E","R","BOSS","M","M","?","?","M","R","M","M","T","R","M","E","R","M","R","BOSS","M","M","?","$","?","?","E","$","T","M","E","?","E","M","R","BOSS"],"build_version":"2019-09-27","purchased_purges":2,"victory":true,"max_hp_per_floor":[75,75,75,75,75,75,75,75,75,75,75,75,75,75,75,75,75,75,75,75,75,75,75,75,75,75,75,75,75,75,75,75,75,75,75,75,81,81,81,77,77,77,77,77,77,77,77,77,77,77],"card_choices":[{"not_picked":["Heavy Blade","True Grit"],"picked":"Pommel Strike","floor":1.0},{"not_picked":["Pommel Strike","Heavy Blade","Body Slam"],"picked":"SKIP","floor":2.0},{"not_picked":["Pommel Strike","Body Slam"],"picked":"Heavy Blade","floor":2.0},{"not_picked":["Bloodletting","Intimidate"],"picked":"Pummel","floor":3.0},{"not_picked":["True Grit","Twin Strike"],"picked":"Fiend Fire","floor":5.0},{"not_picked":["Warcry","Bludgeon"],"picked":"Flame Barrier","floor":5.0},{"not_picked":["Wild Strike","Heavy Blade"],"picked":"Clothesline","floor":7.0},{"not_picked":["Feel No Pain","Ghostly Armor"],"picked":"Flame Barrier","floor":8.0},{"not_picked":["Heavy Blade","Searing Blow"],"picked":"Anger","floor":12.0},{"not_picked":["Sword Boomerang","Iron Wave","Armaments"],"picked":"SKIP","floor":13.0},{"not_picked":["Rupture","Pommel Strike","Pummel"],"picked":"SKIP","floor":14.0},{"not_picked":["Juggernaut","Bludgeon"],"picked":"Impervious","floor":16.0},{"not_picked":["True Grit","Combust","Flex"],"picked":"SKIP","floor":18.0},{"not_picked":["Thunderclap","Reckless Charge","Searing Blow"],"picked":"SKIP","floor":19.0},{"not_picked":["Sentinel","Flame Barrier"],"picked":"Spot Weakness+1","floor":22.0},{"not_picked":["Rampage","Cleave","Dropkick"],"picked":"SKIP","floor":24.0},{"not_picked":["Flex","Headbutt","Wild Strike"],"picked":"SKIP","floor":25.0},{"not_picked":["Perfected Strike","Juggernaut","Entrench"],"picked":"SKIP","floor":28.0},{"not_picked":["Flex","Heavy Blade"],"picked":"Shrug It Off","floor":29.0},{"not_picked":["Anger","Battle Trance+1"],"picked":"Whirlwind","floor":31.0},{"not_picked":["Feed","Double Tap"],"picked":"Immolate","floor":33.0},{"not_picked":["Iron Wave","True Grit"],"picked":"Battle Trance+1","floor":35.0},{"not_picked":["Iron Wave+1","Pommel Strike"],"picked":"Fire Breathing","floor":36.0},{"not_picked":["Sentinel","Intimidate+1"],"picked":"Pummel+1","floor":39.0},{"not_picked":["True Grit","Bloodletting+1"],"picked":"Sword Boomerang","floor":41.0},{"not_picked":["Seeing Red","True Grit","Dual Wield"],"picked":"SKIP","floor":44.0},{"not_picked":["Bloodletting","Fire Breathing"],"picked":"Evolve","floor":45.0},{"not_picked":["Flex","Wild Strike"],"picked":"Shrug It Off+1","floor":47},{"not_picked":["Iron Wave","Heavy Blade"],"picked":"Flame Barrier","floor":48}],"player_experience":898850,"relics_obtained":[{"floor":7.0,"key":"Pocketwatch"},{"floor":9.0,"key":"Matryoshka"},{"floor":12.0,"key":"Mercury Hourglass"},{"floor":14.0,"key":"Unceasing Top"},{"floor":17.0,"key":"Juzu Bracelet"},{"floor":17.0,"key":"Darkstone Periapt"},{"floor":17.0,"key":"Girya"},{"floor":21.0,"key":"Red Mask"},{"floor":26.0,"key":"Blood Vial"},{"floor":26.0,"key":"Art of War"},{"floor":29.0,"key":"Mummified Hand"},{"floor":39.0,"key":"Torii"},{"floor":41.0,"key":"White Beast Statue"},{"floor":43.0,"key":"Vajra"},{"floor":45.0,"key":"Ice Cream"},{"floor":47,"key":"Sundial"}],"event_choices":[{"damage_healed":0.0,"max_hp_gain":0.0,"max_hp_loss":0.0,"gold_gain":0.0,"event_name":"Scrap Ooze","player_choice":"Success","floor":4.0,"gold_loss":0.0,"damage_taken":5.0,"relics_obtained":["War Paint"]},{"damage_healed":0.0,"max_hp_gain":0.0,"max_hp_loss":0.0,"gold_gain":0.0,"event_name":"Liars Game","player_choice":"Ignored","floor":11.0,"gold_loss":0.0,"damage_taken":0.0},{"damage_healed":0.0,"max_hp_gain":0.0,"max_hp_loss":0.0,"gold_gain":0.0,"event_name":"Vampires","player_choice":"Ignored","floor":20.0,"gold_loss":0.0,"damage_taken":0.0},{"damage_healed":0.0,"max_hp_gain":0.0,"max_hp_loss":0.0,"gold_gain":0.0,"event_name":"Masked Bandits","player_choice":"Fought Bandits","floor":21.0,"gold_loss":0.0,"damage_taken":0.0},{"damage_healed":0.0,"max_hp_gain":0.0,"max_hp_loss":0.0,"gold_gain":275.0,"event_name":"Golden Shrine","player_choice":"Desecrate","floor":37.0,"gold_loss":0.0,"damage_taken":0.0,"cards_obtained":["Regret"]},{"damage_healed":0.0,"max_hp_gain":0.0,"max_hp_loss":0.0,"gold_gain":0.0,"event_name":"MindBloom","player_choice":"Fight","floor":39.0,"gold_loss":0.0,"damage_taken":0.0},{"damage_healed":0.0,"max_hp_gain":0.0,"max_hp_loss":4.0,"gold_gain":0.0,"event_name":"Winding Halls","player_choice":"Max HP","floor":40.0,"gold_loss":0.0,"damage_taken":0.0},{"damage_healed":0.0,"max_hp_gain":0.0,"max_hp_loss":0.0,"gold_gain":0.0,"event_name":"Upgrade Shrine","player_choice":"Upgraded","floor":46.0,"gold_loss":0.0,"damage_taken":0.0,"cards_upgraded":["Evolve"]}],"is_beta":true,"boss_relics":[{"not_picked":["Busted Crown","Runic Pyramid"],"picked":"Calling Bell"},{"not_picked":["Philosopher\u0027s Stone","Coffee Dripper"],"picked":"Astrolabe"}],"items_purged_floors":[38,42],"is_endless":false,"potions_floor_spawned":[2,7,12,16,19,21,24,25,36,39,41,44,45,47,48],"ascension_level":15}