{"gold_per_floor":[117,117,129,149,173,173,206,236,236,236,255,285,58,70,70,168,168,180,105,121,138,138,163,163,163,163,63,63,89,89,109,109,214,214,226,237,237,112,131,156,175,193,193,205,205,234,248,260,260,260,260,260,11,37,37],"floor_reached":56,"playtime":4509,"items_purged":["Strike_G","Defend_G","Defend_G","Parasite"],"score":1259,"play_id":"873b4bc8-8a72-4bbe-bcfd-6e883d58fd60","local_time":"20190602230331","is_ascension_mode":false,"campfire_choices":[{"data":"Burst","floor":6,"key":"SMITH"},{"data":"Envenom","floor":10,"key":"SMITH"},{"data":"Well Laid Plans","floor":15,"key":"SMITH"},{"data":"Deflect","floor":24,"key":"SMITH"},{"data":"Catalyst","floor":28,"key":"SMITH"},{"data":"Riddle With Holes","floor":32,"key":"SMITH"},{"floor":45,"key":"RECALL"},{"data":"Blur","floor":49,"key":"SMITH"},{"data":"After Image","floor":52,"key":"SMITH"}],"neow_cost":"NONE","seed_source_timestamp":1107773153597527,"circlet_count":0,"master_deck":["Defend_G+1","Defend_G+1","Strike_G+1","Survivor","Neutralize+1","Poisoned Stab","Burst+1","Flying Knee+1","Dash","Envenom+1","Well Laid Plans+1","Dagger Spray","Backstab","PiercingWail","After Image+1","Escape Plan+1","Blur+1","Deflect+1","Catalyst+1","Riddle With Holes+1","Glass Knife","Backflip+1","Parasite","Caltrops+1","Backflip+1","Terror"],"relics":["Ring of the Snake","Bag of Marbles","PreservedInsect","War Paint","Prayer Wheel","Incense Burner","Whetstone","Empty Cage","Ice Cream","StoneCalendar","Dream Catcher","Cursed Key","Mercury Hourglass","Smiling Mask","Oddly Smooth Stone","Pen Nib"],"potions_floor_usage":[33,50,55,55,55],"damage_taken":[{"damage":2,"enemies":"Small Slimes","floor":1,"turns":3},{"damage":0,"enemies":"Cultist","floor":3,"turns":4},{"damage":0,"enemies":"Jaw Worm","floor":4,"turns":5},{"damage":9,"enemies":"3 Sentries","floor":7,"turns":10},{"damage":14,"enemies":"Exordium Wildlife","floor":11,"turns":6},{"damage":5,"enemies":"Lagavulin","floor":12,"turns":6},{"damage":0,"enemies":"2 Fungi Beasts","floor":14,"turns":2},{"damage":3,"enemies":"The Guardian","floor":16,"turns":10},{"damage":1,"enemies":"3 Byrds","floor":18,"turns":5},{"damage":0,"enemies":"Chosen","floor":20,"turns":4},{"damage":0,"enemies":"Shelled Parasite and Fungi","floor":21,"turns":10},{"damage":30,"enemies":"Slavers","floor":23,"turns":6},{"damage":0,"enemies":"Gremlin Leader","floor":29,"turns":6},{"damage":0,"enemies":"Centurion and Healer","floor":31,"turns":7},{"damage":37,"enemies":"Champ","floor":33,"turns":14},{"damage":0,"enemies":"3 Shapes","floor":35,"turns":4},{"damage":0,"enemies":"Orb Walker","floor":36,"turns":3},{"damage":3,"enemies":"4 Shapes","floor":39,"turns":6},{"damage":0,"enemies":"Giant Head","floor":40,"turns":6},{"damage":5,"enemies":"Spire Growth","floor":41,"turns":6},{"damage":0,"enemies":"Writhing Mass","floor":42,"turns":6},{"damage":0,"enemies":"Sphere and 2 Shapes","floor":44,"turns":5},{"damage":10,"enemies":"Nemesis","floor":46,"turns":7},{"damage":0,"enemies":"4 Shapes","floor":47,"turns":5},{"damage":0,"enemies":"Transient","floor":48,"turns":5},{"damage":11,"enemies":"Time Eater","floor":50,"turns":12},{"damage":1,"enemies":"Shield and Spear","floor":54,"turns":7},{"damage":27,"enemies":"The Heart","floor":55,"turns":9}],"seed_played":"4197710975890474925","potions_obtained":[{"floor":3,"key":"Energy Potion"},{"floor":4,"key":"SpeedPotion"},{"floor":12,"key":"Regen Potion"},{"floor":16,"key":"SteroidPotion"},{"floor":18,"key":"Block Potion"},{"floor":37,"key":"GhostInAJar"}],"is_trial":false,"path_per_floor":["M","?","M","M","T","R","E","?","T","R","M","E","$","M","R","B",null,"M","?","M","M","?","E","R","?","T","$","R","E","?","M","R","B",null,"M","M","?","$","M","E","M","M","T","M","R","E","M","M","R","B",null,"R","$","E","B",null],"character_chosen":"THE_SILENT","items_purchased":["Whetstone","Oddly Smooth Stone","Swift Potion"],"campfire_rested":0,"item_purchase_floors":[13,53,53],"current_hp_per_floor":[68,68,68,68,68,68,59,59,59,59,45,40,40,40,40,37,70,69,69,69,69,69,39,39,39,39,39,39,39,39,39,39,17,70,70,70,70,70,67,67,62,62,62,62,62,52,52,52,52,41,70,70,67,66,39],"gold":37,"neow_bonus":"UPGRADE_CARD","is_prod":false,"is_daily":false,"chose_seed":false,"campfire_upgraded":8,"win_rate":0,"timestamp":1559531011,"path_taken":["M","?","M","?","?","R","E","?","T","R","M","E","?","M","R","BOSS","M","?","M","M","?","E","R","?","T","$","R","E","?","?","R","BOSS","M","M","?","$","M","E","M","M","T","?","R","E","M","M","R","BOSS","R","$","E","BOSS"],"build_version":"2019-01-23","purchased_purges":4,"victory":true,"max_hp_per_floor":[70,70,70,70,70,70,70,70,70,70,70,70,70,70,70,70,70,70,70,70,70,70,70,70,70,70,70,70,70,70,70,70,70,70,70,70,70,70,70,70,70,70,70,70,70,70,70,70,70,70,70,70,67,67,67],"card_choices":[{"not_picked":["Outmaneuver","Deadly Poison"],"picked":"Poisoned Stab","floor":1},{"not_picked":["Tactician","Acrobatics"],"picked":"Flying Knee","floor":3},{"not_picked":["Infinite Blades","Caltrops"],"picked":"Dash","floor":4},{"not_picked":["Riddle With Holes","Distraction"],"picked":"Envenom","floor":7},{"not_picked":["Prepared","All Out Attack"],"picked":"Well Laid Plans","floor":11},{"not_picked":["All Out Attack","Distraction"],"picked":"Dagger Spray","floor":11},{"not_picked":["Acrobatics","Poisoned Stab","Dodge and Roll"],"picked":"SKIP","floor":12},{"not_picked":["Cloak And Dagger","Dagger Spray"],"picked":"Backstab","floor":14},{"not_picked":["Cloak And Dagger","Dagger Spray"],"picked":"PiercingWail","floor":14},{"not_picked":["Envenom","Tools of the Trade"],"picked":"After Image","floor":16},{"not_picked":["Bane+1","Noxious Fumes"],"picked":"Escape Plan+1","floor":18},{"not_picked":["Concentrate+1","Deadly Poison+1","Backflip"],"picked":"SKIP","floor":18},{"not_picked":["Storm of Steel","Dodge and Roll"],"picked":"Blur","floor":20},{"not_picked":["Bane","PiercingWail","Dagger Throw"],"picked":"SKIP","floor":20},{"not_picked":["Eviscerate","Bouncing Flask"],"picked":"Deflect","floor":21},{"not_picked":["Blade Dance","Deflect","Masterful Stab"],"picked":"SKIP","floor":21},{"not_picked":["Masterful Stab","Quick Slash","A Thousand Cuts"],"picked":"SKIP","floor":23},{"not_picked":["Masterful Stab","Cloak And Dagger","Escape Plan"],"picked":"SKIP","floor":29},{"not_picked":["PiercingWail","Dodge and Roll"],"picked":"Riddle With Holes","floor":31},{"not_picked":["Poisoned Stab","A Thousand Cuts","Sucker Punch"],"picked":"SKIP","floor":31},{"not_picked":["Grand Finale","Tools of the Trade"],"picked":"Glass Knife","floor":33},{"not_picked":["Deflect+1","Blade Dance+1"],"picked":"Backflip+1","floor":35},{"not_picked":["PiercingWail","Blade Dance+1","Prepared"],"picked":"SKIP","floor":35},{"not_picked":["Bouncing Flask","Endless Agony+1","Dodge and Roll+1"],"picked":"SKIP","floor":36},{"not_picked":["Eviscerate","Dagger Throw","Poisoned Stab"],"picked":"SKIP","floor":36},{"not_picked":["Poisoned Stab","Backflip+1","Slice+1"],"picked":"SKIP","floor":39},{"not_picked":["Dagger Throw","Burst","Poisoned Stab"],"picked":"SKIP","floor":39},{"not_picked":["Dagger Throw","Bane","Night Terror"],"picked":"SKIP","floor":40},{"not_picked":["Backstab","Concentrate+1","Poisoned Stab"],"picked":"SKIP","floor":41},{"not_picked":["Acrobatics","Cloak And Dagger","Endless Agony"],"picked":"SKIP","floor":41},{"not_picked":["Eviscerate","Masterful Stab+1"],"picked":"Caltrops+1","floor":42},{"not_picked":["Choke","Predator","Endless Agony"],"picked":"SKIP","floor":42},{"not_picked":["Bouncing Flask","Distraction"],"picked":"Backflip+1","floor":44},{"not_picked":["Flechettes","Dodge and Roll","Poisoned Stab+1"],"picked":"SKIP","floor":44},{"not_picked":["Grand Finale","Flying Knee","Dagger Spray+1"],"picked":"SKIP","floor":46},{"not_picked":["Cloak And Dagger+1","Accuracy","Grand Finale"],"picked":"SKIP","floor":47},{"not_picked":["Sucker Punch","Acrobatics+1","Underhanded Strike+1"],"picked":"SKIP","floor":47},{"not_picked":["PiercingWail+1","Deflect","Masterful Stab"],"picked":"SKIP","floor":48},{"not_picked":["Backflip+1","Predator","Infinite Blades"],"picked":"SKIP","floor":48},{"not_picked":["Tactician","Dash"],"picked":"Terror","floor":54}],"player_experience":958982,"relics_obtained":[{"floor":5,"key":"Bag of Marbles"},{"floor":7,"key":"PreservedInsect"},{"floor":9,"key":"Prayer Wheel"},{"floor":12,"key":"Incense Burner"},{"floor":23,"key":"Ice Cream"},{"floor":26,"key":"StoneCalendar"},{"floor":29,"key":"Dream Catcher"},{"floor":40,"key":"Mercury Hourglass"},{"floor":46,"key":"Smiling Mask"},{"floor":54,"key":"Pen Nib"}],"event_choices":[{"damage_healed":0,"gold_gain":0,"player_choice":"1 cards matched","damage_taken":0,"max_hp_gain":0,"max_hp_loss":0,"event_name":"Match and Keep!","floor":2,"gold_loss":0,"cards_obtained":["Burst"]},{"damage_healed":0,"gold_gain":30,"player_choice":"Searched \u00273\u0027 times","damage_taken":0,"relics_obtained":["War Paint"],"max_hp_gain":0,"max_hp_loss":0,"event_name":"Dead Adventurer","floor":8,"gold_loss":0},{"cards_removed":["Strike_G"],"damage_healed":0,"gold_gain":0,"player_choice":"Gave Gold","damage_taken":0,"max_hp_gain":0,"max_hp_loss":0,"event_name":"Beggar","floor":19,"gold_loss":75},{"damage_healed":0,"gold_gain":0,"player_choice":"Ignored","damage_taken":0,"max_hp_gain":0,"max_hp_loss":0,"event_name":"Vampires","floor":22,"gold_loss":0},{"damage_healed":0,"gold_gain":0,"player_choice":"Read","damage_taken":0,"max_hp_gain":0,"max_hp_loss":0,"event_name":"The Library","floor":25,"gold_loss":0,"cards_obtained":["Catalyst"]},{"cards_removed":["Defend_G"],"damage_healed":0,"gold_gain":0,"player_choice":"Elegance","damage_taken":0,"max_hp_gain":0,"max_hp_loss":0,"event_name":"Back to Basics","floor":30,"gold_loss":0},{"damage_healed":0,"gold_gain":0,"player_choice":"Got Potions","damage_taken":0,"max_hp_gain":0,"max_hp_loss":0,"event_name":"Lab","floor":37,"gold_loss":0}],"is_beta":false,"boss_relics":[{"not_picked":["Runic Dome","Calling Bell"],"picked":"Empty Cage"},{"not_picked":["WristBlade","HoveringKite"],"picked":"Cursed Key"}],"items_purged_floors":[13,27,38,53],"is_endless":false,"potions_floor_spawned":[3,4,12,16,18,23,39,44,46,47],"ascension_level":0}