{"gold_per_floor":[116,116,116,5,23,23,51,126,126,138,155,189,144,94,94,173,173,185,196,196,196,196,196,226,240,263,276,276,51,51,80,80,154,154,171,116,116,2,102,102,137,137,137,137,151,170,184,184,184,184],"floor_reached":51,"playtime":3585,"items_purged":["Doubt","Strike_G","Decay"],"score":1371,"play_id":"49febf36-7c45-4785-8c55-2e7fbe8f632c","local_time":"20190529234137","is_ascension_mode":true,"campfire_choices":[{"data":"Footwork","floor":6.0,"key":"SMITH"},{"data":"Noxious Fumes","floor":15.0,"key":"SMITH"},{"floor":23.0,"key":"REST"},{"floor":28.0,"key":"REST"},{"data":"Wraith Form v2","floor":30.0,"key":"SMITH"},{"data":"Well Laid Plans","floor":32.0,"key":"SMITH"},{"data":"Malaise","floor":40.0,"key":"SMITH"},{"data":"Eviscerate","floor":42.0,"key":"SMITH"},{"data":"Regret","floor":44.0,"key":"PURGE"},{"data":"Noxious Fumes","floor":49,"key":"SMITH"}],"neow_cost":"CURSE","seed_source_timestamp":91972086341573,"circlet_count":0,"master_deck":["AscendersBane","Defend_G+1","Defend_G+1","Defend_G+1","Defend_G+1","Defend_G+1","Strike_G+1","Strike_G+1","Strike_G+1","Strike_G+1","Survivor","Footwork+1","Bouncing Flask","Noxious Fumes+1","Catalyst","Deflect","Caltrops","Backflip","PiercingWail","Necronomicurse","Adrenaline","Backflip+1","Leg Sweep","Wraith Form v2+1","Well Laid Plans+1","Eviscerate+1","Malaise+1","Catalyst+1","Blur","Crippling Poison","Noxious Fumes+1"],"special_seed":0,"relics":["Ring of the Snake","Thread and Needle","Ancient Tea Set","Matryoshka","Smiling Mask","Gremlin Horn","Boot","Cursed Key","Necronomicon","The Courier","Blood Vial","Bag of Preparation","Pen Nib","Empty Cage","Snake Skull","Peace Pipe","Dream Catcher","Mummified Hand"],"potions_floor_usage":[50,50],"damage_taken":[{"damage":0.0,"enemies":"2 Louse","floor":1.0,"turns":3.0},{"damage":0.0,"enemies":"Small Slimes","floor":5.0,"turns":3.0},{"damage":2.0,"enemies":"Lagavulin","floor":7.0,"turns":8.0},{"damage":0.0,"enemies":"Jaw Worm","floor":10.0,"turns":4.0},{"damage":0.0,"enemies":"Red Slaver","floor":11.0,"turns":3.0},{"damage":13.0,"enemies":"3 Sentries","floor":12.0,"turns":7.0},{"damage":3.0,"enemies":"Looter","floor":13.0,"turns":5.0},{"damage":0.0,"enemies":"Slime Boss","floor":16.0,"turns":12.0},{"damage":0.0,"enemies":"3 Byrds","floor":18.0,"turns":3.0},{"damage":16.0,"enemies":"Chosen","floor":19.0,"turns":6.0},{"damage":11.0,"enemies":"Slavers","floor":24.0,"turns":7.0},{"damage":3.0,"enemies":"Shelled Parasite and Fungi","floor":25.0,"turns":6.0},{"damage":7.0,"enemies":"3 Cultists","floor":27.0,"turns":6.0},{"damage":0.0,"enemies":"Book of Stabbing","floor":31.0,"turns":7.0},{"damage":25.0,"enemies":"Collector","floor":33.0,"turns":11.0},{"damage":0.0,"enemies":"3 Shapes","floor":35.0,"turns":5.0},{"damage":0.0,"enemies":"Mind Bloom Boss Battle","floor":39.0,"turns":5.0},{"damage":15.0,"enemies":"Reptomancer","floor":41.0,"turns":5.0},{"damage":0.0,"enemies":"3 Darklings","floor":45.0,"turns":7.0},{"damage":0.0,"enemies":"Maw","floor":46.0,"turns":8.0},{"damage":0.0,"enemies":"4 Shapes","floor":47.0,"turns":4.0},{"damage":38,"enemies":"Donu and Deca","floor":50,"turns":9}],"seed_played":"2172059301655148970","potions_obtained":[{"floor":5.0,"key":"SkillPotion"},{"floor":7.0,"key":"Strength Potion"},{"floor":16.0,"key":"Explosive Potion"},{"floor":27.0,"key":"Block Potion"},{"floor":35.0,"key":"Poison Potion"},{"floor":37.0,"key":"Fruit Juice"},{"floor":37.0,"key":"Strength Potion"},{"floor":39.0,"key":"Regen Potion"},{"floor":45.0,"key":"Strength Potion"}],"is_trial":false,"path_per_floor":["M","?","?","$","M","R","E","?","T","M","M","E","M","$","R","B",null,"M","M","?","?","?","R","E","M","T","M","R","$","R","E","R","B",null,"M","$","?","$","?","R","E","R","T","R","M","M","M","?","R","B",null],"character_chosen":"THE_SILENT","items_purchased":["Bouncing Flask","Wraith Form v2","Well Laid Plans","Blur","Snake Skull"],"campfire_rested":2,"item_purchase_floors":[4,29,29,36,38],"current_hp_per_floor":[59,64,53,53,53,53,51,40,40,40,40,27,24,24,24,24,59,59,43,22,22,22,43,32,29,29,24,45,45,45,47,47,24,57,59,59,64,64,66,66,67,67,67,67,69,71,73,73,73,35],"gold":184,"neow_bonus":"ONE_RARE_RELIC","is_prod":false,"is_daily":false,"chose_seed":false,"campfire_upgraded":7,"win_rate":0,"timestamp":1559166097,"path_taken":["M","?","?","$","M","R","E","?","T","M","M","E","?","?","R","BOSS","M","M","?","?","?","R","E","M","T","M","R","?","R","E","R","BOSS","M","$","?","?","?","R","E","R","T","R","M","M","M","?","R","BOSS"],"build_version":"2019-01-23","purchased_purges":3,"victory":true,"max_hp_per_floor":[66,71,71,71,71,71,71,71,71,71,71,71,71,71,71,71,71,71,71,71,71,71,71,71,71,71,71,71,71,71,71,71,71,68,68,68,73,73,73,73,73,73,73,73,73,73,73,73,73,73],"card_choices":[{"not_picked":["Acrobatics","Flying Knee"],"picked":"Footwork","floor":1.0},{"not_picked":["Bane","Infinite Blades"],"picked":"Noxious Fumes","floor":5.0},{"not_picked":["Choke","Flying Knee"],"picked":"Catalyst","floor":7.0},{"not_picked":["Sucker Punch","Masterful Stab"],"picked":"Deflect","floor":10.0},{"not_picked":["Slice","Predator"],"picked":"Caltrops","floor":11.0},{"not_picked":["Predator","Storm of Steel","Setup"],"picked":"SKIP","floor":12.0},{"not_picked":["Endless Agony","Terror"],"picked":"Backflip","floor":13.0},{"not_picked":["Deflect","Escape Plan"],"picked":"PiercingWail","floor":18.0},{"not_picked":["Poisoned Stab","Sucker Punch","Outmaneuver"],"picked":"SKIP","floor":19.0},{"not_picked":["Infinite Blades","Flying Knee"],"picked":"Adrenaline","floor":24.0},{"not_picked":["Slice","Outmaneuver"],"picked":"Backflip+1","floor":25.0},{"not_picked":["Bouncing Flask","Blade Dance"],"picked":"Leg Sweep","floor":27.0},{"not_picked":["Setup","Prepared"],"picked":"Eviscerate","floor":31.0},{"not_picked":["Unload","Wraith Form v2"],"picked":"Malaise","floor":33.0},{"not_picked":["Flying Knee","Slice+1"],"picked":"Catalyst+1","floor":35.0},{"not_picked":["Predator+1","Catalyst"],"picked":"Crippling Poison","floor":41.0},{"not_picked":["Outmaneuver","Infinite Blades","Slice"],"picked":"SKIP","floor":45.0},{"not_picked":["Riddle With Holes","Grand Finale","Bane"],"picked":"SKIP","floor":46.0},{"not_picked":["Calculated Gamble","Flechettes"],"picked":"Noxious Fumes","floor":47.0}],"player_experience":385564,"relics_obtained":[{"floor":7.0,"key":"Matryoshka"},{"floor":9.0,"key":"Smiling Mask"},{"floor":9.0,"key":"Gremlin Horn"},{"floor":12.0,"key":"Boot"},{"floor":20.0,"key":"Necronomicon"},{"floor":24.0,"key":"The Courier"},{"floor":26.0,"key":"Blood Vial"},{"floor":26.0,"key":"Bag of Preparation"},{"floor":31.0,"key":"Pen Nib"},{"floor":39.0,"key":"Peace Pipe"},{"floor":41.0,"key":"Dream Catcher"},{"floor":43.0,"key":"Mummified Hand"}],"event_choices":[{"damage_healed":0.0,"max_hp_gain":5.0,"max_hp_loss":0.0,"gold_gain":0.0,"event_name":"Big Fish","player_choice":"Donut","floor":2.0,"gold_loss":0.0,"damage_taken":0.0},{"damage_healed":0.0,"max_hp_gain":0.0,"max_hp_loss":0.0,"gold_gain":0.0,"event_name":"Scrap Ooze","player_choice":"Success","floor":3.0,"gold_loss":0.0,"damage_taken":11.0,"relics_obtained":["Ancient Tea Set"]},{"damage_healed":0.0,"max_hp_gain":0.0,"max_hp_loss":0.0,"gold_gain":75.0,"event_name":"World of Goop","player_choice":"Gather Gold","floor":8.0,"gold_loss":0.0,"damage_taken":11.0},{"damage_healed":0.0,"max_hp_gain":0.0,"max_hp_loss":0.0,"gold_gain":0.0,"event_name":"Cursed Tome","player_choice":"Obtained Book","floor":20.0,"gold_loss":0.0,"damage_taken":21.0},{"damage_healed":0.0,"max_hp_gain":0.0,"max_hp_loss":0.0,"gold_gain":0.0,"event_name":"Forgotten Altar","player_choice":"Smashed Altar","floor":21.0,"gold_loss":0.0,"damage_taken":0.0,"cards_obtained":["Decay"]},{"damage_healed":0.0,"max_hp_gain":0.0,"max_hp_loss":0.0,"gold_gain":0.0,"event_name":"Back to Basics","player_choice":"Simplicity","floor":22.0,"gold_loss":0.0,"damage_taken":0.0,"cards_upgraded":["Defend_G","Defend_G","Defend_G","Defend_G","Defend_G","Strike_G","Strike_G","Strike_G","Strike_G"]},{"damage_healed":0.0,"max_hp_gain":0.0,"max_hp_loss":0.0,"gold_gain":0.0,"event_name":"Lab","player_choice":"Got Potions","floor":37.0,"gold_loss":0.0,"damage_taken":0.0},{"damage_healed":0.0,"max_hp_gain":0.0,"max_hp_loss":0.0,"gold_gain":0.0,"event_name":"MindBloom","player_choice":"Fight","floor":39.0,"gold_loss":0.0,"damage_taken":0.0},{"damage_healed":0,"gold_gain":0,"player_choice":"0 cards matched","damage_taken":0,"max_hp_gain":0,"max_hp_loss":0,"event_name":"Match and Keep!","floor":48,"gold_loss":0,"cards_obtained":[]}],"is_beta":false,"boss_relics":[{"not_picked":["White Beast Statue","Black Star"],"picked":"Cursed Key"},{"not_picked":["Coffee Dripper","Orrery"],"picked":"Empty Cage"}],"items_purged_floors":[4,14,29],"is_endless":false,"potions_floor_spawned":[5,7,16,18,27,35,39,45],"ascension_level":15}