{"gold_per_floor":[116,127,144,154,154,184,184,210,262,116,116,130,148,173,173,247,247,257,280,300,190,90,90,120,132,209,84,84,116,116,143,143,217,217,236,247,97,197,217,247,247,279,302,335,335,335,366,377,377,377],"floor_reached":51,"playtime":3184,"items_purged":["Pain","Strike_G","Strike_G","Strike_G"],"score":1809,"play_id":"5c70c227-e77b-4fe2-881b-9380733e7a93","local_time":"20190616195034","is_ascension_mode":true,"campfire_choices":[{"floor":7.0,"key":"REST"},{"data":"Footwork","floor":11.0,"key":"SMITH"},{"data":"Deadly Poison","floor":15.0,"key":"SMITH"},{"data":"Noxious Fumes","floor":23,"key":"SMITH"},{"floor":28,"key":"REST"},{"floor":30,"key":"REST"},{"data":"Neutralize","floor":32,"key":"SMITH"},{"data":"Prepared","floor":41,"key":"SMITH"},{"data":"Bouncing Flask","floor":46,"key":"SMITH"},{"floor":49,"key":"REST"}],"neow_cost":"NONE","seed_source_timestamp":0,"circlet_count":0,"master_deck":["AscendersBane","Defend_G","Defend_G+1","Defend_G","Defend_G","Defend_G+1","Strike_G","Survivor+1","Neutralize+1","Poisoned Stab","Footwork+1","Bouncing Flask+1","Dodge and Roll","Dagger Spray","Blur","Deflect","Backflip","Deadly Poison+1","Corpse Explosion","Noxious Fumes+1","Prepared+1","Dodge and Roll","Blur","PiercingWail","Leg Sweep+1"],"special_seed":0,"relics":["Ring of the Snake","WarpedTongs","Pear","Gremlin Horn","Orichalcum","War Paint","Velvet Choker","Ancient Tea Set","Happy Flower","Singing Bowl","Bag of Preparation","Snake Skull","Philosopher\u0027s Stone","Girya","Pen Nib","Ginger","Smiling Mask","Strawberry","Centennial Puzzle"],"potions_floor_usage":[50,50],"damage_taken":[{"damage":0.0,"enemies":"Cultist","floor":1.0,"turns":5.0},{"damage":2.0,"enemies":"Jaw Worm","floor":2.0,"turns":5.0},{"damage":0.0,"enemies":"2 Louse","floor":3.0,"turns":3.0},{"damage":10.0,"enemies":"Exordium Thugs","floor":4.0,"turns":6.0},{"damage":22.0,"enemies":"3 Sentries","floor":6.0,"turns":9.0},{"damage":2.0,"enemies":"Lagavulin","floor":8.0,"turns":6.0},{"damage":0.0,"enemies":"2 Fungi Beasts","floor":12.0,"turns":3.0},{"damage":8.0,"enemies":"Large Slime","floor":13.0,"turns":8.0},{"damage":1.0,"enemies":"3 Sentries","floor":14.0,"turns":9.0},{"damage":7.0,"enemies":"The Guardian","floor":16.0,"turns":10.0},{"damage":7,"enemies":"2 Thieves","floor":18,"turns":4},{"damage":2,"enemies":"Shell Parasite","floor":20,"turns":6},{"damage":31,"enemies":"Slavers","floor":24,"turns":4},{"damage":11,"enemies":"Snake Plant","floor":25,"turns":4},{"damage":5,"enemies":"Gremlin Leader","floor":29,"turns":6},{"damage":2,"enemies":"Book of Stabbing","floor":31,"turns":6},{"damage":0,"enemies":"Automaton","floor":33,"turns":10},{"damage":1,"enemies":"3 Shapes","floor":35,"turns":5},{"damage":0,"enemies":"Orb Walker","floor":36,"turns":4},{"damage":0,"enemies":"Mind Bloom Boss Battle","floor":38,"turns":7},{"damage":0,"enemies":"3 Darklings","floor":39,"turns":4},{"damage":0,"enemies":"Giant Head","floor":40,"turns":10},{"damage":0,"enemies":"Nemesis","floor":42,"turns":9},{"damage":4,"enemies":"Giant Head","floor":44,"turns":8},{"damage":12,"enemies":"Reptomancer","floor":47,"turns":7},{"damage":11,"enemies":"Transient","floor":48,"turns":5},{"damage":0,"enemies":"Awakened One","floor":50,"turns":16}],"seed_played":"-2809833484447274919","potions_obtained":[{"floor":1.0,"key":"Explosive Potion"},{"floor":6.0,"key":"Weak Potion"},{"floor":8.0,"key":"SpeedPotion"},{"floor":12.0,"key":"LiquidBronze"},{"floor":18,"key":"Ancient Potion"}],"is_trial":false,"path_per_floor":["M","M","M","M","?","E","R","E","T","$","R","M","M","E","R","B",null,"M","T","M","?","$","R","E","M","T","$","R","E","R","E","R","B",null,"M","M","$","?","M","E","R","E","T","E","?","R","E","M","R","B",null],"character_chosen":"THE_SILENT","items_purchased":["Blur"],"campfire_rested":4,"item_purchase_floors":[10],"current_hp_per_floor":[65,63,63,53,53,41,65,63,63,63,63,63,55,54,54,47,73,66,66,64,64,64,64,33,22,22,22,46,41,65,65,65,67,81,80,80,80,82,84,86,86,88,88,93,93,93,83,74,102,102],"gold":377,"neow_bonus":"TEN_PERCENT_HP_BONUS","is_prod":false,"is_daily":false,"chose_seed":false,"campfire_upgraded":6,"win_rate":0,"timestamp":1560729034,"path_taken":["M","M","?","M","?","E","R","E","T","?","R","M","?","E","R","BOSS","M","?","M","?","$","R","E","?","T","$","R","E","R","E","R","BOSS","M","M","$","?","M","E","R","E","T","E","?","R","E","M","R","BOSS"],"build_version":"2019-01-23","purchased_purges":4,"victory":true,"max_hp_per_floor":[72,72,72,72,72,82,82,82,82,82,82,82,82,82,82,82,82,82,82,82,82,82,82,82,82,82,82,82,82,82,84,84,86,86,86,86,86,88,90,92,92,94,94,103,98,98,100,102,102,102],"card_choices":[{"not_picked":["Calculated Gamble","Crippling Poison"],"picked":"Poisoned Stab","floor":1.0},{"not_picked":["Infinite Blades","Crippling Poison"],"picked":"Footwork","floor":2.0},{"not_picked":["Distraction","Outmaneuver"],"picked":"Bouncing Flask","floor":3.0},{"not_picked":["Calculated Gamble","Underhanded Strike"],"picked":"Dodge and Roll","floor":4.0},{"not_picked":["Calculated Gamble","Slice","Heel Hook"],"picked":"SKIP","floor":6.0},{"not_picked":["Venomology","Caltrops"],"picked":"Dagger Spray","floor":8.0},{"not_picked":["Concentrate","Flying Knee"],"picked":"Deflect","floor":12.0},{"not_picked":["Sucker Punch","Bane"],"picked":"Backflip","floor":13.0},{"not_picked":["Dagger Spray","Slice"],"picked":"Deadly Poison","floor":14.0},{"not_picked":["Doppelganger","Unload"],"picked":"Corpse Explosion","floor":16.0},{"not_picked":["Flechettes","Acrobatics","Crippling Poison"],"picked":"SKIP","floor":18},{"not_picked":["Deflect","Deadly Poison"],"picked":"Noxious Fumes","floor":20},{"not_picked":["Poisoned Stab","Dash"],"picked":"Prepared","floor":24},{"not_picked":["Reflex","Prepared"],"picked":"Dodge and Roll","floor":25},{"not_picked":["Dagger Spray","Blade Dance"],"picked":"Blur","floor":29},{"not_picked":["Caltrops","Calculated Gamble","Cloak And Dagger"],"picked":"Singing Bowl","floor":31},{"not_picked":["Doppelganger","Unload","Burst"],"picked":"Singing Bowl","floor":33},{"not_picked":["Outmaneuver+1","Reflex"],"picked":"PiercingWail","floor":35},{"not_picked":["Calculated Gamble","Slice"],"picked":"Leg Sweep+1","floor":36},{"not_picked":["Choke","Expertise+1","Underhanded Strike"],"picked":"Singing Bowl","floor":38},{"not_picked":["Heel Hook","Flying Knee","Dagger Throw+1"],"picked":"Singing Bowl","floor":39},{"not_picked":["Bullet Time","Deadly Poison","Backstab"],"picked":"Singing Bowl","floor":40},{"not_picked":["Deflect","Outmaneuver+1","Deadly Poison"],"picked":"Singing Bowl","floor":42},{"not_picked":["All Out Attack","Eviscerate","Deadly Poison"],"picked":"Singing Bowl","floor":44},{"not_picked":["Deadly Poison","Crippling Poison","Noxious Fumes+1"],"picked":"Singing Bowl","floor":47},{"not_picked":["Bullet Time","Acrobatics","Concentrate"],"picked":"Singing Bowl","floor":48}],"player_experience":1021232,"relics_obtained":[{"floor":6.0,"key":"Pear"},{"floor":8.0,"key":"Gremlin Horn"},{"floor":9.0,"key":"Orichalcum"},{"floor":14.0,"key":"War Paint"},{"floor":19,"key":"Ancient Tea Set"},{"floor":24,"key":"Happy Flower"},{"floor":26,"key":"Singing Bowl"},{"floor":29,"key":"Bag of Preparation"},{"floor":31,"key":"Snake Skull"},{"floor":38,"key":"Girya"},{"floor":40,"key":"Pen Nib"},{"floor":42,"key":"Ginger"},{"floor":43,"key":"Smiling Mask"},{"floor":44,"key":"Strawberry"},{"floor":47,"key":"Centennial Puzzle"}],"event_choices":[{"damage_healed":0.0,"max_hp_gain":0.0,"max_hp_loss":0.0,"gold_gain":0.0,"event_name":"Accursed Blacksmith","player_choice":"Rummage","floor":5.0,"gold_loss":0.0,"damage_taken":0.0,"relics_obtained":["WarpedTongs"],"cards_obtained":["Pain"]},{"cards_removed":["Strike_G"],"damage_healed":0,"gold_gain":0,"player_choice":"Upgrade and Remove","damage_taken":0,"max_hp_gain":0,"max_hp_loss":0,"event_name":"Designer","floor":21,"gold_loss":110,"cards_upgraded":["Defend_G"]},{"damage_healed":0,"gold_gain":0,"player_choice":"Fight","damage_taken":0,"max_hp_gain":0,"max_hp_loss":0,"event_name":"MindBloom","floor":38,"gold_loss":0},{"damage_healed":0,"gold_gain":0,"player_choice":"Max HP","damage_taken":0,"max_hp_gain":0,"max_hp_loss":5,"event_name":"Winding Halls","floor":45,"gold_loss":0}],"is_beta":false,"boss_relics":[{"not_picked":["Lizard Tail","Busted Crown"],"picked":"Velvet Choker"},{"not_picked":["WristBlade","Orrery"],"picked":"Philosopher\u0027s Stone"}],"items_purged_floors":[10,22,27,37],"is_endless":false,"potions_floor_spawned":[1,6,8,12,13,18,24,25,31,39,42,47,48],"ascension_level":15}