{"gold_per_floor":[215,227,502,521,192,220,220,253,253,253,284,305,315,325,325,423,423,440,44,44,44,57,88,88,121,121,138,9,9,9,19,19,114,114,132,151,151,151,163,163,173,173,220,125,156,171,171,186,186,186],"floor_reached":51,"playtime":2843,"items_purged":["Regret","Strike_B"],"score":835,"play_id":"d2a5a79c-eeab-446e-a4af-cd0e390c9020","local_time":"20190608130028","is_ascension_mode":false,"campfire_choices":[{"data":"Zap","floor":7.0,"key":"SMITH"},{"floor":10.0,"key":"REST"},{"floor":15.0,"key":"REST"},{"floor":24,"key":"REST"},{"data":"RitualDagger","floor":30,"key":"SMITH"},{"data":"Streamline","floor":32,"key":"SMITH"},{"data":"Barrage","floor":40,"key":"SMITH"},{"data":"Conserve Battery","floor":42,"key":"SMITH"},{"data":"Ball Lightning","floor":47,"key":"SMITH"},{"floor":49,"key":"REST"}],"neow_cost":"NONE","seed_source_timestamp":0,"circlet_count":0,"master_deck":["Strike_B+1","Strike_B+1","Defend_B","Defend_B","Defend_B","Defend_B","Zap+1","Dualcast","Ball Lightning+1","Conserve Battery+1","Hologram+1","Hologram+1","Streamline+1","Steam+1","Hologram+1","RitualDagger+1","Leap+1","Barrage+1"],"special_seed":0,"relics":["Cracked Core","Toxic Egg 2","Singing Bowl","Pantograph","Kunai","Whetstone","Odd Mushroom","Black Star","Membership Card","Mercury Hourglass","Enchiridion","FossilizedHelix","Meat on the Bone","Omamori","Nunchaku","Blue Candle","Letter Opener","Sozu","Bronze Scales","Runic Capacitor","Cables","Centennial Puzzle"],"potions_floor_usage":[25],"damage_taken":[{"damage":0.0,"enemies":"Cultist","floor":1.0,"turns":4.0},{"damage":3.0,"enemies":"Jaw Worm","floor":2.0,"turns":4.0},{"damage":5.0,"enemies":"2 Louse","floor":4.0,"turns":2.0},{"damage":24.0,"enemies":"Gremlin Nob","floor":6.0,"turns":4.0},{"damage":37.0,"enemies":"3 Sentries","floor":8.0,"turns":11.0},{"damage":10.0,"enemies":"Lagavulin","floor":11.0,"turns":5.0},{"damage":4.0,"enemies":"The Mushroom Lair","floor":12.0,"turns":3.0},{"damage":12.0,"enemies":"Exordium Wildlife","floor":13.0,"turns":4.0},{"damage":2.0,"enemies":"Blue Slaver","floor":14.0,"turns":3.0},{"damage":19.0,"enemies":"The Guardian","floor":16.0,"turns":10.0},{"damage":22.0,"enemies":"3 Byrds","floor":18.0,"turns":5.0},{"damage":0.0,"enemies":"Chosen","floor":22.0,"turns":4.0},{"damage":31.0,"enemies":"Gremlin Leader","floor":23.0,"turns":6.0},{"damage":20,"enemies":"Slavers","floor":25,"turns":6},{"damage":0,"enemies":"Centurion and Healer","floor":27,"turns":7},{"damage":0,"enemies":"Shelled Parasite and Fungi","floor":31,"turns":4},{"damage":61,"enemies":"Champ","floor":33,"turns":12},{"damage":9,"enemies":"3 Darklings","floor":35,"turns":3},{"damage":0,"enemies":"3 Shapes","floor":36,"turns":2},{"damage":0,"enemies":"Maw","floor":39,"turns":7},{"damage":0,"enemies":"Sphere and 2 Shapes","floor":41,"turns":2},{"damage":52,"enemies":"Giant Head","floor":45,"turns":9},{"damage":0,"enemies":"Transient","floor":46,"turns":5},{"damage":0,"enemies":"Writhing Mass","floor":48,"turns":5},{"damage":61,"enemies":"Awakened One","floor":50,"turns":10}],"seed_played":"1409336061179436752","potions_obtained":[{"floor":1.0,"key":"GamblersBrew"},{"floor":8.0,"key":"Fire Potion"},{"floor":11.0,"key":"Fire Potion"},{"floor":16.0,"key":"GamblersBrew"}],"is_trial":false,"path_per_floor":["M","M","?","M","$","E","R","E","T","R","E","?","M","M","R","B",null,"M","$","?","?","M","E","R","E","T","M","$","?","R","M","R","B",null,"M","M","?","?","M","R","M","R","T","$","E","M","R","M","R","B",null],"character_chosen":"DEFECT","items_purchased":["Toxic Egg 2","Membership Card","Mercury Hourglass","Hologram+1","Letter Opener","Runic Capacitor"],"campfire_rested":4,"item_purchase_floors":[5,19,19,19,28,44],"current_hp_per_floor":[75,72,72,67,67,45,45,10,10,33,23,19,7,5,28,36,81,61,61,55,39,41,12,38,30,30,44,44,44,44,58,58,36,93,86,88,84,84,86,86,88,88,88,88,50,64,64,66,98,59],"gold":186,"neow_bonus":"HUNDRED_GOLD","is_prod":false,"is_daily":false,"chose_seed":false,"campfire_upgraded":6,"win_rate":0,"timestamp":1559991628,"path_taken":["M","M","?","?","$","E","R","E","T","R","E","?","M","M","R","BOSS","M","$","?","?","M","E","R","E","T","M","$","?","R","?","R","BOSS","M","M","?","?","M","R","M","R","T","$","E","M","R","M","R","BOSS"],"build_version":"2019-01-23","purchased_purges":2,"victory":true,"max_hp_per_floor":[75,75,75,75,75,77,77,79,79,79,79,79,79,79,79,81,81,83,83,83,83,85,87,87,87,87,89,89,89,89,91,91,93,93,95,97,103,98,100,100,102,102,102,102,104,106,106,108,108,108],"card_choices":[{"not_picked":["Consume","Chaos","Aggregate"],"picked":"SKIP","floor":1.0},{"not_picked":["Turbo","Darkness"],"picked":"Ball Lightning","floor":2.0},{"not_picked":["Self Repair","Leap"],"picked":"Conserve Battery","floor":4.0},{"not_picked":["FTL","Reinforced Body+1","Storm"],"picked":"Singing Bowl","floor":6.0},{"not_picked":["Streamline","Defragment","Stack+1"],"picked":"Singing Bowl","floor":8.0},{"not_picked":["Steam Power+1","Reinforced Body+1"],"picked":"Hologram+1","floor":11.0},{"not_picked":["Rebound","Redo+1"],"picked":"Hologram+1","floor":12.0},{"not_picked":["Barrage","Seek+1"],"picked":"Streamline","floor":13.0},{"not_picked":["Glacier+1","Go for the Eyes"],"picked":"Steam+1","floor":14.0},{"not_picked":["Thunder Strike","Creative AI","Amplify+1"],"picked":"Singing Bowl","floor":16.0},{"not_picked":["Stack+1","Redo+1","Go for the Eyes"],"picked":"Singing Bowl","floor":18.0},{"not_picked":["BootSequence+1","Redo+1","Stack+1"],"picked":"Singing Bowl","floor":22.0},{"not_picked":["Amplify+1","Beam Cell","Streamline"],"picked":"Singing Bowl","floor":23},{"not_picked":["Force Field+1","Hologram+1"],"picked":"Leap+1","floor":25},{"not_picked":["Blizzard","Redo+1","Reinforced Body+1"],"picked":"Singing Bowl","floor":27},{"not_picked":["Barrage","Melter","Glacier+1"],"picked":"Singing Bowl","floor":31},{"not_picked":["Rainbow+1","Electrodynamics","Hyperbeam"],"picked":"Singing Bowl","floor":33},{"not_picked":["Chill+1","Darkness+1","Redo+1"],"picked":"Singing Bowl","floor":35},{"not_picked":["Rebound+1","Sunder+1","Streamline"],"picked":"Singing Bowl","floor":36},{"not_picked":["Swift Strike","The Bomb+1","Forethought+1"],"picked":"Singing Bowl","floor":37},{"not_picked":["Thinking Ahead+1","Apotheosis+1","Impatience+1"],"picked":"Singing Bowl","floor":37},{"not_picked":["Jack Of All Trades+1","Finesse+1","Good Instincts+1"],"picked":"Singing Bowl","floor":37},{"not_picked":["Sunder+1","Storm+1","Cold Snap"],"picked":"Singing Bowl","floor":39},{"not_picked":["Aggregate+1","Force Field+1","Heatsinks+1"],"picked":"Singing Bowl","floor":41},{"not_picked":["Redo+1","Auto Shields+1","Seek+1"],"picked":"Singing Bowl","floor":45},{"not_picked":["Compile Driver","Turbo+1","Conserve Battery+1"],"picked":"Singing Bowl","floor":46},{"not_picked":["Stack+1","Undo+1","Static Discharge+1"],"picked":"Singing Bowl","floor":48}],"player_experience":480656,"relics_obtained":[{"floor":6.0,"key":"Singing Bowl"},{"floor":8.0,"key":"Pantograph"},{"floor":9.0,"key":"Kunai"},{"floor":11.0,"key":"Whetstone"},{"floor":12.0,"key":"Odd Mushroom"},{"floor":21.0,"key":"Enchiridion"},{"floor":23,"key":"FossilizedHelix"},{"floor":23,"key":"Meat on the Bone"},{"floor":25,"key":"Omamori"},{"floor":25,"key":"Nunchaku"},{"floor":26,"key":"Blue Candle"},{"floor":43,"key":"Bronze Scales"},{"floor":45,"key":"Cables"},{"floor":45,"key":"Centennial Puzzle"}],"event_choices":[{"damage_healed":0.0,"max_hp_gain":0.0,"max_hp_loss":0.0,"gold_gain":275.0,"event_name":"Golden Shrine","player_choice":"Desecrate","floor":3.0,"gold_loss":0.0,"damage_taken":0.0,"cards_obtained":["Regret"]},{"damage_healed":0.0,"max_hp_gain":0.0,"max_hp_loss":0.0,"gold_gain":0.0,"event_name":"Mushrooms","player_choice":"Fought Mushrooms","floor":12.0,"gold_loss":0.0,"damage_taken":0.0},{"damage_healed":0.0,"max_hp_gain":0.0,"max_hp_loss":0.0,"gold_gain":0.0,"event_name":"Nest","player_choice":"Joined the Cult","floor":20.0,"gold_loss":0.0,"damage_taken":6.0,"cards_obtained":["RitualDagger"]},{"damage_healed":0.0,"max_hp_gain":0.0,"max_hp_loss":0.0,"gold_gain":0.0,"event_name":"Cursed Tome","player_choice":"Obtained Book","floor":21.0,"gold_loss":0.0,"damage_taken":16.0},{"damage_healed":0,"gold_gain":0,"cards_transformed":["Strike_B"],"player_choice":"Transformed","damage_taken":0,"max_hp_gain":0,"max_hp_loss":0,"event_name":"Transmorgrifier","floor":29,"gold_loss":0,"cards_obtained":["Barrage"]},{"damage_healed":0,"gold_gain":0,"player_choice":"Memory 3","damage_taken":10,"max_hp_gain":0,"max_hp_loss":0,"event_name":"SensoryStone","floor":37,"gold_loss":0},{"damage_healed":0,"gold_gain":0,"player_choice":"Max HP","damage_taken":0,"max_hp_gain":0,"max_hp_loss":5,"event_name":"Winding Halls","floor":38,"gold_loss":0}],"is_beta":false,"boss_relics":[{"not_picked":["Eternal Feather","FrozenCore"],"picked":"Black Star"},{"not_picked":["Fusion Hammer","Pandora\u0027s Box"],"picked":"Sozu"}],"items_purged_floors":[5,19],"is_endless":false,"potions_floor_spawned":[1,8,11,16,18,35,45,48],"ascension_level":0}