{"gold_per_floor":[112,125,143,156,231,264,264,298,323,323,385,25,25,36,36,113,113,126,126,126,41,59,59,89,89,142,67,67,101,120,154,154,229,229,248,248,267,0,0,26,26,56,68,110,122,148,177,207,219,231],"floor_reached":50,"playtime":3887,"items_purged":["Strike_G","Strike_G"],"score":1357,"play_id":"6009d4a4-b99d-42ee-b844-49d240a88654","local_time":"20190602180056","is_ascension_mode":true,"campfire_choices":[{"floor":7.0,"key":"REST"},{"floor":10.0,"key":"REST"},{"floor":15.0,"key":"REST"},{"data":"Cloak And Dagger","floor":23.0,"key":"SMITH"},{"data":"Infinite Blades","floor":25.0,"key":"SMITH"},{"data":"A Thousand Cuts","floor":28.0,"key":"SMITH"},{"floor":32.0,"key":"REST"},{"floor":41.0,"key":"RECALL"},{"floor":49.0,"key":"REST"}],"neow_cost":"PERCENT_DAMAGE","seed_source_timestamp":153564033801726,"circlet_count":0,"master_deck":["AscendersBane","Defend_G","Defend_G","Defend_G","Defend_G","Defend_G","Strike_G+1","Strike_G","Survivor","Neutralize","Endless Agony+1","Backflip","Blade Dance","A Thousand Cuts+1","Cloak And Dagger+1","Adrenaline","Adrenaline","PiercingWail","Noxious Fumes","Infinite Blades+1","Backflip","Night Terror","Calculated Gamble","Footwork","Panache","Concentrate","Noxious Fumes","Accuracy","Terror","Deflect"],"special_seed":0,"relics":["Ring of the Snake","Dead Branch","Vajra","Lantern","Art of War","Whetstone","OrangePellets","Gremlin Horn","Eternal Feather","Ice Cream","Centennial Puzzle","Shuriken","The Courier","Fusion Hammer","Pantograph","MawBank","Ninja Scroll","Regal Pillow"],"potions_floor_usage":[50,50],"damage_taken":[{"damage":0.0,"enemies":"Cultist","floor":1.0,"turns":4.0},{"damage":1.0,"enemies":"Jaw Worm","floor":2.0,"turns":3.0},{"damage":0.0,"enemies":"2 Louse","floor":3.0,"turns":3.0},{"damage":0.0,"enemies":"Exordium Wildlife","floor":4.0,"turns":1.0},{"damage":28.0,"enemies":"Gremlin Nob","floor":6.0,"turns":4.0},{"damage":17.0,"enemies":"3 Sentries","floor":8.0,"turns":7.0},{"damage":22.0,"enemies":"Lagavulin Event","floor":11.0,"turns":4.0},{"damage":0.0,"enemies":"Lots of Slimes","floor":14.0,"turns":1.0},{"damage":21.0,"enemies":"The Guardian","floor":16.0,"turns":12.0},{"damage":1.0,"enemies":"Spheric Guardian","floor":18.0,"turns":3.0},{"damage":0.0,"enemies":"Chosen","floor":22.0,"turns":5.0},{"damage":2.0,"enemies":"Slavers","floor":24.0,"turns":2.0},{"damage":44.0,"enemies":"Book of Stabbing","floor":29.0,"turns":6.0},{"damage":0.0,"enemies":"Centurion and Healer","floor":30.0,"turns":3.0},{"damage":0.0,"enemies":"Gremlin Leader","floor":31.0,"turns":2.0},{"damage":6.0,"enemies":"Champ","floor":33.0,"turns":9.0},{"damage":0.0,"enemies":"3 Darklings","floor":35.0,"turns":2.0},{"damage":0.0,"enemies":"3 Shapes","floor":37.0,"turns":5.0},{"damage":12.0,"enemies":"Nemesis","floor":40.0,"turns":5.0},{"damage":0.0,"enemies":"Giant Head","floor":42.0,"turns":6.0},{"damage":0.0,"enemies":"Reptomancer","floor":44.0,"turns":3.0},{"damage":0.0,"enemies":"Transient","floor":46.0,"turns":6.0},{"damage":6.0,"enemies":"Sphere and 2 Shapes","floor":47.0,"turns":4.0},{"damage":5.0,"enemies":"Writhing Mass","floor":48.0,"turns":3.0},{"damage":77,"enemies":"Time Eater","floor":50,"turns":5}],"seed_played":"-1054805030537749770","potions_obtained":[{"floor":1.0,"key":"SmokeBomb"},{"floor":4.0,"key":"SpeedPotion"},{"floor":8.0,"key":"FearPotion"},{"floor":16.0,"key":"SteroidPotion"},{"floor":18.0,"key":"Explosive Potion"},{"floor":24.0,"key":"SkillPotion"},{"floor":35.0,"key":"EntropicBrew"},{"floor":46.0,"key":"PowerPotion"}],"is_trial":false,"path_per_floor":["M","M","M","M","?","E","R","E","T","R","?","$","T","M","R","B",null,"M","?","?","$","M","R","E","R","T","?","R","E","M","E","R","B",null,"M","?","M","$","?","E","R","E","T","E","$","M","M","M","R","B"],"character_chosen":"THE_SILENT","items_purchased":["OrangePellets","Cloak And Dagger","Noxious Fumes","Panache","Concentrate"],"campfire_rested":5,"item_purchase_floors":[12,12,21,38,38],"current_hp_per_floor":[44,43,43,43,32,4,23,6,6,25,3,3,3,3,22,1,50,49,31,45,45,45,57,55,67,67,67,71,27,27,27,60,54,67,67,67,67,67,67,55,70,70,70,70,70,70,64,59,71,0],"gold":231,"neow_bonus":"ONE_RARE_RELIC","is_prod":false,"is_daily":false,"chose_seed":false,"campfire_upgraded":3,"win_rate":0,"timestamp":1559491256,"path_taken":["M","?","M","M","?","E","R","E","T","R","?","$","?","?","R","BOSS","M","?","?","$","M","R","E","R","T","?","R","E","M","E","R","BOSS","M","?","M","$","?","E","R","E","T","E","?","M","?","M","R","BOSS"],"build_version":"2019-01-23","purchased_purges":2,"victory":false,"max_hp_per_floor":[66,66,66,66,66,66,66,66,66,66,66,66,66,66,66,66,66,66,71,71,71,71,71,71,71,71,71,71,71,71,71,71,71,71,71,71,71,71,71,71,71,71,71,71,71,71,71,71,71,71],"card_choices":[{"not_picked":["Concentrate","Distraction"],"picked":"Endless Agony","floor":1.0},{"not_picked":["Deflect","Outmaneuver"],"picked":"Backflip","floor":2.0},{"not_picked":["Masterful Stab","Underhanded Strike"],"picked":"Blade Dance","floor":3.0},{"not_picked":["Reflex","Expertise","Slice"],"picked":"SKIP","floor":4.0},{"not_picked":["Bane","Acrobatics"],"picked":"A Thousand Cuts","floor":6.0},{"not_picked":["Riddle With Holes","Eviscerate"],"picked":"Finisher","floor":8.0},{"not_picked":["PiercingWail","Eviscerate"],"picked":"Adrenaline","floor":14.0},{"not_picked":["Malaise","Phantasmal Killer"],"picked":"Adrenaline","floor":16.0},{"not_picked":["Sucker Punch+1","All Out Attack"],"picked":"PiercingWail","floor":18.0},{"not_picked":["Bane","Dash","Reflex+1"],"picked":"SKIP","floor":22.0},{"not_picked":["Choke","Tactician"],"picked":"Infinite Blades","floor":24.0},{"not_picked":["Sucker Punch+1","Unload","Heel Hook"],"picked":"SKIP","floor":29.0},{"not_picked":["Acrobatics","Flechettes","Bane"],"picked":"SKIP","floor":30.0},{"not_picked":["Flying Knee","Deadly Poison"],"picked":"Backflip","floor":31.0},{"not_picked":["Tools of the Trade","Bullet Time"],"picked":"Night Terror","floor":33.0},{"not_picked":["Deflect","Masterful Stab"],"picked":"Calculated Gamble","floor":35.0},{"not_picked":["Riddle With Holes","Skewer"],"picked":"Footwork","floor":37.0},{"not_picked":["Prepared","Finisher"],"picked":"Noxious Fumes","floor":40.0},{"not_picked":["Adrenaline","Catalyst+1"],"picked":"Accuracy","floor":42.0},{"not_picked":["Backflip+1","Setup"],"picked":"Terror","floor":44.0},{"not_picked":["Dodge and Roll","Dagger Spray+1"],"picked":"Deflect","floor":46.0},{"not_picked":["Calculated Gamble","Deflect+1","Underhanded Strike"],"picked":"SKIP","floor":47.0},{"not_picked":["Flying Knee+1","Prepared","Blade Dance"],"picked":"SKIP","floor":48.0}],"player_experience":430673,"relics_obtained":[{"floor":6.0,"key":"Vajra"},{"floor":8.0,"key":"Lantern"},{"floor":9.0,"key":"Art of War"},{"floor":11.0,"key":"Whetstone"},{"floor":13.0,"key":"Gremlin Horn"},{"floor":24.0,"key":"Ice Cream"},{"floor":26.0,"key":"Centennial Puzzle"},{"floor":29.0,"key":"Shuriken"},{"floor":31.0,"key":"The Courier"},{"floor":40.0,"key":"Pantograph"},{"floor":42.0,"key":"MawBank"},{"floor":43.0,"key":"Ninja Scroll"},{"floor":44.0,"key":"Regal Pillow"}],"event_choices":[{"damage_healed":0.0,"max_hp_gain":0.0,"max_hp_loss":0.0,"gold_gain":75.0,"event_name":"World of Goop","player_choice":"Gather Gold","floor":5.0,"gold_loss":0.0,"damage_taken":11.0},{"damage_healed":0.0,"max_hp_gain":0.0,"max_hp_loss":0.0,"gold_gain":0.0,"event_name":"Dead Adventurer","player_choice":"Searched \u00271\u0027 times","floor":11.0,"gold_loss":0.0,"damage_taken":0.0},{"damage_healed":0.0,"max_hp_gain":5.0,"max_hp_loss":0.0,"gold_gain":0.0,"event_name":"Forgotten Altar","player_choice":"Shed Blood","floor":19.0,"gold_loss":0.0,"damage_taken":23.0},{"damage_healed":14.0,"max_hp_gain":0.0,"max_hp_loss":0.0,"gold_gain":0.0,"event_name":"The Library","player_choice":"Heal","floor":20.0,"gold_loss":0.0,"damage_taken":0.0},{"cards_removed":["Strike_G"],"damage_healed":0.0,"max_hp_gain":0.0,"max_hp_loss":0.0,"gold_gain":0.0,"event_name":"Beggar","player_choice":"Gave Gold","floor":27.0,"gold_loss":75.0,"damage_taken":0.0},{"damage_healed":0.0,"max_hp_gain":0.0,"max_hp_loss":0.0,"gold_gain":0.0,"event_name":"Tomb of Lord Red Mask","player_choice":"Ignored","floor":36.0,"gold_loss":0.0,"damage_taken":0.0},{"cards_removed":["Finisher"],"damage_healed":0.0,"max_hp_gain":0.0,"max_hp_loss":0.0,"gold_gain":0.0,"event_name":"Falling","player_choice":"Removed Attack","floor":39.0,"gold_loss":0.0,"damage_taken":0.0}],"is_beta":false,"boss_relics":[{"not_picked":["HoveringKite","Ectoplasm"],"picked":"Eternal Feather"},{"not_picked":["Velvet Choker","Lizard Tail"],"picked":"Fusion Hammer"}],"items_purged_floors":[12,38],"is_endless":false,"potions_floor_spawned":[1,4,8,16,18,24,29,35,42,46,47],"killed_by":"Time Eater","ascension_level":19}