{"gold_per_floor":[109,184,17,33,45,103,103,103,150,162,176,205,205,239,239,334,334,347,53,53,68,338,373,386,400,400,33,33,48,48,60,60,160,160,176,193,210,210,220,220,248,262,332,344,360,187,187,203,203,203,203,203,103,137,137],"floor_reached":56,"playtime":4588,"items_purged":["Normality","Parasite"],"score":1273,"play_id":"0969693f-9960-422e-b8ce-f2e0e160b0c7","local_time":"20190120193129","is_ascension_mode":false,"campfire_choices":[{"data":"Apotheosis","floor":7.0,"key":"SMITH"},{"data":"Whirlwind","floor":15.0,"key":"SMITH"},{"floor":28.0,"key":"RECALL"},{"floor":30.0,"key":"REST"},{"floor":32.0,"key":"REST"},{"floor":40.0,"key":"REST"},{"floor":47.0,"key":"REST"},{"floor":49.0,"key":"REST"},{"floor":52.0,"key":"REST"}],"neow_cost":"PERCENT_DAMAGE","seed_source_timestamp":1906260082665522,"circlet_count":0,"master_deck":["Strike_R","Strike_R","Strike_R","Strike_R","Strike_R","Defend_R","Defend_R","Defend_R","Bash","Feed","Shrug It Off","Apotheosis+1","Thunderclap","Shrug It Off","Dual Wield","Whirlwind+1","Disarm","Berserk","Rage","Twin Strike","Metallicize","Barricade","Entrench","Disarm","Impervious","Shockwave+1","Pummel+1","Body Slam+1","Sword Boomerang","Mind Blast","Body Slam+1","Battle Trance","Rage"],"special_seed":0,"relics":["Burning Blood","Tiny Chest","Omamori","Pen Nib","Boot","Cursed Key","Thread and Needle","Bottled Lightning","Dream Catcher","Vajra","Bronze Scales","Centennial Puzzle","Fusion Hammer","Mummified Hand","Meat on the Bone","Happy Flower"],"potions_floor_usage":[55,55,55],"damage_taken":[{"damage":5.0,"enemies":"Cultist","floor":1.0,"turns":4.0},{"damage":1.0,"enemies":"2 Louse","floor":4.0,"turns":2.0},{"damage":0.0,"enemies":"Small Slimes","floor":5.0,"turns":3.0},{"damage":25.0,"enemies":"Lagavulin","floor":6.0,"turns":8.0},{"damage":5.0,"enemies":"Red Slaver","floor":10.0,"turns":3.0},{"damage":10.0,"enemies":"Lots of Slimes","floor":11.0,"turns":4.0},{"damage":21.0,"enemies":"3 Sentries","floor":12.0,"turns":7.0},{"damage":10.0,"enemies":"Lagavulin","floor":14.0,"turns":8.0},{"damage":29.0,"enemies":"Hexaghost","floor":16.0,"turns":11.0},{"damage":2.0,"enemies":"Chosen","floor":18.0,"turns":4.0},{"damage":2.0,"enemies":"3 Byrds","floor":21.0,"turns":4.0},{"damage":0.0,"enemies":"Book of Stabbing","floor":23.0,"turns":5.0},{"damage":6.0,"enemies":"Snake Plant","floor":24.0,"turns":4.0},{"damage":29.0,"enemies":"Centurion and Healer","floor":25.0,"turns":6.0},{"damage":0.0,"enemies":"Cultist and Chosen","floor":29.0,"turns":4.0},{"damage":11.0,"enemies":"Snecko","floor":31.0,"turns":6.0},{"damage":4.0,"enemies":"Automaton","floor":33.0,"turns":8.0},{"damage":0.0,"enemies":"Orb Walker","floor":35.0,"turns":3.0},{"damage":13.0,"enemies":"3 Darklings","floor":36.0,"turns":4.0},{"damage":14.0,"enemies":"4 Shapes","floor":37.0,"turns":7.0},{"damage":43.0,"enemies":"Writhing Mass","floor":39.0,"turns":6.0},{"damage":23.0,"enemies":"Nemesis","floor":41.0,"turns":7.0},{"damage":6.0,"enemies":"Maw","floor":42.0,"turns":10.0},{"damage":7.0,"enemies":"Sphere and 2 Shapes","floor":44.0,"turns":7.0},{"damage":2.0,"enemies":"Spire Growth","floor":45.0,"turns":4.0},{"damage":0.0,"enemies":"3 Darklings","floor":48.0,"turns":6.0},{"damage":2.0,"enemies":"Time Eater","floor":50.0,"turns":10.0},{"damage":34.0,"enemies":"Shield and Spear","floor":54.0,"turns":8.0},{"damage":62,"enemies":"The Heart","floor":55,"turns":11}],"seed_played":"3196390353399401320","potions_obtained":[{"floor":4.0,"key":"Ancient Potion"},{"floor":6.0,"key":"Poison Potion"},{"floor":12.0,"key":"FearPotion"},{"floor":25.0,"key":"SteroidPotion"},{"floor":35.0,"key":"SpeedPotion"}],"is_trial":false,"path_per_floor":["M","?","$","M","M","E","R","$","T","M","M","E","?","E","R","B",null,"M","$","T","M","?","E","M","M","T","$","R","M","R","M","R","B",null,"M","M","M","T","M","R","E","M","T","M","M","$","R","M","R","B",null,"R","$","E","B",null],"character_chosen":"IRONCLAD","items_purchased":["Apotheosis","Thread and Needle","Bronze Scales","Metallicize","Centennial Puzzle","Mind Blast"],"campfire_rested":6,"item_purchase_floors":[3,19,27,27,27,46],"current_hp_per_floor":[60,52,52,60,70,55,55,55,55,60,59,48,48,48,48,25,109,109,109,109,117,73,79,83,64,64,64,64,74,112,111,133,133,133,133,130,126,126,89,131,118,122,122,125,129,129,153,153,153,153,153,153,150,122,78],"gold":137,"neow_bonus":"THREE_RARE_CARDS","is_prod":false,"is_daily":false,"chose_seed":false,"campfire_upgraded":2,"win_rate":0,"timestamp":1548030689,"path_taken":["M","?","$","M","M","E","R","?","T","?","M","E","?","E","R","BOSS","M","$","?","M","?","E","M","?","T","$","R","M","R","M","R","BOSS","M","M","?","?","M","R","E","M","T","M","M","$","R","M","R","BOSS","R","$","E","BOSS"],"build_version":"2019-01-10","purchased_purges":2,"victory":true,"max_hp_per_floor":[83,83,83,86,90,94,94,94,94,98,101,105,105,109,109,109,109,109,109,109,117,117,117,121,125,125,125,125,129,129,133,133,133,133,133,137,141,141,141,141,145,149,149,153,153,153,153,153,153,153,153,153,150,150,150],"card_choices":[{"not_picked":["Brutality","Dark Embrace"],"picked":"Feed","floor":0.0},{"not_picked":["True Grit","Flex"],"picked":"Shrug It Off","floor":1.0},{"not_picked":["Wild Strike","Juggernaut"],"picked":"Thunderclap","floor":4.0},{"not_picked":["Anger","Wild Strike"],"picked":"Shrug It Off","floor":5.0},{"not_picked":["Wild Strike","Perfected Strike","Armaments"],"picked":"SKIP","floor":6.0},{"not_picked":["Havoc","Reckless Charge","Entrench"],"picked":"SKIP","floor":10.0},{"not_picked":["Armaments","Feel No Pain"],"picked":"Dual Wield","floor":11.0},{"not_picked":["Havoc","Twin Strike"],"picked":"Whirlwind","floor":12.0},{"not_picked":["Shrug It Off","Offering"],"picked":"Disarm","floor":14.0},{"not_picked":["Exhume","Offering"],"picked":"Berserk","floor":16.0},{"not_picked":["Headbutt","Infernal Blade+1","Cleave"],"picked":"SKIP","floor":18.0},{"not_picked":["Body Slam+1","True Grit"],"picked":"Rage","floor":21.0},{"not_picked":["Heavy Blade","Anger","Juggernaut"],"picked":"SKIP","floor":23.0},{"not_picked":["Pommel Strike","Clash+1","Dropkick"],"picked":"SKIP","floor":24.0},{"not_picked":["Heavy Blade","Fire Breathing"],"picked":"Twin Strike","floor":25.0},{"not_picked":["Blood for Blood","Havoc"],"picked":"Barricade","floor":29.0},{"not_picked":["Wild Strike","True Grit"],"picked":"Entrench","floor":31.0},{"not_picked":["Anger+1","Clothesline+1"],"picked":"Disarm","floor":32.0},{"not_picked":["Exhume","Brutality"],"picked":"Impervious","floor":33.0},{"not_picked":["Spot Weakness","Warcry+1"],"picked":"Shockwave+1","floor":35.0},{"not_picked":["Heavy Blade","Warcry+1"],"picked":"Pummel+1","floor":36.0},{"not_picked":["Rampage+1","Heavy Blade"],"picked":"Body Slam+1","floor":37.0},{"not_picked":["Sword Boomerang","Rupture+1","Ghostly Armor+1"],"picked":"SKIP","floor":39.0},{"not_picked":["Thunderclap+1","Dual Wield+1","Fiend Fire"],"picked":"SKIP","floor":41.0},{"not_picked":["Clash+1","Seeing Red"],"picked":"Sword Boomerang","floor":42.0},{"not_picked":["Heavy Blade+1","Armaments","Cleave"],"picked":"SKIP","floor":44.0},{"not_picked":["Anger+1","Dual Wield","Havoc+1"],"picked":"SKIP","floor":45.0},{"not_picked":["Dark Embrace","Carnage+1"],"picked":"Body Slam+1","floor":48.0},{"not_picked":["Wild Strike+1","Second Wind"],"picked":"Battle Trance","floor":49.0},{"not_picked":["Perfected Strike","Immolate"],"picked":"Rage","floor":54.0}],"player_experience":634155,"relics_obtained":[{"floor":6.0,"key":"Tiny Chest"},{"floor":9.0,"key":"Omamori"},{"floor":12.0,"key":"Pen Nib"},{"floor":14.0,"key":"Boot"},{"floor":20.0,"key":"Bottled Lightning"},{"floor":23.0,"key":"Dream Catcher"},{"floor":26.0,"key":"Vajra"},{"floor":41.0,"key":"Mummified Hand"},{"floor":43.0,"key":"Meat on the Bone"},{"floor":54.0,"key":"Happy Flower"}],"event_choices":[{"damage_healed":0.0,"max_hp_gain":0.0,"max_hp_loss":0.0,"gold_gain":75.0,"event_name":"FaceTrader","player_choice":"Touch","floor":2.0,"gold_loss":0.0,"damage_taken":8.0},{"cards_removed":["Defend_R"],"damage_healed":0.0,"max_hp_gain":0.0,"max_hp_loss":0.0,"gold_gain":0.0,"event_name":"Bonfire Elementals","player_choice":"Offered Basic","floor":13.0,"gold_loss":0.0,"damage_taken":0.0},{"damage_healed":0.0,"max_hp_gain":0.0,"max_hp_loss":0.0,"gold_gain":270.0,"event_name":"Knowing Skull","player_choice":"GOLD GOLD GOLD ","floor":22.0,"potions_obtained":[],"gold_loss":0.0,"damage_taken":44.0,"cards_obtained":[]}],"is_beta":false,"boss_relics":[{"not_picked":["Empty Cage","Busted Crown"],"picked":"Cursed Key"},{"not_picked":["Calling Bell","Orrery"],"picked":"Fusion Hammer"}],"items_purged_floors":[46,53],"is_endless":false,"potions_floor_spawned":[4,6,12,21,23,25,35,36,42,44],"ascension_level":0}