{"gold_per_floor":[109,126,126,76,76,76,101,101,101,101,135,135,145,220,220,299,299,310,310,320,419,433,433,433],"floor_reached":24,"playtime":1051,"items_purged":[],"score":333,"play_id":"af71f242-cd61-48c3-bf45-a87dc472a26b","local_time":"20190529220322","is_ascension_mode":true,"campfire_choices":[{"floor":6,"key":"REST"},{"floor":8,"key":"REST"},{"floor":12,"key":"REST"},{"floor":15,"key":"REST"},{"floor":23,"key":"REST"}],"neow_cost":"TEN_PERCENT_HP_LOSS","seed_source_timestamp":88649879195068,"circlet_count":0,"master_deck":["AscendersBane","Strike_B","Defend_B","Defend_B","Defend_B","Zap+1","Dualcast","Hologram","Compile Driver+1","Steam","Lockon+1","Conserve Battery"],"relics":["Cracked Core","Du-Vu Doll","Singing Bowl","Bottled Flame","Molten Egg 2","Incense Burner","Empty Cage"],"potions_floor_usage":[11],"damage_taken":[{"damage":0,"enemies":"2 Louse","floor":1,"turns":2},{"damage":17,"enemies":"Small Slimes","floor":2,"turns":4},{"damage":35,"enemies":"3 Sentries","floor":7,"turns":7},{"damage":32,"enemies":"Gremlin Nob","floor":11,"turns":4},{"damage":4,"enemies":"Jaw Worm","floor":13,"turns":2},{"damage":34,"enemies":"The Guardian","floor":16,"turns":11},{"damage":11,"enemies":"3 Byrds","floor":18,"turns":6},{"damage":28,"enemies":"Shell Parasite","floor":20,"turns":6},{"damage":17,"enemies":"Snake Plant","floor":22,"turns":4},{"damage":38,"enemies":"Snecko","floor":24,"turns":5}],"seed_played":"-1269147198603369642","potions_obtained":[{"floor":1,"key":"Poison Potion"},{"floor":11,"key":"SneckoOil"},{"floor":13,"key":"GamblersBrew"},{"floor":18,"key":"FocusPotion"}],"is_trial":false,"path_per_floor":["M","M","?","?","$","R","E","R","T","?","E","R","M","?","R","B",null,"M","?","M","?","M","R","M"],"character_chosen":"DEFECT","items_purchased":[],"campfire_rested":5,"item_purchase_floors":[],"current_hp_per_floor":[68,51,37,37,37,57,22,42,42,39,9,30,26,15,36,4,55,46,46,18,18,3,25,0],"gold":433,"neow_bonus":"ONE_RARE_RELIC","is_prod":false,"is_daily":false,"chose_seed":false,"campfire_upgraded":0,"win_rate":0,"timestamp":1559160202,"path_taken":["M","M","?","?","$","R","E","R","T","?","E","R","M","?","R","BOSS","M","?","?","?","M","R","M"],"build_version":"2019-01-23","purchased_purges":0,"victory":false,"max_hp_per_floor":[68,68,68,68,68,68,68,68,68,68,70,70,70,70,70,72,72,74,74,74,74,76,76,76],"card_choices":[{"not_picked":["Darkness","Stack"],"picked":"Hologram","floor":1},{"not_picked":["Darkness","Steam"],"picked":"Compile Driver","floor":2},{"not_picked":["Rebound","Chill"],"picked":"Steam","floor":7},{"not_picked":["Turbo","Barrage+1","Loop"],"picked":"Singing Bowl","floor":11},{"not_picked":["Conserve Battery","Force Field"],"picked":"Lockon+1","floor":13},{"not_picked":["Machine Learning","Fission","Meteor Strike+1"],"picked":"Singing Bowl","floor":16},{"not_picked":["Gash+1","Hologram","Chill"],"picked":"Singing Bowl","floor":18},{"not_picked":["Rebound+1","Leap"],"picked":"Conserve Battery","floor":20},{"not_picked":["Stack","Double Energy","Hello World"],"picked":"Singing Bowl","floor":22}],"player_experience":382443,"relics_obtained":[{"floor":7,"key":"Singing Bowl"},{"floor":9,"key":"Bottled Flame"},{"floor":11,"key":"Incense Burner"}],"event_choices":[{"damage_healed":0,"gold_gain":0,"player_choice":"Entered Light","damage_taken":14,"max_hp_gain":0,"max_hp_loss":0,"event_name":"Shining Light","floor":3,"gold_loss":0,"cards_upgraded":["Compile Driver","Zap"]},{"cards_removed":["Strike_B"],"damage_healed":0,"gold_gain":0,"player_choice":"Card Removal","damage_taken":0,"max_hp_gain":0,"max_hp_loss":0,"event_name":"The Cleric","floor":4,"gold_loss":50},{"damage_healed":0,"gold_gain":0,"player_choice":"Success","damage_taken":3,"relics_obtained":["Molten Egg 2"],"max_hp_gain":0,"max_hp_loss":0,"event_name":"Scrap Ooze","floor":10,"gold_loss":0},{"damage_healed":0,"gold_gain":75,"player_choice":"Gather Gold","damage_taken":11,"max_hp_gain":0,"max_hp_loss":0,"event_name":"World of Goop","floor":14,"gold_loss":0},{"cards_removed":["Strike_B"],"damage_healed":0,"gold_gain":0,"player_choice":"Purged","damage_taken":0,"max_hp_gain":0,"max_hp_loss":0,"event_name":"Purifier","floor":19,"gold_loss":0},{"damage_healed":0,"gold_gain":99,"player_choice":"Stole From Cult","damage_taken":0,"max_hp_gain":0,"max_hp_loss":0,"event_name":"Nest","floor":21,"gold_loss":0}],"is_beta":false,"boss_relics":[{"not_picked":["Runic Pyramid","Coffee Dripper"],"picked":"Empty Cage"}],"items_purged_floors":[],"is_endless":false,"potions_floor_spawned":[1,11,13,18,22],"killed_by":"Snecko","ascension_level":13}