{"gold_per_floor":[13,13,24,24,24,24,63,338,363,363,382,382,416,416,416,416],"floor_reached":16,"playtime":2929,"items_purged":[],"score":106,"play_id":"26c449a5-6a04-46f7-9270-94415f3ffc16","local_time":"20190211215736","is_ascension_mode":false,"campfire_choices":[{"data":"Double Tap","floor":6,"key":"SMITH"},{"data":"Shockwave","floor":10,"key":"SMITH"},{"data":"Bash","floor":12,"key":"SMITH"},{"floor":15,"key":"REST"}],"neow_cost":"NO_GOLD","seed_source_timestamp":1820133304932440,"circlet_count":0,"master_deck":["Strike_R+1","Strike_R","Strike_R","Strike_R","Strike_R","Defend_R+1","Defend_R","Defend_R","Defend_R","Bash+1","Double Tap+1","Flex","Seeing Red","Shockwave+1","Headbutt","Spot Weakness"],"relics":["Burning Blood","Golden Idol","Omamori","Dodecahedron"],"potions_floor_usage":[13,13],"damage_taken":[{"damage":1,"enemies":"Cultist","floor":1,"turns":3},{"damage":3,"enemies":"2 Louse","floor":3,"turns":3},{"damage":30,"enemies":"Gremlin Nob","floor":7,"turns":5},{"damage":6,"enemies":"Jaw Worm","floor":11,"turns":4},{"damage":21,"enemies":"Lagavulin","floor":13,"turns":6},{"damage":42,"enemies":"The Guardian","floor":16,"turns":8}],"seed_played":"5375316137616973887","potions_obtained":[{"floor":11,"key":"BloodPotion"},{"floor":13,"key":"Fruit Juice"}],"is_trial":false,"path_per_floor":["M","$","M","?","?","R","E","?","T","R","M","R","E","?","R","B"],"character_chosen":"IRONCLAD","items_purchased":[],"campfire_rested":1,"item_purchase_floors":[],"current_hp_per_floor":[80,80,80,60,60,60,36,36,36,36,36,36,34,17,42,0],"gold":416,"neow_bonus":"THREE_RARE_CARDS","is_prod":false,"is_daily":false,"chose_seed":false,"campfire_upgraded":3,"win_rate":0,"timestamp":1549940256,"path_taken":["M","?","M","?","?","R","E","?","T","R","?","R","E","?","R","BOSS"],"build_version":"2019-01-23","purchased_purges":0,"victory":false,"max_hp_per_floor":[80,80,80,80,80,80,80,80,80,80,80,80,85,85,85,85],"card_choices":[{"not_picked":["Dark Embrace","Berserk"],"picked":"Double Tap","floor":0},{"not_picked":["True Grit","Anger"],"picked":"Flex","floor":1},{"not_picked":["Clash","Warcry"],"picked":"Seeing Red","floor":3},{"not_picked":["Armaments","Brutality"],"picked":"Shockwave","floor":7},{"not_picked":["Flex","Anger"],"picked":"Headbutt","floor":11},{"not_picked":["Armaments","Iron Wave"],"picked":"Spot Weakness","floor":13}],"player_experience":681159,"relics_obtained":[{"floor":7,"key":"Omamori"},{"floor":13,"key":"Dodecahedron"}],"event_choices":[{"damage_healed":0,"gold_gain":0,"player_choice":"Take Damage","damage_taken":20,"relics_obtained":["Golden Idol"],"max_hp_gain":0,"max_hp_loss":0,"event_name":"Golden Idol","floor":4,"gold_loss":0},{"damage_healed":0,"gold_gain":0,"player_choice":"Leave","damage_taken":0,"max_hp_gain":0,"max_hp_loss":0,"event_name":"The Cleric","floor":5,"gold_loss":0},{"damage_healed":0,"gold_gain":275,"player_choice":"Desecrate","damage_taken":0,"max_hp_gain":0,"max_hp_loss":0,"event_name":"Golden Shrine","floor":8,"gold_loss":0,"cards_obtained":["Regret"]},{"damage_healed":0,"gold_gain":0,"player_choice":"Entered Light","damage_taken":17,"max_hp_gain":0,"max_hp_loss":0,"event_name":"Shining Light","floor":14,"gold_loss":0,"cards_upgraded":["Defend_R","Strike_R"]}],"is_beta":false,"boss_relics":[],"items_purged_floors":[],"is_endless":false,"potions_floor_spawned":[11,13],"killed_by":"The Guardian","ascension_level":0}