{"gold_per_floor":[114,129,143,143,158,158,177,177,250,261,261,261,278,289,289,390,390,315,315,315,315,315,315,315,315,315,315,315,21,21,21,21,21,21,21,21,21,0,0,0,0,0,0,0,0,0,0,0,0,0],"floor_reached":51,"playtime":5754,"items_purged":[],"score":1022,"play_id":"7a49bed8-3c8e-4901-ac97-93f85dcdbeb4","local_time":"20191015014545","is_ascension_mode":true,"campfire_choices":[{"data":"Uppercut","floor":6.0,"key":"SMITH"},{"data":"Inflame","floor":8.0,"key":"SMITH"},{"data":"Barricade","floor":12.0,"key":"SMITH"},{"data":"True Grit","floor":15.0,"key":"SMITH"},{"data":"Feed","floor":23.0,"key":"SMITH"},{"floor":25.0,"key":"REST"},{"floor":30.0,"key":"REST"},{"data":"Metallicize","floor":32.0,"key":"SMITH"},{"data":"Limit Break","floor":40.0,"key":"SMITH"},{"data":"Shrug It Off","floor":42.0,"key":"SMITH"},{"data":"Flame Barrier","floor":47,"key":"SMITH"},{"data":"Entrench","floor":49,"key":"SMITH"}],"neow_cost":"NONE","seed_source_timestamp":0,"circlet_count":0,"master_deck":["Strike_R","Strike_R","Strike_R","Strike_R","Defend_R","Defend_R","Defend_R","Defend_R","Bash","Spot Weakness","Headbutt","Inflame+1","Barricade+1","Uppercut+1","Sword Boomerang","Good Instincts","True Grit+1","Feed+1","Iron Wave","Power Through","Shrug It Off+1","Flame Barrier+1","Shrug It Off+1","Metallicize+1","Corruption","Limit Break+1","Entrench+1","Disarm+1","Shrug It Off+1"],"special_seed":0,"relics":["Sozu","Bottled Tornado","Ectoplasm","Thread and Needle","Ancient Tea Set","Bird Faced Urn","Runic Dome","Red Mask","StoneCalendar","Omamori"],"potions_floor_usage":[],"damage_taken":[{"damage":2.0,"enemies":"Jaw Worm","floor":1.0,"turns":3.0},{"damage":0.0,"enemies":"Small Slimes","floor":2.0,"turns":3.0},{"damage":0.0,"enemies":"Cultist","floor":3.0,"turns":3.0},{"damage":2.0,"enemies":"Looter","floor":5.0,"turns":3.0},{"damage":0.0,"enemies":"Large Slime","floor":7.0,"turns":7.0},{"damage":9.0,"enemies":"Exordium Wildlife","floor":10.0,"turns":4.0},{"damage":22.0,"enemies":"Exordium Thugs","floor":13.0,"turns":5.0},{"damage":3.0,"enemies":"2 Fungi Beasts","floor":14.0,"turns":5.0},{"damage":2.0,"enemies":"Hexaghost","floor":16.0,"turns":9.0},{"damage":28.0,"enemies":"2 Thieves","floor":18.0,"turns":4.0},{"damage":0.0,"enemies":"Spheric Guardian","floor":21.0,"turns":3.0},{"damage":0.0,"enemies":"3 Cultists","floor":22.0,"turns":6.0},{"damage":10.0,"enemies":"Book of Stabbing","floor":24.0,"turns":5.0},{"damage":0.0,"enemies":"Centurion and Healer","floor":27.0,"turns":5.0},{"damage":19.0,"enemies":"Snake Plant","floor":28.0,"turns":3.0},{"damage":0.0,"enemies":"Chosen and Byrds","floor":31.0,"turns":8.0},{"damage":0.0,"enemies":"Automaton","floor":33.0,"turns":17.0},{"damage":7.0,"enemies":"Orb Walker","floor":35.0,"turns":6.0},{"damage":0.0,"enemies":"3 Darklings","floor":36.0,"turns":15.0},{"damage":1.0,"enemies":"Maw","floor":37.0,"turns":17.0},{"damage":18.0,"enemies":"2 Orb Walkers","floor":39.0,"turns":6.0},{"damage":7.0,"enemies":"Sphere and 2 Shapes","floor":41.0,"turns":6.0},{"damage":2.0,"enemies":"Transient","floor":44.0,"turns":5.0},{"damage":0.0,"enemies":"Jaw Worm Horde","floor":45.0,"turns":7.0},{"damage":0,"enemies":"4 Shapes","floor":46,"turns":7},{"damage":0,"enemies":"Spire Growth","floor":48,"turns":9},{"damage":33,"enemies":"Awakened One","floor":50,"turns":33}],"seed_played":"121804126092694395","potions_obtained":[],"is_trial":false,"path_per_floor":["M","M","M","?","M","R","M","R","T","M","?","R","M","M","R","B",null,"M","?","?","M","M","R","E","R","T","M","M","$","R","M","R","B",null,"M","M","M","?","?","R","M","R","T","M","M","M","R","M","R","B",null],"character_chosen":"IRONCLAD","items_purchased":["Bird Faced Urn"],"campfire_rested":2,"item_purchase_floors":[29],"current_hp_per_floor":[70,70,70,70,68,68,68,68,68,59,59,59,37,34,34,32,68,43,27,27,30,33,33,23,51,51,55,40,40,70,80,80,92,106,109,118,122,122,110,110,115,115,115,121,133,138,138,142,142,115],"gold":0,"neow_bonus":"BOSS_RELIC","is_prod":false,"is_daily":false,"chose_seed":false,"campfire_upgraded":10,"win_rate":0,"timestamp":1571118345,"path_taken":["M","M","M","?","M","R","M","R","T","M","?","R","M","?","R","BOSS","M","?","?","M","M","R","E","R","T","M","M","?","R","M","R","BOSS","BOSS","M","M","M","?","?","R","M","R","T","M","M","M","R","M","R","BOSS"],"build_version":"2019-07-17","purchased_purges":0,"victory":true,"max_hp_per_floor":[80,80,80,80,80,80,80,80,80,80,80,80,80,80,80,80,80,83,88,88,91,94,94,94,94,94,98,102,102,102,106,106,110,110,114,118,122,122,126,126,130,130,130,130,134,138,138,142,142,146],"card_choices":[{"not_picked":["Cleave","Thunderclap"],"picked":"Spot Weakness","floor":1.0},{"not_picked":["Havoc","Iron Wave"],"picked":"Headbutt","floor":2.0},{"not_picked":["Reckless Charge","Pommel Strike"],"picked":"Inflame","floor":3.0},{"not_picked":["Thunderclap","Clash"],"picked":"Uppercut","floor":5.0},{"not_picked":["Anger","Cleave","Clothesline"],"picked":"SKIP","floor":7.0},{"not_picked":["Sever Soul","Pommel Strike"],"picked":"Sword Boomerang","floor":10.0},{"not_picked":["Double Tap","Flex"],"picked":"True Grit","floor":13.0},{"not_picked":["Combust","Cleave","Headbutt"],"picked":"SKIP","floor":14.0},{"not_picked":["Fiend Fire","Immolate"],"picked":"Feed","floor":16.0},{"not_picked":["Spot Weakness","Carnage"],"picked":"Iron Wave","floor":18.0},{"not_picked":["Dropkick","Cleave"],"picked":"Power Through","floor":21.0},{"not_picked":["Thunderclap+1","Havoc"],"picked":"Shrug It Off","floor":22.0},{"not_picked":["Warcry+1","Rage"],"picked":"Flame Barrier","floor":24.0},{"not_picked":["Anger+1","Twin Strike"],"picked":"Shrug It Off+1","floor":27.0},{"not_picked":["Evolve","Rupture"],"picked":"Metallicize","floor":28.0},{"not_picked":["Flame Barrier","Warcry"],"picked":"Corruption","floor":31.0},{"not_picked":["Exhume","Demon Form"],"picked":"Limit Break","floor":33.0},{"not_picked":["Armaments+1","Flex+1","Pommel Strike"],"picked":"SKIP","floor":35.0},{"not_picked":["Clothesline","Rage"],"picked":"Entrench","floor":36.0},{"not_picked":["Wild Strike+1","Shockwave"],"picked":"Disarm+1","floor":37.0},{"not_picked":["Cleave+1","Clothesline","Inflame"],"picked":"SKIP","floor":41.0},{"not_picked":["Corruption+1","Thunderclap+1"],"picked":"Shrug It Off+1","floor":44.0},{"not_picked":["Clash+1","Thunderclap","Wild Strike"],"picked":"SKIP","floor":45.0},{"not_picked":["Armaments","Perfected Strike+1","Heavy Blade"],"picked":"SKIP","floor":46},{"not_picked":["Heavy Blade+1","Dual Wield+1","Rage+1"],"picked":"SKIP","floor":48}],"player_experience":791434,"relics_obtained":[{"floor":9.0,"key":"Bottled Tornado"},{"floor":24.0,"key":"Ancient Tea Set"},{"floor":39.0,"key":"StoneCalendar"},{"floor":43.0,"key":"Omamori"}],"event_choices":[{"damage_healed":0.0,"max_hp_gain":0.0,"max_hp_loss":0.0,"gold_gain":0.0,"cards_transformed":["Strike_R"],"event_name":"Living Wall","player_choice":"Change","floor":4.0,"gold_loss":0.0,"damage_taken":0.0,"cards_obtained":["Barricade"]},{"damage_healed":0.0,"max_hp_gain":0.0,"max_hp_loss":0.0,"gold_gain":0.0,"event_name":"Match and Keep!","player_choice":"1 cards matched","floor":11.0,"gold_loss":0.0,"damage_taken":0.0,"cards_obtained":["Good Instincts"]},{"damage_healed":0.0,"max_hp_gain":5.0,"max_hp_loss":0.0,"gold_gain":0.0,"event_name":"Forgotten Altar","player_choice":"Shed Blood","floor":19.0,"gold_loss":0.0,"damage_taken":21.0},{"damage_healed":0.0,"max_hp_gain":0.0,"max_hp_loss":0.0,"gold_gain":0.0,"event_name":"The Mausoleum","player_choice":"Opened","floor":20.0,"gold_loss":0.0,"damage_taken":0.0,"relics_obtained":["Thread and Needle"]},{"damage_healed":0.0,"max_hp_gain":0.0,"max_hp_loss":0.0,"gold_gain":0.0,"event_name":"Tomb of Lord Red Mask","player_choice":"Paid","floor":38.0,"gold_loss":21.0,"damage_taken":0.0,"relics_obtained":["Red Mask"]},{"damage_healed":0.0,"max_hp_gain":0.0,"max_hp_loss":0.0,"gold_gain":0.0,"event_name":"Mysterious Sphere","player_choice":"Fight","floor":39.0,"gold_loss":0.0,"damage_taken":0.0}],"is_beta":false,"boss_relics":[{"not_picked":["Calling Bell","Snecko Eye"],"picked":"Ectoplasm"},{"not_picked":["Fusion Hammer","Black Star"],"picked":"Runic Dome"}],"items_purged_floors":[],"is_endless":false,"potions_floor_spawned":[3,5,14,16,18,22,31,33,36,39,44,46],"ascension_level":8}