{"gold_per_floor":[114,189,67,67,85,113,13,13,36,36,70,86,104,121,121,222,222,202,219,233,260,260],"floor_reached":22,"playtime":954,"items_purged":["Strike_R","Defend_R"],"score":196,"play_id":"82b716e7-c634-4d60-94a0-f70b1fe92aa9","local_time":"20190618193156","is_ascension_mode":false,"campfire_choices":[{"data":"Bash","floor":8,"key":"SMITH"},{"data":"Perfected Strike","floor":15,"key":"SMITH"}],"neow_cost":"NONE","seed_source_timestamp":2481032556829028,"circlet_count":0,"master_deck":["Strike_R","Strike_R","Strike_R","Defend_R","Defend_R","Defend_R","Bash+1","Twin Strike","Perfected Strike+1","Warcry","Shrug It Off","Warcry","Twin Strike","Perfected Strike"],"relics":["Burning Blood","Lantern","Juzu Bracelet","Anchor","Black Star","Red Mask"],"potions_floor_usage":[6,11,16,21,22,22],"damage_taken":[{"damage":1,"enemies":"Cultist","floor":1,"turns":4},{"damage":0,"enemies":"2 Louse","floor":5,"turns":2},{"damage":14,"enemies":"Gremlin Nob","floor":6,"turns":3},{"damage":24,"enemies":"Lagavulin","floor":11,"turns":4},{"damage":1,"enemies":"Jaw Worm","floor":12,"turns":2},{"damage":8,"enemies":"Red Slaver","floor":13,"turns":3},{"damage":0,"enemies":"2 Fungi Beasts","floor":14,"turns":3},{"damage":51,"enemies":"Hexaghost","floor":16,"turns":10},{"damage":7,"enemies":"2 Thieves","floor":18,"turns":4},{"damage":10,"enemies":"Spheric Guardian","floor":19,"turns":3},{"damage":34,"enemies":"Cultist and Chosen","floor":20,"turns":6},{"damage":27,"enemies":"Masked Bandits","floor":21,"turns":4},{"damage":33,"enemies":"Centurion and Healer","floor":22,"turns":5}],"seed_played":"-6581616175757986900","potions_obtained":[{"floor":1,"key":"AttackPotion"},{"floor":4,"key":"Strength Potion"},{"floor":4,"key":"Block Potion"},{"floor":6,"key":"Weak Potion"},{"floor":13,"key":"EssenceOfSteel"},{"floor":19,"key":"Strength Potion"},{"floor":21,"key":"SpeedPotion"}],"is_trial":false,"path_per_floor":["M","?","$","?","M","E","$","R","T","?","E","M","M","M","R","B",null,"M","M","M","?","M"],"character_chosen":"IRONCLAD","items_purchased":["Perfected Strike"],"campfire_rested":0,"item_purchase_floors":[3],"current_hp_per_floor":[80,69,69,69,75,67,67,67,67,67,49,54,52,58,58,13,80,79,75,47,26,0],"gold":260,"neow_bonus":"REMOVE_CARD","is_prod":false,"is_daily":false,"chose_seed":false,"campfire_upgraded":2,"win_rate":0,"timestamp":1560900716,"path_taken":["M","?","$","?","M","E","$","R","T","?","E","M","M","M","R","BOSS","M","M","M","?","M"],"build_version":"2019-01-23","purchased_purges":2,"victory":false,"max_hp_per_floor":[80,80,80,80,80,80,80,80,80,80,80,80,80,80,80,80,80,80,80,80,80,80],"card_choices":[{"not_picked":["Heavy Blade","Intimidate"],"picked":"Twin Strike","floor":1},{"not_picked":["Clash","Dual Wield"],"picked":"Warcry","floor":5},{"not_picked":["Whirlwind","Infernal Blade"],"picked":"Shrug It Off","floor":6},{"not_picked":["Carnage","Dropkick"],"picked":"Warcry","floor":11},{"not_picked":["Feel No Pain","Thunderclap","Bloodletting"],"picked":"SKIP","floor":12},{"not_picked":["Havoc","Seeing Red","Anger"],"picked":"SKIP","floor":13},{"not_picked":["Offering","Uppercut"],"picked":"Twin Strike","floor":14},{"not_picked":["Sword Boomerang+1","Battle Trance"],"picked":"Perfected Strike","floor":18},{"not_picked":["Thunderclap","Headbutt","Cleave"],"picked":"SKIP","floor":19},{"not_picked":["Sword Boomerang","Reaper","Havoc"],"picked":"SKIP","floor":20}],"player_experience":1032912,"relics_obtained":[{"floor":6,"key":"Lantern"},{"floor":9,"key":"Juzu Bracelet"},{"floor":11,"key":"Anchor"},{"floor":21,"key":"Red Mask"}],"event_choices":[{"damage_healed":0,"gold_gain":75,"player_choice":"Gather Gold","damage_taken":11,"max_hp_gain":0,"max_hp_loss":0,"event_name":"World of Goop","floor":2,"gold_loss":0},{"damage_healed":0,"gold_gain":0,"player_choice":"Got Potions","damage_taken":0,"max_hp_gain":0,"max_hp_loss":0,"event_name":"Lab","floor":4,"gold_loss":0},{"damage_healed":0,"gold_gain":0,"player_choice":"Ignored","damage_taken":0,"max_hp_gain":0,"max_hp_loss":0,"event_name":"NoteForYourself","floor":10,"gold_loss":0},{"damage_healed":0,"gold_gain":0,"player_choice":"Fought Bandits","damage_taken":0,"max_hp_gain":0,"max_hp_loss":0,"event_name":"Masked Bandits","floor":21,"gold_loss":0}],"is_beta":false,"boss_relics":[{"not_picked":["Eternal Feather","Calling Bell"],"picked":"Black Star"}],"items_purged_floors":[3,7],"is_endless":false,"potions_floor_spawned":[1,5,6,13,19,21],"killed_by":"Centurion and Healer","ascension_level":0}