{"gold_per_floor":[114,37,37,37,37,65,65,130,142,154,196,208,233,262,274,358,370,402,339,351,352,383,395,407,445,482,494,506,191,218,21,21,93,93,108,108,125,125,137,170,170,200,200,227,238,316,316,344,344,344],"floor_reached":50,"playtime":3876,"items_purged":["Decay","Injury"],"score":1206,"play_id":"fcf30262-abc3-422a-961f-acab48515ba2","local_time":"20190620095126","is_ascension_mode":true,"campfire_choices":[{"floor":7.0,"key":"REST"},{"floor":10.0,"key":"REST"},{"floor":12,"key":"REST"},{"data":"Defragment","floor":15,"key":"SMITH"},{"data":"Biased Cognition","floor":23,"key":"SMITH"},{"floor":28,"key":"REST"},{"floor":32,"key":"REST"},{"data":"Coolheaded","floor":41,"key":"SMITH"},{"floor":47,"key":"RECALL"},{"data":"Chill","floor":49,"key":"SMITH"}],"neow_cost":"NONE","seed_source_timestamp":665800002276885,"circlet_count":0,"master_deck":["AscendersBane","Strike_B+1","Strike_B","Strike_B+1","Defend_B","Defend_B","Defend_B","Defend_B","Zap+1","Dualcast","Sweeping Beam+1","Defragment+1","Hologram","Cold Snap+1","Hologram","Self Repair","Biased Cognition+1","Conserve Battery","Hologram","Cold Snap","Coolheaded+1","White Noise","Defragment+1","Coolheaded","Electrodynamics+1","White Noise","Hologram+1","Coolheaded","Chill+1","Clumsy","Normality","Echo Form+1"],"special_seed":0,"relics":["FrozenCore","Bronze Scales","Ginger","MawBank","Anchor","Boot","Cursed Key","Kunai","Nilry\u0027s Codex","FossilizedHelix","Strawberry","Regal Pillow","Frozen Egg 2","Letter Opener","Singing Bowl","Bottled Tornado","Blood Vial","Whetstone"],"potions_floor_usage":[25,33],"damage_taken":[{"damage":0.0,"enemies":"2 Louse","floor":1.0,"turns":1.0},{"damage":34.0,"enemies":"Gremlin Nob","floor":6.0,"turns":4.0},{"damage":25.0,"enemies":"3 Sentries","floor":8.0,"turns":6.0},{"damage":22,"enemies":"Lagavulin","floor":11,"turns":6},{"damage":0,"enemies":"Small Slimes","floor":13,"turns":2},{"damage":0,"enemies":"Jaw Worm","floor":14,"turns":3},{"damage":13,"enemies":"The Guardian","floor":16,"turns":12},{"damage":8,"enemies":"Spheric Guardian","floor":18,"turns":4},{"damage":14,"enemies":"2 Thieves","floor":21,"turns":4},{"damage":9,"enemies":"Cultist and Chosen","floor":22,"turns":6},{"damage":31,"enemies":"Slavers","floor":25,"turns":6},{"damage":7,"enemies":"Colosseum Slavers","floor":27,"turns":4},{"damage":18,"enemies":"Gremlin Leader","floor":30,"turns":8},{"damage":0,"enemies":"Collector","floor":33,"turns":8},{"damage":0,"enemies":"Orb Walker","floor":35,"turns":5},{"damage":0,"enemies":"3 Shapes","floor":37,"turns":4},{"damage":0,"enemies":"3 Darklings","floor":39,"turns":4},{"damage":23,"enemies":"Giant Head","floor":40,"turns":14},{"damage":25,"enemies":"Reptomancer","floor":42,"turns":7},{"damage":23,"enemies":"Giant Head","floor":44,"turns":11},{"damage":0,"enemies":"Transient","floor":45,"turns":5},{"damage":0,"enemies":"Reptomancer","floor":48,"turns":6},{"damage":63,"enemies":"Awakened One","floor":50,"turns":6}],"seed_played":"6328558611302248321","potions_obtained":[{"floor":11,"key":"FearPotion"},{"floor":13,"key":"Ancient Potion"},{"floor":16,"key":"FocusPotion"},{"floor":33,"key":"LiquidBronze"}],"is_trial":false,"path_per_floor":["M","$","?","?","?","E","R","?","T","R","E","R","M","M","R","B",null,"M","?","T","M","M","R","?","E","T","?","R","$","E","$","R","B",null,"M","?","M","?","M","E","R","E","T","E","M","T","R","E","R","B"],"character_chosen":"DEFECT","items_purchased":["Defragment","FocusPotion","Coolheaded","Regal Pillow","Defragment+1","Coolheaded"],"campfire_rested":5,"item_purchase_floors":[2,29,29,29,31,31],"current_hp_per_floor":[64,64,43,48,43,9,31,6,6,28,6,28,28,28,28,22,63,62,62,62,55,53,53,32,8,15,15,39,39,28,28,67,74,81,83,83,83,83,83,67,67,51,51,37,46,46,46,55,55,0],"gold":344,"neow_bonus":"UPGRADE_CARD","is_prod":false,"is_daily":false,"chose_seed":false,"campfire_upgraded":4,"win_rate":0,"timestamp":1561017086,"path_taken":["M","$","?","?","?","E","R","?","T","R","E","R","M","M","R","BOSS","M","?","?","M","M","R","?","E","T","?","R","$","E","$","R","BOSS","M","?","?","?","M","E","R","E","T","E","?","?","R","E","R","BOSS"],"build_version":"2019-01-23","purchased_purges":2,"victory":false,"max_hp_per_floor":[71,71,71,76,76,76,76,76,76,76,76,76,76,76,76,76,76,76,76,76,76,76,76,76,76,83,83,83,83,83,83,83,83,83,83,83,83,83,83,83,83,85,85,87,87,87,87,87,87,87],"card_choices":[{"not_picked":["Aggregate","Barrage"],"picked":"Sweeping Beam","floor":1.0},{"not_picked":["Rip and Tear","Fusion"],"picked":"Hologram","floor":6.0},{"not_picked":["Sweeping Beam","Redo"],"picked":"Cold Snap","floor":8.0},{"not_picked":["Turbo","Compile Driver"],"picked":"Hologram","floor":11},{"not_picked":["Rebound","Heatsinks","Hello World"],"picked":"SKIP","floor":13},{"not_picked":["Steam Power","Tempest"],"picked":"Self Repair","floor":14},{"not_picked":["Rainbow","Reboot"],"picked":"Biased Cognition","floor":16},{"not_picked":["Streamline","Steam"],"picked":"Conserve Battery","floor":18},{"not_picked":["Hello World","Redo"],"picked":"Hologram","floor":21},{"not_picked":["Storm","Consume"],"picked":"Cold Snap","floor":22},{"not_picked":["Consume","Beam Cell","Stack"],"picked":"SKIP","floor":25},{"not_picked":["Doom and Gloom","Redo"],"picked":"White Noise","floor":30},{"not_picked":["Biased Cognition+1","Meteor Strike"],"picked":"Electrodynamics+1","floor":33},{"not_picked":["Rip and Tear+1","Lockon"],"picked":"White Noise","floor":35},{"not_picked":["Cold Snap","Recycle"],"picked":"Hologram+1","floor":37},{"not_picked":["FTL","Barrage+1"],"picked":"Coolheaded","floor":39},{"not_picked":["Reprogram","Sweeping Beam"],"picked":"Chill","floor":40},{"not_picked":["Cold Snap+1","Rebound","BootSequence+1"],"picked":"Singing Bowl","floor":42},{"not_picked":["Multi-Cast","Cold Snap","Beam Cell"],"picked":"Singing Bowl","floor":44},{"not_picked":["Double Energy","Streamline","Glacier"],"picked":"SKIP","floor":45},{"not_picked":["Barrage","Undo"],"picked":"Echo Form+1","floor":48}],"player_experience":575667,"relics_obtained":[{"floor":6.0,"key":"Ginger"},{"floor":8.0,"key":"MawBank"},{"floor":9.0,"key":"Anchor"},{"floor":11,"key":"Boot"},{"floor":20,"key":"Kunai"},{"floor":24,"key":"Nilry\u0027s Codex"},{"floor":25,"key":"FossilizedHelix"},{"floor":26,"key":"Strawberry"},{"floor":30,"key":"Frozen Egg 2"},{"floor":40,"key":"Letter Opener"},{"floor":42,"key":"Singing Bowl"},{"floor":43,"key":"Bottled Tornado"},{"floor":44,"key":"Blood Vial"},{"floor":48,"key":"Whetstone"}],"event_choices":[{"damage_healed":0.0,"max_hp_gain":0.0,"max_hp_loss":0.0,"gold_gain":0.0,"event_name":"Shining Light","player_choice":"Entered Light","floor":3.0,"gold_loss":0.0,"damage_taken":21.0,"cards_upgraded":["Strike_B","Strike_B"]},{"damage_healed":0.0,"max_hp_gain":5.0,"max_hp_loss":0.0,"gold_gain":0.0,"event_name":"Big Fish","player_choice":"Donut","floor":4.0,"gold_loss":0.0,"damage_taken":0.0},{"damage_healed":0.0,"max_hp_gain":0.0,"max_hp_loss":0.0,"gold_gain":0.0,"event_name":"Scrap Ooze","player_choice":"Success","floor":5.0,"gold_loss":0.0,"damage_taken":5.0,"relics_obtained":["Bronze Scales"]},{"damage_healed":0.0,"max_hp_gain":0.0,"max_hp_loss":0.0,"gold_gain":0.0,"event_name":"Dead Adventurer","player_choice":"Searched \u00272\u0027 times","floor":8.0,"gold_loss":0.0,"damage_taken":0.0},{"cards_removed":["Strike_B"],"damage_healed":0,"gold_gain":0,"player_choice":"Gave Gold","damage_taken":0,"max_hp_gain":0,"max_hp_loss":0,"event_name":"Beggar","floor":19,"gold_loss":75},{"damage_healed":0,"gold_gain":0,"player_choice":"Obtained Book","damage_taken":21,"max_hp_gain":0,"max_hp_loss":0,"event_name":"Cursed Tome","floor":24,"gold_loss":0},{"damage_healed":0,"gold_gain":0,"player_choice":"Fight","damage_taken":0,"max_hp_gain":0,"max_hp_loss":0,"event_name":"Colosseum","floor":27,"gold_loss":0},{"damage_healed":0,"gold_gain":0,"player_choice":"Fled From Nobs","damage_taken":0,"max_hp_gain":0,"max_hp_loss":0,"event_name":"Colosseum","floor":27,"gold_loss":0},{"damage_healed":0,"gold_gain":0,"player_choice":"Ignored","damage_taken":0,"max_hp_gain":0,"max_hp_loss":0,"event_name":"SecretPortal","floor":36,"gold_loss":0},{"damage_healed":0,"gold_gain":0,"player_choice":"Got Potions","damage_taken":0,"max_hp_gain":0,"max_hp_loss":0,"event_name":"Lab","floor":38,"gold_loss":0}],"is_beta":false,"boss_relics":[{"not_picked":["Velvet Choker","Eternal Feather"],"picked":"Cursed Key"},{"not_picked":["Runic Dome","Nuclear Battery"],"picked":"FrozenCore"}],"items_purged_floors":[29,31],"is_endless":false,"potions_floor_spawned":[11,13,16,18,27,30,33,40,44,45],"killed_by":"Awakened One","ascension_level":15}