{"gold_per_floor":[216,71,84,184,203,203,233,233,233,233,80,95,95,95,95,220,220,240,240,253,253,274,274,310,101,101,101,114,114,114,139,139,268,268,292,307,432,432,447,447,487,487,487,499,567,622,655,690,702,714,726,738,133,174,174],"floor_reached":56,"playtime":2496,"items_purged":["Strike_R","Strike_R","Defend_R"],"score":1400,"play_id":"49414174-4f2b-4892-b571-6433feb8a4da","local_time":"20190602213401","is_ascension_mode":false,"campfire_choices":[{"data":"Searing Blow","floor":6.0,"key":"SMITH"},{"data":"Searing Blow+1","floor":8.0,"key":"SMITH"},{"data":"Searing Blow+2","floor":10.0,"key":"SMITH"},{"data":"Armaments","floor":13.0,"key":"SMITH"},{"data":"Searing Blow+3","floor":15.0,"key":"SMITH"},{"data":"Searing Blow+4","floor":23.0,"key":"SMITH"},{"data":"Searing Blow+5","floor":27.0,"key":"SMITH"},{"data":"Searing Blow+6","floor":29.0,"key":"SMITH"},{"data":"Searing Blow+7","floor":32.0,"key":"SMITH"},{"data":"Searing Blow+8","floor":40.0,"key":"SMITH"},{"data":"Searing Blow+9","floor":42.0,"key":"SMITH"},{"data":"Shockwave","floor":44.0,"key":"SMITH"},{"floor":49.0,"key":"RECALL"},{"data":"Searing Blow+10","floor":52.0,"key":"SMITH"}],"neow_cost":"NONE","seed_source_timestamp":1103809639117467,"circlet_count":0,"master_deck":["Defend_R","Defend_R","Defend_R","Bash","Iron Wave","Searing Blow+11","Shockwave+1","Whirlwind","Armaments+1","Battle Trance+1","Intimidate","True Grit","Feed","Shrug It Off+1","Double Tap"],"special_seed":0,"relics":["Burning Blood","Mummified Hand","Matryoshka","Golden Idol","Black Star","Letter Opener","Bird Faced Urn","Chemical X","Bronze Scales","Pen Nib","Empty Cage","Torii","Shuriken","Unceasing Top","MawBank","Charon\u0027s Ashes","Singing Bowl","Art of War","Ornamental Fan","Blood Vial","Oddly Smooth Stone"],"potions_floor_usage":[55],"damage_taken":[{"damage":6.0,"enemies":"Cultist","floor":1.0,"turns":3.0},{"damage":6.0,"enemies":"Jaw Worm","floor":3.0,"turns":4.0},{"damage":0.0,"enemies":"2 Louse","floor":5.0,"turns":2.0},{"damage":38.0,"enemies":"3 Sentries","floor":7.0,"turns":11.0},{"damage":4.0,"enemies":"Blue Slaver","floor":12.0,"turns":3.0},{"damage":17.0,"enemies":"The Guardian","floor":16.0,"turns":12.0},{"damage":6.0,"enemies":"Spheric Guardian","floor":18.0,"turns":5.0},{"damage":11.0,"enemies":"2 Thieves","floor":20.0,"turns":3.0},{"damage":13.0,"enemies":"Snake Plant","floor":22.0,"turns":5.0},{"damage":27.0,"enemies":"Book of Stabbing","floor":24.0,"turns":4.0},{"damage":1.0,"enemies":"Chosen and Byrds","floor":28.0,"turns":3.0},{"damage":0.0,"enemies":"Centurion and Healer","floor":31.0,"turns":3.0},{"damage":31.0,"enemies":"Collector","floor":33.0,"turns":4.0},{"damage":4.0,"enemies":"3 Shapes","floor":35.0,"turns":5.0},{"damage":12.0,"enemies":"3 Darklings","floor":36.0,"turns":4.0},{"damage":26.0,"enemies":"Mind Bloom Boss Battle","floor":37.0,"turns":5.0},{"damage":13.0,"enemies":"Transient","floor":38.0,"turns":5.0},{"damage":1.0,"enemies":"Writhing Mass","floor":39.0,"turns":4.0},{"damage":22.0,"enemies":"Reptomancer","floor":41.0,"turns":5.0},{"damage":1.0,"enemies":"2 Orb Walkers","floor":45.0,"turns":3.0},{"damage":0.0,"enemies":"Nemesis","floor":46.0,"turns":1.0},{"damage":0.0,"enemies":"Spire Growth","floor":47.0,"turns":2.0},{"damage":0.0,"enemies":"4 Shapes","floor":48.0,"turns":5.0},{"damage":40.0,"enemies":"Awakened One","floor":50.0,"turns":9.0},{"damage":12.0,"enemies":"Shield and Spear","floor":54.0,"turns":3.0},{"damage":77,"enemies":"The Heart","floor":55,"turns":8}],"seed_played":"-8620802967120477150","potions_obtained":[{"floor":5.0,"key":"SmokeBomb"},{"floor":7.0,"key":"Block Potion"},{"floor":24.0,"key":"Explosive Potion"},{"floor":33.0,"key":"Energy Potion"},{"floor":37.0,"key":"BloodPotion"},{"floor":45.0,"key":"Explosive Potion"},{"floor":48.0,"key":"Energy Potion"}],"is_trial":false,"path_per_floor":["M","$","M","?","M","R","E","R","T","R","$","M","R","?","R","B",null,"M","?","M","?","M","R","E","$","T","R","M","R","?","M","R","B",null,"M","M","?","M","M","R","E","R","T","R","?","E","M","M","R","B",null,"R","$","E","B",null],"character_chosen":"IRONCLAD","items_purchased":["Searing Blow","Armaments","Chemical X","Ornamental Fan","Double Tap","Swift Potion","SkillPotion"],"campfire_rested":0,"item_purchase_floors":[2,11,25,53,53,53,53],"current_hp_per_floor":[80,80,80,80,80,80,48,48,48,48,48,50,50,30,30,19,80,80,80,75,75,68,68,47,47,47,47,52,52,44,50,50,25,80,84,78,61,62,67,67,51,51,51,51,56,64,72,81,81,47,94,94,94,90,21],"gold":174,"neow_bonus":"HUNDRED_GOLD","is_prod":false,"is_daily":false,"chose_seed":false,"campfire_upgraded":13,"win_rate":0,"timestamp":1559525641,"path_taken":["M","$","M","?","M","R","E","R","T","R","?","M","R","?","R","BOSS","M","?","M","?","M","R","E","$","T","R","?","R","?","M","R","BOSS","M","M","?","M","M","R","E","R","T","R","?","E","M","M","R","BOSS","R","$","E","BOSS"],"build_version":"2019-01-23","purchased_purges":3,"victory":true,"max_hp_per_floor":[80,80,80,80,80,80,80,80,80,80,80,80,80,80,80,80,80,80,80,80,80,80,80,80,80,80,80,80,80,80,80,80,80,80,84,84,87,87,87,87,87,87,87,87,87,89,91,94,94,94,94,94,94,96,96],"card_choices":[{"not_picked":["Sword Boomerang","Second Wind"],"picked":"Iron Wave","floor":1.0},{"not_picked":["Cleave","Rage"],"picked":"Shockwave","floor":3.0},{"not_picked":["Twin Strike","Dark Embrace","Perfected Strike"],"picked":"SKIP","floor":5.0},{"not_picked":["Flex","Clash"],"picked":"Whirlwind","floor":7.0},{"not_picked":["Body Slam","Wild Strike","Bloodletting"],"picked":"SKIP","floor":12.0},{"not_picked":["Seeing Red","Flex+1"],"picked":"Battle Trance+1","floor":18.0},{"not_picked":["Clothesline+1","Iron Wave","Warcry"],"picked":"SKIP","floor":20.0},{"not_picked":["Clash+1","Pommel Strike","Twin Strike"],"picked":"SKIP","floor":22.0},{"not_picked":["Combust","Immolate"],"picked":"Intimidate","floor":24.0},{"not_picked":["Wild Strike","Pummel","Body Slam"],"picked":"SKIP","floor":28.0},{"not_picked":["Wild Strike","Pommel Strike"],"picked":"True Grit","floor":31.0},{"not_picked":["Exhume","Berserk"],"picked":"Feed","floor":33.0},{"not_picked":["Perfected Strike+1","Wild Strike","Heavy Blade"],"picked":"SKIP","floor":35.0},{"not_picked":["Iron Wave+1","Shockwave","Warcry"],"picked":"SKIP","floor":36.0},{"not_picked":["Inflame","Clash+1","Flex+1"],"picked":"SKIP","floor":39.0},{"not_picked":["Twin Strike","Hemokinesis","Sever Soul+1"],"picked":"SKIP","floor":41.0},{"not_picked":["Clash+1","Armaments","Reaper"],"picked":"Singing Bowl","floor":46.0},{"not_picked":["Burning Pact+1","Wild Strike","Flex"],"picked":"Singing Bowl","floor":47.0},{"not_picked":["Armaments+1","Whirlwind"],"picked":"Shrug It Off+1","floor":48.0},{"not_picked":["Shrug It Off","Cleave+1","Armaments"],"picked":"Singing Bowl","floor":54.0}],"player_experience":955705,"relics_obtained":[{"floor":7.0,"key":"Mummified Hand"},{"floor":9.0,"key":"Matryoshka"},{"floor":24.0,"key":"Letter Opener"},{"floor":24.0,"key":"Bird Faced Urn"},{"floor":26.0,"key":"Bronze Scales"},{"floor":26.0,"key":"Pen Nib"},{"floor":37.0,"key":"Torii"},{"floor":41.0,"key":"Shuriken"},{"floor":41.0,"key":"Unceasing Top"},{"floor":43.0,"key":"MawBank"},{"floor":45.0,"key":"Charon\u0027s Ashes"},{"floor":46.0,"key":"Singing Bowl"},{"floor":46.0,"key":"Art of War"},{"floor":54.0,"key":"Blood Vial"},{"floor":54.0,"key":"Oddly Smooth Stone"}],"event_choices":[{"damage_healed":0.0,"max_hp_gain":0.0,"max_hp_loss":0.0,"gold_gain":100.0,"event_name":"Golden Shrine","player_choice":"Pray","floor":4.0,"gold_loss":0.0,"damage_taken":0.0},{"damage_healed":0.0,"max_hp_gain":0.0,"max_hp_loss":0.0,"gold_gain":0.0,"event_name":"Golden Idol","player_choice":"Take Damage","floor":14.0,"gold_loss":0.0,"damage_taken":20.0,"relics_obtained":["Golden Idol"]},{"damage_healed":0.0,"max_hp_gain":0.0,"max_hp_loss":0.0,"gold_gain":0.0,"event_name":"Vampires","player_choice":"Ignored","floor":19.0,"gold_loss":0.0,"damage_taken":0.0},{"cards_removed":["Strike_R"],"damage_healed":0.0,"max_hp_gain":0.0,"max_hp_loss":0.0,"gold_gain":0.0,"event_name":"Purifier","player_choice":"Purged","floor":21.0,"gold_loss":0.0,"damage_taken":0.0},{"damage_healed":0.0,"max_hp_gain":0.0,"max_hp_loss":0.0,"gold_gain":0.0,"event_name":"Knowing Skull","player_choice":"","floor":30.0,"potions_obtained":[],"gold_loss":0.0,"damage_taken":8.0,"cards_obtained":[]},{"damage_healed":0.0,"max_hp_gain":0.0,"max_hp_loss":0.0,"gold_gain":0.0,"event_name":"MindBloom","player_choice":"Fight","floor":37.0,"gold_loss":0.0,"damage_taken":0.0},{"damage_healed":0.0,"max_hp_gain":0.0,"max_hp_loss":0.0,"gold_gain":0.0,"event_name":"Mysterious Sphere","player_choice":"Fight","floor":45.0,"gold_loss":0.0,"damage_taken":0.0}],"is_beta":false,"boss_relics":[{"not_picked":["Lizard Tail","Tiny House"],"picked":"Black Star"},{"not_picked":["Snecko Eye","Runic Pyramid"],"picked":"Empty Cage"}],"items_purged_floors":[2,11,53],"is_endless":false,"potions_floor_spawned":[5,7,24,33,37,45,48],"ascension_level":0}