{"gold_per_floor":[113,130,130,149,149,149,176,158,158,188,205,205,217,232,232,335,335,349,349,78,78,97,97,127,137,137,137,166,178,190,218,230,242],"floor_reached":33,"playtime":1893,"items_purged":[],"score":322,"play_id":"6c7b8f05-f1ba-46d1-bf15-575ec7d3df19","local_time":"20190401204826","is_ascension_mode":false,"campfire_choices":[{"data":"Skewer","floor":6,"key":"SMITH"},{"floor":12,"key":"REST"},{"data":"Bullet Time","floor":15,"key":"SMITH"},{"data":"Riddle With Holes","floor":23,"key":"SMITH"},{"data":"Dagger Spray","floor":27,"key":"SMITH"},{"data":"Leg Sweep","floor":30,"key":"SMITH"},{"data":"Flying Knee","floor":32,"key":"SMITH"}],"neow_cost":"NONE","seed_source_timestamp":276038293223280,"circlet_count":0,"master_deck":["Defend_G","Defend_G","Defend_G","Defend_G","Defend_G","Strike_G","Strike_G","Strike_G","Strike_G","Survivor","Neutralize","Bullet Time+1","Outmaneuver","Skewer+1","Leg Sweep+1","Sucker Punch","Riddle With Holes+1","Flying Knee+1","Backflip","Dagger Spray+1","Doppelganger","Adrenaline","Dodge and Roll+1","Terror","Shame"],"relics":["Ring of the Snake","Art of War","Bottled Lightning","Blood Vial","Tingsha","Eternal Feather","MutagenicStrength","Chemical X","Potion Belt","Strawberry","MawBank"],"potions_floor_usage":[16,16,28,33],"damage_taken":[{"damage":0,"enemies":"2 Louse","floor":1,"turns":3},{"damage":4,"enemies":"Jaw Worm","floor":2,"turns":6},{"damage":1,"enemies":"Cultist","floor":4,"turns":4},{"damage":33,"enemies":"Gremlin Nob","floor":7,"turns":5},{"damage":6,"enemies":"Exordium Thugs","floor":8,"turns":7},{"damage":19,"enemies":"3 Sentries","floor":10,"turns":10},{"damage":0,"enemies":"Exordium Wildlife","floor":11,"turns":4},{"damage":0,"enemies":"Looter","floor":13,"turns":3},{"damage":0,"enemies":"2 Fungi Beasts","floor":14,"turns":2},{"damage":29,"enemies":"Hexaghost","floor":16,"turns":14},{"damage":0,"enemies":"3 Byrds","floor":18,"turns":7},{"damage":0,"enemies":"2 Thieves","floor":22,"turns":4},{"damage":19,"enemies":"Book of Stabbing","floor":24,"turns":6},{"damage":10,"enemies":"3 Cultists","floor":25,"turns":7},{"damage":0,"enemies":"Gremlin Leader","floor":28,"turns":4},{"damage":0,"enemies":"Sentry and Sphere","floor":31,"turns":3},{"damage":84,"enemies":"Champ","floor":33,"turns":12}],"seed_played":"4174443389734491091","potions_obtained":[{"floor":1,"key":"LiquidBronze"},{"floor":7,"key":"Dexterity Potion"},{"floor":10,"key":"AttackPotion"},{"floor":11,"key":"PowerPotion"},{"floor":16,"key":"Explosive Potion"},{"floor":24,"key":"PowerPotion"},{"floor":25,"key":"Poison Potion"}],"is_trial":false,"path_per_floor":["M","M","?","M","?","R","E","M","T","E","M","R","M","M","R","B",null,"M","?","$","?","M","R","E","M","T","R","E","?","R","M","R","B"],"character_chosen":"THE_SILENT","items_purchased":["Chemical X","Terror"],"campfire_rested":1,"item_purchase_floors":[20,20],"current_hp_per_floor":[70,66,59,58,58,58,25,19,19,2,4,25,27,29,29,2,70,70,70,70,70,70,70,58,50,50,65,67,67,77,77,77,0],"gold":242,"neow_bonus":"ONE_RANDOM_RARE_CARD","is_prod":false,"is_daily":false,"chose_seed":false,"campfire_upgraded":6,"win_rate":0,"timestamp":1554166106,"path_taken":["M","M","?","M","?","R","E","M","T","E","?","R","M","M","R","BOSS","M","?","$","?","M","R","E","M","T","R","E","?","R","M","R","BOSS"],"build_version":"2019-01-23","purchased_purges":0,"victory":false,"max_hp_per_floor":[70,70,70,70,70,70,70,70,70,70,70,70,70,70,70,70,70,70,70,70,70,70,70,77,77,77,77,77,77,77,77,77,77],"card_choices":[{"not_picked":["Noxious Fumes","Bane"],"picked":"Outmaneuver","floor":1},{"not_picked":["Masterful Stab","Endless Agony"],"picked":"Skewer","floor":2},{"not_picked":["Endless Agony","Caltrops"],"picked":"Leg Sweep","floor":4},{"not_picked":["Bane","Deflect"],"picked":"Sucker Punch","floor":7},{"not_picked":["Noxious Fumes","Dodge and Roll"],"picked":"Riddle With Holes","floor":8},{"not_picked":["Dagger Throw","Poisoned Stab"],"picked":"Flying Knee","floor":10},{"not_picked":["Crippling Poison","PiercingWail"],"picked":"Backflip","floor":11},{"not_picked":["Bane","Distraction"],"picked":"Dagger Spray","floor":13},{"not_picked":["Dodge and Roll","Prepared"],"picked":"Doppelganger","floor":14},{"not_picked":["Malaise","Wraith Form v2"],"picked":"Adrenaline","floor":16},{"not_picked":["Backstab","Poisoned Stab"],"picked":"Dodge and Roll+1","floor":18},{"not_picked":["Dagger Spray","Infinite Blades","Sucker Punch"],"picked":"SKIP","floor":22},{"not_picked":["Bane","Sucker Punch","Endless Agony"],"picked":"SKIP","floor":24},{"not_picked":["Bouncing Flask","Deflect+1","Reflex+1"],"picked":"SKIP","floor":25},{"not_picked":["Setup","Flying Knee","Dagger Throw"],"picked":"SKIP","floor":28},{"not_picked":["Quick Slash","Crippling Poison","Bane"],"picked":"SKIP","floor":31}],"player_experience":751167,"relics_obtained":[{"floor":7,"key":"Bottled Lightning"},{"floor":9,"key":"Blood Vial"},{"floor":10,"key":"Tingsha"},{"floor":24,"key":"Strawberry"},{"floor":28,"key":"MawBank"}],"event_choices":[{"damage_healed":0,"gold_gain":0,"player_choice":"Success","damage_taken":7,"relics_obtained":["Art of War"],"max_hp_gain":0,"max_hp_loss":0,"event_name":"Scrap Ooze","floor":3,"gold_loss":0},{"cards_removed":["Strike_G"],"damage_healed":0,"gold_gain":0,"player_choice":"Purged","damage_taken":0,"max_hp_gain":0,"max_hp_loss":0,"event_name":"Purifier","floor":5,"gold_loss":0},{"damage_healed":0,"gold_gain":0,"player_choice":"Inject Mutagens","damage_taken":0,"relics_obtained":["MutagenicStrength"],"max_hp_gain":0,"max_hp_loss":0,"event_name":"Drug Dealer","floor":19,"gold_loss":0},{"damage_healed":0,"gold_gain":0,"player_choice":"Stole Relic","damage_taken":0,"relics_obtained":["Potion Belt"],"max_hp_gain":0,"max_hp_loss":0,"event_name":"Addict","floor":21,"gold_loss":0,"cards_obtained":["Shame"]},{"damage_healed":0,"gold_gain":0,"player_choice":"Ignored","damage_taken":0,"max_hp_gain":0,"max_hp_loss":0,"event_name":"Ghosts","floor":29,"gold_loss":0}],"is_beta":false,"boss_relics":[{"not_picked":["Tiny House","Coffee Dripper"],"picked":"Eternal Feather"}],"items_purged_floors":[],"is_endless":false,"potions_floor_spawned":[1,7,10,11,16,24,25],"killed_by":"Champ","ascension_level":0}