{"gold_per_floor":[117,292,21,21,45,45,9,35,35,47,73,73,73,90,90,191,191,203,203,203,223,83,110,110,144,216,242,242,255,269,269,269,370,370,381,393,393,12,12,12,41,41,41,41,76,92,55,69,69,69],"floor_reached":51,"playtime":2684,"items_purged":["Doubt","Strike_G","Strike_G"],"score":970,"play_id":"05f359cf-b064-479c-91d1-cbb23def58d0","local_time":"20191015000926","is_ascension_mode":true,"campfire_choices":[{"data":"Neutralize","floor":6,"key":"SMITH"},{"floor":12,"key":"REST"},{"data":"Skewer","floor":15,"key":"SMITH"},{"floor":24,"key":"REST"},{"data":"Night Terror","floor":28,"key":"SMITH"},{"data":"Leg Sweep","floor":32,"key":"SMITH"},{"data":"Cloak And Dagger","floor":40,"key":"SMITH"},{"data":"Cloak And Dagger","floor":44,"key":"SMITH"},{"data":"Outmaneuver","floor":49,"key":"SMITH"}],"neow_cost":"NONE","seed_source_timestamp":429354870333200,"circlet_count":0,"master_deck":["Defend_G","Defend_G","Survivor","Neutralize+1","Skewer+1","Backflip","Leg Sweep+1","All Out Attack","Backstab","A Thousand Cuts+1","Backstab+1","Phantasmal Killer+1","Die Die Die+1","Blade Dance","Finisher","Cloak And Dagger+1","Heel Hook+1","Night Terror+1","Cloak And Dagger+1","Die Die Die","Ghostly Armor+1","Outmaneuver+1"],"relics":["Ring of the Snake","Pen Nib","Regal Pillow","Kunai","Mummified Hand","Bottled Flame","Astrolabe","MutagenicStrength","Centennial Puzzle","Bottled Tornado","The Courier","Ornamental Fan","Runic Pyramid","PrismaticShard","Happy Flower","Bag of Preparation","Omamori","Mercury Hourglass","Bottled Lightning"],"potions_floor_usage":[14,33,33,50,50,50],"damage_taken":[{"damage":0,"enemies":"Small Slimes","floor":1,"turns":3},{"damage":30,"enemies":"Gremlin Nob","floor":8,"turns":5},{"damage":0,"enemies":"Jaw Worm","floor":10,"turns":4},{"damage":23,"enemies":"Lagavulin","floor":11,"turns":7},{"damage":0,"enemies":"Cultist","floor":14,"turns":4},{"damage":10,"enemies":"The Guardian","floor":16,"turns":16},{"damage":2,"enemies":"Chosen","floor":18,"turns":2},{"damage":4,"enemies":"3 Byrds","floor":21,"turns":3},{"damage":15,"enemies":"Slavers","floor":23,"turns":2},{"damage":0,"enemies":"Gremlin Leader","floor":25,"turns":3},{"damage":3,"enemies":"Book of Stabbing","floor":27,"turns":3},{"damage":0,"enemies":"Snecko","floor":29,"turns":2},{"damage":0,"enemies":"Snake Plant","floor":30,"turns":2},{"damage":34,"enemies":"Champ","floor":33,"turns":8},{"damage":6,"enemies":"3 Shapes","floor":35,"turns":3},{"damage":0,"enemies":"3 Darklings","floor":36,"turns":2},{"damage":0,"enemies":"Reptomancer","floor":41,"turns":3},{"damage":7,"enemies":"Nemesis","floor":45,"turns":3},{"damage":0,"enemies":"Jaw Worm Horde","floor":46,"turns":2},{"damage":0,"enemies":"Spire Growth","floor":48,"turns":2},{"damage":12,"enemies":"Donu and Deca","floor":50,"turns":5}],"seed_played":"-7072622870079589061","potions_obtained":[{"floor":1,"key":"FearPotion"},{"floor":10,"key":"Ancient Potion"},{"floor":11,"key":"Regen Potion"},{"floor":21,"key":"Poison Potion"},{"floor":23,"key":"Weak Potion"},{"floor":33,"key":"GamblersBrew"},{"floor":41,"key":"EssenceOfSteel"}],"is_trial":false,"path_per_floor":["M","?","$","?","T","R","$","E","T","M","E","R","?","M","R","B",null,"M","?","?","M","$","E","R","E","T","E","R","M","M","?","R","B",null,"M","M","?","$","T","R","E","?","T","R","E","M","$","M","R","B",null],"character_chosen":"THE_SILENT","items_purchased":["Pen Nib","Backflip","Leg Sweep","Finisher","PrismaticShard","Happy Flower","Outmaneuver"],"campfire_rested":2,"item_purchase_floors":[3,3,7,22,38,38,47],"current_hp_per_floor":[70,70,70,63,63,63,63,33,33,33,10,46,46,58,58,48,70,68,68,68,64,64,49,70,70,70,67,67,67,67,67,67,33,70,64,64,64,64,64,64,64,64,64,64,57,57,57,57,57,45],"gold":69,"neow_bonus":"REMOVE_CARD","is_prod":false,"is_daily":false,"chose_seed":false,"campfire_upgraded":7,"win_rate":0,"timestamp":1571112566,"path_taken":["M","?","$","?","?","R","$","E","T","?","E","R","?","M","R","BOSS","M","?","?","?","$","E","R","E","T","E","R","M","M","?","R","BOSS","M","M","?","$","?","R","E","?","T","R","E","M","$","?","R","BOSS"],"build_version":"2019-07-17","purchased_purges":3,"victory":true,"max_hp_per_floor":[70,70,70,70,70,70,70,70,70,70,70,70,70,70,70,70,70,70,70,70,70,70,70,70,70,70,70,70,70,70,70,70,70,70,70,70,70,70,70,70,70,70,70,70,70,70,70,70,70,70],"card_choices":[{"not_picked":["Accuracy","Crippling Poison"],"picked":"Skewer","floor":1},{"not_picked":["Escape Plan","Reflex"],"picked":"All Out Attack","floor":8},{"not_picked":["PiercingWail","Sucker Punch"],"picked":"Backstab","floor":10},{"not_picked":["Expertise","Poisoned Stab","Tactician"],"picked":"SKIP","floor":11},{"not_picked":["Bane","Dodge and Roll","Poisoned Stab"],"picked":"SKIP","floor":14},{"not_picked":["Die Die Die","Phantasmal Killer"],"picked":"A Thousand Cuts","floor":16},{"not_picked":["Backflip","Bane","Dodge and Roll"],"picked":"SKIP","floor":18},{"not_picked":["Sucker Punch","Deflect+1"],"picked":"Blade Dance","floor":21},{"not_picked":["Outmaneuver","Eviscerate+1"],"picked":"Cloak And Dagger","floor":23},{"not_picked":["Bane+1","Outmaneuver"],"picked":"Heel Hook+1","floor":25},{"not_picked":["Deflect","Underhanded Strike"],"picked":"Night Terror","floor":27},{"not_picked":["Acrobatics","Deflect"],"picked":"Cloak And Dagger","floor":29},{"not_picked":["Riddle With Holes","Acrobatics","Backflip"],"picked":"SKIP","floor":30},{"not_picked":["Grand Finale","Phantasmal Killer"],"picked":"Die Die Die","floor":33},{"not_picked":["Flying Knee+1","Expertise+1","Infinite Blades+1"],"picked":"SKIP","floor":35},{"not_picked":["All Out Attack+1","Backflip+1","Prepared"],"picked":"SKIP","floor":36},{"not_picked":["Anger+1","Corruption","Thunderclap"],"picked":"SKIP","floor":41},{"not_picked":["Sentinel+1","Ball Lightning"],"picked":"Ghostly Armor+1","floor":45},{"not_picked":["Deadly Poison","Backflip+1","Choke"],"picked":"SKIP","floor":46},{"not_picked":["Shrug It Off+1","Thunderclap+1","Cloak And Dagger"],"picked":"SKIP","floor":48}],"player_experience":387165,"relics_obtained":[{"floor":5,"key":"Regal Pillow"},{"floor":8,"key":"Kunai"},{"floor":9,"key":"Mummified Hand"},{"floor":11,"key":"Bottled Flame"},{"floor":23,"key":"Centennial Puzzle"},{"floor":25,"key":"Bottled Tornado"},{"floor":26,"key":"The Courier"},{"floor":27,"key":"Ornamental Fan"},{"floor":39,"key":"Bag of Preparation"},{"floor":41,"key":"Omamori"},{"floor":43,"key":"Mercury Hourglass"},{"floor":45,"key":"Bottled Lightning"}],"event_choices":[{"damage_healed":0,"gold_gain":175,"player_choice":"AGREE","damage_taken":0,"max_hp_gain":0,"max_hp_loss":0,"event_name":"Liars Game","floor":2,"gold_loss":0,"cards_obtained":["Doubt"]},{"cards_removed":["Defend_G"],"damage_healed":0,"gold_gain":0,"player_choice":"Card Removal","damage_taken":7,"max_hp_gain":0,"max_hp_loss":0,"event_name":"Golden Wing","floor":4,"gold_loss":0},{"damage_healed":0,"gold_gain":0,"player_choice":"Bought 0 Potions","damage_taken":0,"max_hp_gain":0,"max_hp_loss":0,"event_name":"The Woman in Blue","floor":13,"gold_loss":0},{"damage_healed":0,"gold_gain":0,"player_choice":"Inject Mutagens","damage_taken":0,"relics_obtained":["MutagenicStrength"],"max_hp_gain":0,"max_hp_loss":0,"event_name":"Drug Dealer","floor":19,"gold_loss":0},{"damage_healed":0,"gold_gain":0,"player_choice":"Forge","damage_taken":0,"max_hp_gain":0,"max_hp_loss":0,"event_name":"Accursed Blacksmith","floor":20,"gold_loss":0,"cards_upgraded":["A Thousand Cuts"]},{"cards_removed":["Defend_G"],"damage_healed":0,"gold_gain":0,"player_choice":"Card Removal","damage_taken":0,"max_hp_gain":0,"max_hp_loss":0,"event_name":"Wheel of Change","floor":31,"gold_loss":0},{"damage_healed":0,"gold_gain":0,"player_choice":"0 cards matched","damage_taken":0,"max_hp_gain":0,"max_hp_loss":0,"event_name":"Match and Keep!","floor":37,"gold_loss":0,"cards_obtained":[]},{"damage_healed":0,"gold_gain":0,"player_choice":"Ignored","damage_taken":0,"max_hp_gain":0,"max_hp_loss":0,"event_name":"SecretPortal","floor":42,"gold_loss":0}],"is_beta":false,"boss_relics":[{"not_picked":["HoveringKite","Eternal Feather"],"picked":"Astrolabe"},{"not_picked":["WristBlade","Calling Bell"],"picked":"Runic Pyramid"}],"items_purged_floors":[3,22,38],"is_endless":false,"potions_floor_spawned":[1,10,11,21,23,30,33,41,45,46],"ascension_level":4}