{"gold_per_floor":[112,112,112,131,151,151,191,206,206,206,276,276,296,319,319,412,412,435,448,448,462,462,462,500,500,500,500,145,169,169,193,193,283,283,307,154,179,199,23,23,59,59,84,149,74,90,90,114,114,114],"floor_reached":51,"playtime":3446,"items_purged":["Strike_G","Phantasmal Killer","Underhanded Strike"],"score":1604,"play_id":"c46f8842-2ef5-4bd1-b0a4-d7766863cc37","local_time":"20190718210751","is_ascension_mode":true,"campfire_choices":[{"floor":6.0,"key":"REST"},{"floor":10.0,"key":"REST"},{"floor":15.0,"key":"REST"},{"floor":23,"key":"REST"},{"floor":25,"key":"REST"},{"floor":27,"key":"REST"},{"floor":30,"key":"REST"},{"floor":32,"key":"REST"},{"floor":40,"key":"REST"},{"floor":42,"key":"REST"},{"floor":49,"key":"REST"}],"neow_cost":"NONE","seed_source_timestamp":1577294375908162,"circlet_count":0,"master_deck":["AscendersBane","Survivor","Neutralize","Corpse Explosion","Deflect","Deadly Poison","Catalyst","Malaise","Dodge and Roll","Catalyst","Footwork","Bouncing Flask","Footwork","Burst","Dodge and Roll","Bullet Time","Blur","Acrobatics","Well Laid Plans+1","Footwork+1","Blur","Die Die Die","Malaise","Catalyst","Expertise","Choke","Deadly Poison","Outmaneuver","PiercingWail","Catalyst+1","Backflip","Noxious Fumes","Escape Plan"],"special_seed":0,"relics":["Ring of the Snake","Question Card","Golden Idol","Pocketwatch","Prayer Wheel","Anchor","Fusion Hammer","Ice Cream","Meat on the Bone","Chemical X","Pandora\u0027s Box","Boot","Blood Vial","Nunchaku"],"potions_floor_usage":[24,29,50,50],"damage_taken":[{"damage":8.0,"enemies":"Jaw Worm","floor":1.0,"turns":4.0},{"damage":0.0,"enemies":"2 Louse","floor":4.0,"turns":4.0},{"damage":1.0,"enemies":"Small Slimes","floor":5.0,"turns":3.0},{"damage":20.0,"enemies":"3 Sentries","floor":7.0,"turns":3.0},{"damage":1.0,"enemies":"2 Fungi Beasts","floor":8.0,"turns":2.0},{"damage":48.0,"enemies":"Gremlin Nob","floor":11.0,"turns":4.0},{"damage":0.0,"enemies":"Exordium Thugs","floor":13.0,"turns":5.0},{"damage":2.0,"enemies":"Red Slaver","floor":14.0,"turns":3.0},{"damage":0.0,"enemies":"The Guardian","floor":16.0,"turns":6.0},{"damage":12.0,"enemies":"2 Thieves","floor":18.0,"turns":2.0},{"damage":5.0,"enemies":"Shell Parasite","floor":19.0,"turns":5.0},{"damage":7,"enemies":"Centurion and Healer","floor":21,"turns":5},{"damage":13,"enemies":"Gremlin Leader","floor":24,"turns":6},{"damage":0,"enemies":"Cultist and Chosen","floor":29,"turns":4},{"damage":4,"enemies":"Snake Plant","floor":31,"turns":5},{"damage":0,"enemies":"Automaton","floor":33,"turns":12},{"damage":3,"enemies":"3 Darklings","floor":35,"turns":3},{"damage":10,"enemies":"3 Shapes","floor":37,"turns":3},{"damage":23,"enemies":"Spire Growth","floor":38,"turns":4},{"damage":0,"enemies":"Nemesis","floor":41,"turns":5},{"damage":18,"enemies":"2 Orb Walkers","floor":44,"turns":3},{"damage":3,"enemies":"Writhing Mass","floor":46,"turns":6},{"damage":5,"enemies":"3 Darklings","floor":48,"turns":6},{"damage":26,"enemies":"Awakened One","floor":50,"turns":24}],"seed_played":"-324953596350884227","potions_obtained":[{"floor":4.0,"key":"Explosive Potion"},{"floor":11.0,"key":"GhostInAJar"},{"floor":14.0,"key":"GhostInAJar"},{"floor":16.0,"key":"SpeedPotion"},{"floor":24,"key":"EntropicBrew"},{"floor":31,"key":"SpeedPotion"},{"floor":41,"key":"Ancient Potion"}],"is_trial":false,"path_per_floor":["M","?","?","M","M","R","E","M","T","R","?","?","M","M","R","B",null,"M","M","?","M","?","R","E","R","T","R","$","M","R","M","R","B",null,"M","$","M","M","$","R","E","R","T","?","$","M","$","M","R","B",null],"character_chosen":"THE_SILENT","items_purchased":["Chemical X","Acrobatics","PiercingWail","Backflip","Escape Plan"],"campfire_rested":11,"item_purchase_floors":[28,28,36,39,45],"current_hp_per_floor":[51,40,40,40,39,57,37,36,36,54,6,6,6,4,22,22,51,39,34,34,27,27,45,32,50,50,60,60,60,60,56,60,60,60,57,57,47,36,36,54,54,60,60,42,42,41,41,38,56,32],"gold":114,"neow_bonus":"ONE_RANDOM_RARE_CARD","is_prod":false,"is_daily":false,"chose_seed":false,"campfire_upgraded":0,"win_rate":0,"timestamp":1563498471,"path_taken":["M","?","?","M","M","R","E","M","T","R","?","?","?","M","R","BOSS","M","M","?","?","?","R","E","R","T","R","$","M","R","M","R","BOSS","M","$","M","?","?","R","E","R","T","?","$","M","?","M","R","BOSS"],"build_version":"2019-07-17","purchased_purges":3,"victory":true,"max_hp_per_floor":[66,66,60,60,60,60,60,60,60,60,60,60,60,60,60,60,60,60,60,60,60,60,60,60,60,60,60,60,60,60,60,60,60,60,60,60,60,60,60,60,60,60,60,60,60,60,60,60,60,60],"card_choices":[{"not_picked":["Poisoned Stab","Dodge and Roll"],"picked":"Deflect","floor":1.0},{"not_picked":["Tools of the Trade","Choke","Bane"],"picked":"Deadly Poison","floor":4.0},{"not_picked":["Slice","Endless Agony","Footwork"],"picked":"Catalyst","floor":5.0},{"not_picked":["Die Die Die","Flying Knee","Eviscerate"],"picked":"Malaise","floor":7.0},{"not_picked":["Poisoned Stab","Dagger Throw","Flying Knee"],"picked":"Dodge and Roll","floor":8.0},{"not_picked":["Poisoned Stab","Reflex","PiercingWail"],"picked":"Catalyst","floor":11.0},{"not_picked":["Blade Dance","Quick Slash","Flechettes"],"picked":"Footwork","floor":13.0},{"not_picked":["Underhanded Strike","Acrobatics","Tactician"],"picked":"Bouncing Flask","floor":13.0},{"not_picked":["Accuracy","Crippling Poison","Sucker Punch"],"picked":"Footwork","floor":14.0},{"not_picked":["Poisoned Stab","Prepared","Outmaneuver","Dagger Spray"],"picked":"SKIP","floor":14.0},{"not_picked":["Wraith Form v2","Storm of Steel","Glass Knife"],"picked":"Burst","floor":16.0},{"not_picked":["Poisoned Stab+1","Expertise","Outmaneuver"],"picked":"Dodge and Roll","floor":18.0},{"not_picked":["Calculated Gamble","Acrobatics+1","Distraction","Poisoned Stab+1"],"picked":"SKIP","floor":18.0},{"not_picked":["Bane","Calculated Gamble","Setup","Backflip"],"picked":"SKIP","floor":19.0},{"not_picked":["Poisoned Stab","Bane","Leg Sweep+1","Catalyst"],"picked":"SKIP","floor":19.0},{"not_picked":["Accuracy+1","Prepared","Leg Sweep","Underhanded Strike"],"picked":"SKIP","floor":21},{"not_picked":["Cloak And Dagger","Flying Knee","Prepared","Quick Slash+1"],"picked":"SKIP","floor":21},{"not_picked":["Calculated Gamble","Phantasmal Killer","Bane"],"picked":"Blur","floor":24},{"not_picked":["Deadly Poison+1","Escape Plan","Underhanded Strike"],"picked":"Well Laid Plans+1","floor":29},{"not_picked":["Choke","Acrobatics","Deadly Poison","Poisoned Stab"],"picked":"SKIP","floor":29},{"not_picked":["Outmaneuver+1","Underhanded Strike","Dagger Spray"],"picked":"Footwork+1","floor":31},{"not_picked":["Expertise","Crippling Poison","Outmaneuver"],"picked":"Blur","floor":31},{"not_picked":["Bullet Time","Envenom","Doppelganger"],"picked":"Die Die Die","floor":33},{"not_picked":["Poisoned Stab","Deadly Poison+1","Crippling Poison"],"picked":"Outmaneuver","floor":35},{"not_picked":["All Out Attack","Bouncing Flask","Quick Slash+1","Footwork+1"],"picked":"SKIP","floor":35},{"not_picked":["Flying Knee","Masterful Stab","Caltrops"],"picked":"Catalyst+1","floor":37},{"not_picked":["Eviscerate","Dagger Spray","Finisher+1","PiercingWail+1"],"picked":"SKIP","floor":37},{"not_picked":["PiercingWail","Dagger Throw","Deflect","Heel Hook"],"picked":"SKIP","floor":38},{"not_picked":["Sucker Punch","Deadly Poison","Well Laid Plans","Leg Sweep"],"picked":"SKIP","floor":38},{"not_picked":["Envenom","Bouncing Flask","Concentrate","Blade Dance+1"],"picked":"SKIP","floor":41},{"not_picked":["Acrobatics","Accuracy","Backstab"],"picked":"Noxious Fumes","floor":44},{"not_picked":["Dagger Spray","Blur","Choke","Blade Dance+1"],"picked":"SKIP","floor":46},{"not_picked":["Deadly Poison","Backflip","Quick Slash+1","Blade Dance+1"],"picked":"SKIP","floor":46},{"not_picked":["All Out Attack","Calculated Gamble","Infinite Blades","Prepared"],"picked":"SKIP","floor":48},{"not_picked":["Deadly Poison","Accuracy","Cloak And Dagger","Eviscerate"],"picked":"SKIP","floor":48}],"player_experience":1138890,"relics_obtained":[{"floor":7.0,"key":"Pocketwatch"},{"floor":9.0,"key":"Prayer Wheel"},{"floor":11.0,"key":"Anchor"},{"floor":24,"key":"Ice Cream"},{"floor":26,"key":"Meat on the Bone"},{"floor":41,"key":"Boot"},{"floor":43,"key":"Blood Vial"},{"floor":44,"key":"Nunchaku"}],"event_choices":[{"damage_healed":0.0,"max_hp_gain":0.0,"max_hp_loss":0.0,"gold_gain":0.0,"event_name":"Scrap Ooze","player_choice":"Success","floor":2.0,"gold_loss":0.0,"damage_taken":11.0,"relics_obtained":["Question Card"]},{"damage_healed":0.0,"max_hp_gain":0.0,"max_hp_loss":6.0,"gold_gain":0.0,"event_name":"Golden Idol","player_choice":"Lose Max HP","floor":3.0,"gold_loss":0.0,"damage_taken":0.0,"relics_obtained":["Golden Idol"]},{"damage_healed":0.0,"max_hp_gain":0.0,"max_hp_loss":0.0,"gold_gain":0.0,"event_name":"Dead Adventurer","player_choice":"Searched \u00271\u0027 times","floor":11.0,"gold_loss":0.0,"damage_taken":0.0},{"damage_healed":0.0,"max_hp_gain":0.0,"max_hp_loss":0.0,"gold_gain":0.0,"event_name":"Golden Wing","player_choice":"Ignored","floor":12.0,"gold_loss":0.0,"damage_taken":0.0},{"damage_healed":0.0,"max_hp_gain":0.0,"max_hp_loss":0.0,"gold_gain":0.0,"cards_transformed":["Strike_G"],"event_name":"Transmorgrifier","player_choice":"Transformed","floor":20.0,"gold_loss":0.0,"damage_taken":0.0,"cards_obtained":["Bullet Time"]},{"cards_removed":["Strike_G"],"damage_healed":0,"gold_gain":0,"player_choice":"Purged","damage_taken":0,"max_hp_gain":0,"max_hp_loss":0,"event_name":"Purifier","floor":22,"gold_loss":0},{"damage_healed":0,"gold_gain":0,"player_choice":"Fight","damage_taken":0,"max_hp_gain":0,"max_hp_loss":0,"event_name":"Mysterious Sphere","floor":44,"gold_loss":0}],"is_beta":false,"boss_relics":[{"not_picked":["Astrolabe","Velvet Choker"],"picked":"Fusion Hammer"},{"not_picked":["Snecko Eye","Philosopher\u0027s Stone"],"picked":"Pandora\u0027s Box"}],"items_purged_floors":[28,36,39],"is_endless":false,"potions_floor_spawned":[4,11,14,16,19,21,24,31,33,35,41,44],"ascension_level":19}