{"gold_per_floor":[115,5,21,40,40,40,75,89,89,89,103,121,121,135,135,240,240,256,266,216,231,231,231,154,154,154,20,31,31,42,72,72,72],"floor_reached":33,"playtime":2127,"items_purged":["Shame","Strike_G"],"score":294,"play_id":"88a88401-e9ad-44d5-8c76-e8e8fbddf762","local_time":"20190110191614","is_ascension_mode":false,"campfire_choices":[{"data":"Tools of the Trade","floor":6.0,"key":"SMITH"},{"data":"Terror","floor":10,"key":"SMITH"},{"data":"Dagger Spray","floor":13,"key":"SMITH"},{"data":"Dash","floor":15,"key":"SMITH"},{"data":"Riddle With Holes","floor":23,"key":"SMITH"},{"data":"Bouncing Flask","floor":25,"key":"SMITH"},{"floor":32,"key":"REST"}],"neow_cost":"CURSE","seed_source_timestamp":1044081027879460,"circlet_count":0,"master_deck":["Defend_G","Defend_G","Defend_G","Defend_G","Defend_G","Strike_G","Strike_G","Strike_G","Strike_G","Survivor","Neutralize","PiercingWail","Dash+1","Flying Knee","Tools of the Trade+1","Dagger Spray+1","Terror+1","Dodge and Roll","Riddle With Holes+1","Doppelganger","Sucker Punch","Bouncing Flask+1","Catalyst"],"special_seed":0,"relics":["Ring of the Snake","Nunchaku","Darkstone Periapt","Velvet Choker","The Courier","Tingsha"],"potions_floor_usage":[22,31],"damage_taken":[{"damage":5.0,"enemies":"2 Louse","floor":1.0,"turns":5.0},{"damage":0.0,"enemies":"Cultist","floor":3.0,"turns":4.0},{"damage":1.0,"enemies":"Jaw Worm","floor":4.0,"turns":6.0},{"damage":18,"enemies":"Gremlin Nob","floor":7,"turns":6},{"damage":1,"enemies":"Large Slime","floor":8,"turns":7},{"damage":10,"enemies":"Exordium Thugs","floor":11,"turns":4},{"damage":0,"enemies":"Looter","floor":12,"turns":3},{"damage":0,"enemies":"Blue Slaver","floor":14,"turns":4},{"damage":22,"enemies":"Hexaghost","floor":16,"turns":11},{"damage":16,"enemies":"Spheric Guardian","floor":18,"turns":5},{"damage":0,"enemies":"3 Byrds","floor":19,"turns":3},{"damage":17,"enemies":"Sentry and Sphere","floor":21,"turns":7},{"damage":3,"enemies":"Colosseum Slavers","floor":22,"turns":6},{"damage":9,"enemies":"Snake Plant","floor":28,"turns":4},{"damage":8,"enemies":"Centurion and Healer","floor":30,"turns":7},{"damage":0,"enemies":"Gremlin Leader","floor":31,"turns":5},{"damage":55,"enemies":"Collector","floor":33,"turns":7}],"seed_played":"6498775947939128784","potions_obtained":[{"floor":4.0,"key":"Regen Potion"},{"floor":8,"key":"Weak Potion"},{"floor":14,"key":"Swift Potion"},{"floor":31,"key":"Strength Potion"}],"is_trial":false,"path_per_floor":["M","$","M","M","?","R","E","M","T","R","M","M","R","M","R","B",null,"M","M","?","M","?","R","$","R","T","$","M","?","M","E","R","B"],"character_chosen":"THE_SILENT","items_purchased":["Dash","Bouncing Flask","Catalyst"],"campfire_rested":1,"item_purchase_floors":[2,24,27],"current_hp_per_floor":[65,65,65,64,64,64,46,45,45,45,35,35,35,35,35,13,70,54,54,54,37,49,49,49,49,49,49,40,40,32,32,53,0],"gold":72,"neow_bonus":"ONE_RARE_RELIC","is_prod":false,"is_daily":false,"chose_seed":false,"campfire_upgraded":6,"win_rate":0,"timestamp":1547165774,"path_taken":["M","$","M","M","?","R","E","M","T","R","M","?","R","M","R","BOSS","M","M","?","?","?","R","$","R","T","$","M","?","M","E","R","BOSS"],"build_version":"2019-01-03v4","purchased_purges":2,"victory":false,"max_hp_per_floor":[70,70,70,70,70,70,70,70,70,70,70,70,70,70,70,70,70,70,70,70,70,70,70,70,70,70,70,70,70,70,70,70,70],"card_choices":[{"not_picked":["Bane","Cloak And Dagger"],"picked":"PiercingWail","floor":1.0},{"not_picked":["Outmaneuver","Dagger Throw"],"picked":"Flying Knee","floor":3.0},{"not_picked":["PiercingWail","Setup"],"picked":"Tools of the Trade","floor":4.0},{"not_picked":["Cloak And Dagger","Endless Agony"],"picked":"Dagger Spray","floor":7},{"not_picked":["Deadly Poison","Dodge and Roll"],"picked":"Terror","floor":8},{"not_picked":["Outmaneuver","PiercingWail"],"picked":"Dodge and Roll","floor":11},{"not_picked":["Catalyst","Deflect"],"picked":"Riddle With Holes","floor":12},{"not_picked":["Quick Slash","Outmaneuver","Flying Knee"],"picked":"SKIP","floor":14},{"not_picked":["Glass Knife","Venomology"],"picked":"Doppelganger","floor":16},{"not_picked":["Deflect+1","Dagger Throw"],"picked":"Sucker Punch","floor":18},{"not_picked":["Terror","Predator","Acrobatics"],"picked":"SKIP","floor":19},{"not_picked":["Acrobatics","Backflip","Poisoned Stab"],"picked":"SKIP","floor":21},{"not_picked":["Deflect","Quick Slash","Bane"],"picked":"SKIP","floor":28},{"not_picked":["Cloak And Dagger","Flechettes","Doppelganger"],"picked":"SKIP","floor":30},{"not_picked":["Outmaneuver","Prepared","Terror+1"],"picked":"SKIP","floor":31}],"player_experience":627065,"relics_obtained":[{"floor":7,"key":"Darkstone Periapt"},{"floor":26,"key":"The Courier"},{"floor":31,"key":"Tingsha"}],"event_choices":[{"damage_healed":0.0,"max_hp_gain":0.0,"max_hp_loss":0.0,"gold_gain":0.0,"event_name":"NoteForYourself","player_choice":"Ignored","floor":5.0,"gold_loss":0.0,"damage_taken":0.0},{"damage_healed":0,"gold_gain":0,"player_choice":"Bet on Murderer","damage_taken":0,"max_hp_gain":0,"max_hp_loss":0,"event_name":"The Joust","floor":20,"gold_loss":50},{"damage_healed":0,"gold_gain":0,"player_choice":"Fight","damage_taken":0,"max_hp_gain":0,"max_hp_loss":0,"event_name":"Colosseum","floor":22,"gold_loss":0},{"damage_healed":0,"gold_gain":0,"player_choice":"Fled From Nobs","damage_taken":0,"max_hp_gain":0,"max_hp_loss":0,"event_name":"Colosseum","floor":22,"gold_loss":0},{"damage_healed":0,"gold_gain":0,"player_choice":"Ignored","damage_taken":0,"max_hp_gain":0,"max_hp_loss":0,"event_name":"Vampires","floor":29,"gold_loss":0}],"is_beta":false,"boss_relics":[{"not_picked":["Runic Dome","WristBlade"],"picked":"Velvet Choker"}],"items_purged_floors":[2,27],"is_endless":false,"potions_floor_spawned":[4,8,14,16,19,21,31],"killed_by":"Collector","ascension_level":0}