{"gold_per_floor":[369,369,379,158,171,171,196,196,242,276,276,303,364,375,375,453,453,473,473,484,23,36,71,71,121,121,135,26,61,61,80,80,155,155,166,4,4,16,31,31,50,80,80,91,91,119,119,119,119,119,119],"floor_reached":52,"playtime":4100,"items_purged":["Strike_G","Strike_G"],"score":1886,"play_id":"ee96b6cd-07e4-4ad3-affb-9135c1c186f4","local_time":"20190730000534","is_ascension_mode":true,"campfire_choices":[{"data":"Neutralize","floor":6.0,"key":"SMITH"},{"floor":8.0,"key":"REST"},{"floor":11.0,"key":"REST"},{"data":"Blade Dance","floor":15.0,"key":"SMITH"},{"floor":24,"key":"REST"},{"data":"Burst","floor":30,"key":"SMITH"},{"data":"Cloak And Dagger","floor":32,"key":"SMITH"},{"data":"Adrenaline","floor":40,"key":"SMITH"},{"floor":45,"key":"REST"},{"data":"Wraith Form v2","floor":49,"key":"SMITH"}],"neow_cost":"TEN_PERCENT_HP_LOSS","seed_source_timestamp":621481484323086,"circlet_count":0,"master_deck":["AscendersBane","Defend_G+1","Defend_G","Defend_G","Defend_G","Survivor","Neutralize+1","Flying Knee","Predator","Flying Knee","Terror","Dagger Spray","Venomology","Backflip+1","Blade Dance+1","Blur","Burst+1","Prepared","PiercingWail","Cloak And Dagger+1","Well Laid Plans","Cloak And Dagger+1","Blade Dance","Wraith Form v2+1","PiercingWail","Finisher","Adrenaline+1","Bouncing Flask+1","Accuracy+1","Backflip+1","Deflect","Dagger Spray+1","Cloak And Dagger+1"],"special_seed":0,"relics":["Ring of the Snake","Bag of Marbles","Kunai","Mercury Hourglass","Shuriken","Black Star","Nloth\u0027s Gift","Regal Pillow","Lantern","Vajra","Anchor","Prayer Wheel","War Paint","Astrolabe","Pen Nib","CultistMask","Happy Flower","Bag of Preparation","Blood Vial","Frozen Egg 2","Centennial Puzzle"],"potions_floor_usage":[22,23,28,29,33,33,33,41,42,42,42,51],"damage_taken":[{"damage":11.0,"enemies":"Jaw Worm","floor":1.0,"turns":5.0},{"damage":1.0,"enemies":"2 Louse","floor":3.0,"turns":3.0},{"damage":0.0,"enemies":"Small Slimes","floor":5.0,"turns":2.0},{"damage":22.0,"enemies":"3 Sentries","floor":7.0,"turns":6.0},{"damage":12.0,"enemies":"Lagavulin","floor":10.0,"turns":7.0},{"damage":17.0,"enemies":"3 Sentries","floor":12.0,"turns":9.0},{"damage":8.0,"enemies":"Gremlin Nob","floor":13.0,"turns":3.0},{"damage":4.0,"enemies":"Gremlin Gang","floor":14.0,"turns":2.0},{"damage":6.0,"enemies":"Hexaghost","floor":16.0,"turns":10.0},{"damage":0.0,"enemies":"Chosen","floor":18.0,"turns":3.0},{"damage":10.0,"enemies":"3 Byrds","floor":20.0,"turns":4.0},{"damage":12,"enemies":"Snake Plant","floor":22,"turns":6},{"damage":7,"enemies":"Slavers","floor":23,"turns":4},{"damage":1,"enemies":"3 Cultists","floor":27,"turns":4},{"damage":4,"enemies":"Gremlin Leader","floor":29,"turns":5},{"damage":10,"enemies":"Snecko","floor":31,"turns":5},{"damage":29,"enemies":"Automaton","floor":33,"turns":8},{"damage":0,"enemies":"3 Shapes","floor":35,"turns":4},{"damage":9,"enemies":"3 Darklings","floor":38,"turns":3},{"damage":0,"enemies":"Jaw Worm Horde","floor":39,"turns":3},{"damage":5,"enemies":"Spire Growth","floor":41,"turns":4},{"damage":12,"enemies":"Giant Head","floor":42,"turns":5},{"damage":0,"enemies":"3 Darklings","floor":44,"turns":1},{"damage":0,"enemies":"Nemesis","floor":46,"turns":5},{"damage":34,"enemies":"Donu and Deca","floor":50,"turns":9},{"damage":29,"enemies":"Awakened One","floor":51,"turns":14}],"seed_played":"8970046619617905575","potions_obtained":[{"floor":7.0,"key":"Block Potion"},{"floor":10.0,"key":"Dexterity Potion"},{"floor":12.0,"key":"GhostInAJar"},{"floor":18.0,"key":"PowerPotion"},{"floor":22,"key":"Fire Potion"},{"floor":31,"key":"Dexterity Potion"},{"floor":39,"key":"SpeedPotion"},{"floor":41,"key":"EntropicBrew"}],"is_trial":false,"path_per_floor":["M","?","M","$","M","R","E","R","T","E","R","E","?","M","R","B",null,"M","?","M","$","M","E","R","?","T","M","$","E","R","M","R","B",null,"M","$","?","M","M","R","M","E","T","M","R","E","?","?","R","B","B",null],"character_chosen":"THE_SILENT","items_purchased":["Fire Potion","Flying Knee","Terror","Cloak And Dagger","Well Laid Plans","Regal Pillow","Energy Potion","Fruit Juice","Pen Nib"],"campfire_rested":4,"item_purchase_floors":[4,4,4,21,21,21,21,28,36],"current_hp_per_floor":[48,41,40,40,40,40,25,45,45,33,53,36,28,24,24,18,55,55,55,45,45,33,26,61,61,61,60,65,61,61,51,51,22,60,60,60,60,51,51,51,46,34,34,36,72,72,68,68,68,34,22],"gold":119,"neow_bonus":"TWO_FIFTY_GOLD","is_prod":false,"is_daily":false,"chose_seed":false,"campfire_upgraded":6,"win_rate":0,"timestamp":1564459534,"path_taken":["M","?","M","$","M","R","E","R","T","E","R","E","?","M","R","BOSS","M","?","M","$","?","E","R","?","T","M","$","E","R","M","R","BOSS","M","$","?","M","M","R","M","E","T","?","R","E","?","?","R","BOSS","BOSS"],"build_version":"2019-07-17","purchased_purges":2,"victory":true,"max_hp_per_floor":[60,60,60,60,60,60,67,67,67,67,67,67,67,67,67,67,67,67,67,67,67,67,67,67,67,67,67,72,72,72,72,72,72,72,72,72,72,72,72,72,72,72,72,72,72,72,68,68,68,68,68],"card_choices":[{"not_picked":["Outmaneuver","Cloak And Dagger"],"picked":"Flying Knee","floor":1.0},{"not_picked":["Deadly Poison","Riddle With Holes"],"picked":"Predator","floor":3.0},{"not_picked":["Eviscerate","Blade Dance"],"picked":"Dagger Spray","floor":5.0},{"not_picked":["Flechettes","Caltrops"],"picked":"Venomology","floor":7.0},{"not_picked":["Crippling Poison","Unload"],"picked":"Backflip","floor":10.0},{"not_picked":["Footwork","Tactician"],"picked":"Blade Dance","floor":12.0},{"not_picked":["Deadly Poison","Skewer"],"picked":"Blur","floor":13.0},{"not_picked":["Deadly Poison","Quick Slash","Outmaneuver"],"picked":"SKIP","floor":14.0},{"not_picked":["Tools of the Trade","Grand Finale"],"picked":"Burst","floor":16.0},{"not_picked":["Concentrate","Dagger Throw"],"picked":"Prepared","floor":18.0},{"not_picked":["Eviscerate","Poisoned Stab"],"picked":"PiercingWail","floor":20.0},{"not_picked":["Dash","Eviscerate"],"picked":"Cloak And Dagger+1","floor":22},{"not_picked":["Expertise","Acrobatics","Dash"],"picked":"SKIP","floor":23},{"not_picked":["Tactician","Leg Sweep"],"picked":"Blade Dance","floor":27},{"not_picked":["Outmaneuver+1","A Thousand Cuts"],"picked":"Wraith Form v2","floor":29},{"not_picked":["Flechettes","Quick Slash+1"],"picked":"PiercingWail","floor":31},{"not_picked":["Well Laid Plans","Calculated Gamble"],"picked":"Finisher","floor":31},{"not_picked":["A Thousand Cuts","Burst"],"picked":"Adrenaline","floor":33},{"not_picked":["Bouncing Flask","Choke"],"picked":"Deflect","floor":35},{"not_picked":["Underhanded Strike+1","Bane","Backflip"],"picked":"SKIP","floor":35},{"not_picked":["Expertise","All Out Attack","Outmaneuver"],"picked":"SKIP","floor":38},{"not_picked":["Malaise","Storm of Steel","Prepared"],"picked":"SKIP","floor":38},{"not_picked":["Slice","Tactician+1"],"picked":"Dagger Spray+1","floor":39},{"not_picked":["Bane","Dagger Throw","Heel Hook"],"picked":"SKIP","floor":39},{"not_picked":["Quick Slash+1","Dagger Throw","Die Die Die"],"picked":"SKIP","floor":41},{"not_picked":["Blur","Quick Slash","Doppelganger"],"picked":"SKIP","floor":41},{"not_picked":["Tools of the Trade","Flying Knee","Doppelganger"],"picked":"SKIP","floor":42},{"not_picked":["Eviscerate+1","Setup"],"picked":"Cloak And Dagger+1","floor":44},{"not_picked":["Dash","Tactician","Deadly Poison"],"picked":"SKIP","floor":44},{"not_picked":["Acrobatics","Skewer","Endless Agony"],"picked":"SKIP","floor":46}],"player_experience":1182925,"relics_obtained":[{"floor":7.0,"key":"Strawberry"},{"floor":9.0,"key":"Bag of Marbles"},{"floor":10.0,"key":"Kunai"},{"floor":12.0,"key":"Mercury Hourglass"},{"floor":13.0,"key":"Shuriken"},{"floor":23,"key":"Lantern"},{"floor":23,"key":"Vajra"},{"floor":26,"key":"Anchor"},{"floor":29,"key":"Prayer Wheel"},{"floor":29,"key":"War Paint"},{"floor":42,"key":"Happy Flower"},{"floor":42,"key":"Bag of Preparation"},{"floor":43,"key":"Blood Vial"},{"floor":46,"key":"Frozen Egg 2"},{"floor":46,"key":"Centennial Puzzle"}],"event_choices":[{"cards_removed":["Strike_G"],"damage_healed":0.0,"max_hp_gain":0.0,"max_hp_loss":0.0,"gold_gain":0.0,"event_name":"Golden Wing","player_choice":"Card Removal","floor":2.0,"gold_loss":0.0,"damage_taken":7.0},{"damage_healed":0.0,"max_hp_gain":0.0,"max_hp_loss":0.0,"gold_gain":30.0,"event_name":"Dead Adventurer","player_choice":"Searched \u00272\u0027 times","floor":13.0,"gold_loss":0.0,"damage_taken":0.0},{"damage_healed":0.0,"max_hp_gain":0.0,"max_hp_loss":0.0,"gold_gain":0.0,"event_name":"N\u0027loth","player_choice":"Traded Relic","floor":19.0,"relics_lost":["Strawberry"],"gold_loss":0.0,"damage_taken":0.0,"relics_obtained":["Nloth\u0027s Gift"]},{"damage_healed":0,"gold_gain":50,"player_choice":"Stole From Cult","damage_taken":0,"max_hp_gain":0,"max_hp_loss":0,"event_name":"Nest","floor":25,"gold_loss":0},{"damage_healed":0,"gold_gain":0,"player_choice":"Trade","damage_taken":0,"relics_obtained":["CultistMask"],"max_hp_gain":0,"max_hp_loss":0,"event_name":"FaceTrader","floor":37,"gold_loss":0},{"damage_healed":0,"gold_gain":0,"player_choice":"Max HP","damage_taken":0,"max_hp_gain":0,"max_hp_loss":4,"event_name":"Winding Halls","floor":47,"gold_loss":0},{"damage_healed":0,"gold_gain":0,"player_choice":"Ignored","damage_taken":0,"max_hp_gain":0,"max_hp_loss":0,"event_name":"Mysterious Sphere","floor":48,"gold_loss":0}],"is_beta":false,"boss_relics":[{"not_picked":["Velvet Choker","Snecko Eye"],"picked":"Black Star"},{"not_picked":["Lizard Tail","HoveringKite"],"picked":"Astrolabe"}],"items_purged_floors":[4,21],"is_endless":false,"potions_floor_spawned":[7,10,12,14,18,22,31,39,41],"ascension_level":20}