{"gold_per_floor":[365,365,376,391,401,401,476,476,476,476,106,136,146,105,105,209,209,227,246,246,272,65,99,99,133,178,195,195,209,235,235,235,338,338,355,355,355,407,424,424,443,443,443,459,459,469,23,34,34,34],"floor_reached":51,"playtime":4433,"items_purged":[],"score":918,"play_id":"4334534d-62b8-4be7-8846-5dd3e07e0b50","local_time":"20180828231534","is_ascension_mode":true,"campfire_choices":[{"floor":6,"key":"REST"},{"floor":8,"key":"REST"},{"data":"Whirlwind","floor":10,"key":"SMITH"},{"data":"Hemokinesis","floor":15,"key":"SMITH"},{"floor":24,"key":"REST"},{"floor":28,"key":"REST"},{"floor":32,"key":"REST"},{"data":"Limit Break","floor":40,"key":"SMITH"},{"floor":42,"key":"REST"},{"data":"Thinking Ahead","floor":45,"key":"SMITH"},{"data":"Mayhem","floor":49,"key":"SMITH"}],"neow_cost":"PERCENT_DAMAGE","seed_source_timestamp":1111549075414524,"circlet_count":0,"master_deck":["Bash","Whirlwind+1","Intimidate","Ghostly Armor","Anger","Thunderclap","Thinking Ahead+1","Rupture","Battle Trance","Hemokinesis+1","Limit Break+1","Twin Strike","Power Through","Seeing Red","Flex","Pommel Strike","Rupture","Bloodletting","Anger","Dropkick+1","Metallicize","Hemokinesis+1","Shockwave","Armaments+1","Sword Boomerang","Impervious","Thunderclap+1","Metallicize+1","Headbutt+1","Clothesline+1","Brutality","Heavy Blade","Mayhem+1"],"relics":["Burning Blood","Mercury Hourglass","Orichalcum","Torii","Pandora\u0027s Box","Potion Belt","DollysMirror","Sundial","Matryoshka","Oddly Smooth Stone","Pen Nib","Calipers","Mark of Pain","Charon\u0027s Ashes","Unceasing Top","Red Skull","Girya","Bag of Preparation"],"potions_floor_usage":[5,16,19,23,25,33,33,50,50,50,50],"damage_taken":[{"damage":15,"enemies":"Jaw Worm","floor":1,"turns":6},{"damage":0,"enemies":"Small Slimes","floor":3,"turns":4},{"damage":3,"enemies":"Cultist","floor":4,"turns":4},{"damage":0,"enemies":"Large Slime","floor":5,"turns":4},{"damage":8,"enemies":"3 Sentries","floor":12,"turns":3},{"damage":7,"enemies":"Blue Slaver","floor":13,"turns":3},{"damage":40,"enemies":"The Guardian","floor":16,"turns":9},{"damage":3,"enemies":"Chosen","floor":18,"turns":3},{"damage":6,"enemies":"Shell Parasite","floor":19,"turns":3},{"damage":22,"enemies":"Book of Stabbing","floor":23,"turns":4},{"damage":6,"enemies":"Gremlin Leader","floor":25,"turns":5},{"damage":31,"enemies":"Snake Plant","floor":27,"turns":4},{"damage":12,"enemies":"Chosen and Byrds","floor":29,"turns":6},{"damage":18,"enemies":"Slavers","floor":30,"turns":3},{"damage":58,"enemies":"Champ","floor":33,"turns":7},{"damage":11,"enemies":"3 Darklings","floor":35,"turns":3},{"damage":6,"enemies":"Mind Bloom Boss Battle","floor":36,"turns":5},{"damage":4,"enemies":"Mysterious Sphere","floor":38,"turns":5},{"damage":0,"enemies":"3 Shapes","floor":39,"turns":2},{"damage":28,"enemies":"Maw","floor":41,"turns":7},{"damage":8,"enemies":"4 Shapes","floor":44,"turns":5},{"damage":5,"enemies":"Transient","floor":46,"turns":5},{"damage":0,"enemies":"3 Darklings","floor":48,"turns":2},{"damage":51,"enemies":"Awakened One","floor":50,"turns":7}],"seed_played":"-122779695611176275","potions_obtained":[{"floor":1,"key":"Block Potion"},{"floor":3,"key":"Fire Potion"},{"floor":5,"key":"FairyPotion"},{"floor":12,"key":"Ancient Potion"},{"floor":13,"key":"FearPotion"},{"floor":18,"key":"Swift Potion"},{"floor":23,"key":"Block Potion"},{"floor":29,"key":"Strength Potion"},{"floor":30,"key":"Block Potion"},{"floor":36,"key":"GamblersBrew"},{"floor":41,"key":"Energy Potion"},{"floor":44,"key":"GamblersBrew"},{"floor":46,"key":"Weak Potion"}],"is_trial":false,"path_per_floor":["M","?","M","M","M","R","?","R","T","R","$","E","M","$","R","B",null,"M","M","$","T","$","E","R","E","T","M","R","M","E","?","R","B",null,"M","?","$","?","M","R","M","R","T","M","R","M","$","M","R","B"],"character_chosen":"IRONCLAD","items_purchased":["Orichalcum","Thunderclap","Thinking Ahead","Hemokinesis","DollysMirror","Heavy Blade","FearPotion","Mayhem","Bag of Preparation"],"campfire_rested":6,"item_purchase_floors":[11,11,11,14,22,47,47,47,47],"current_hp_per_floor":[42,26,32,35,41,65,54,78,78,78,78,76,75,75,75,41,70,73,73,73,73,73,57,80,80,80,55,79,73,61,61,80,28,67,62,62,62,64,70,70,48,72,72,70,70,71,71,77,77,32],"gold":34,"neow_bonus":"TWO_FIFTY_GOLD","is_prod":false,"is_daily":false,"chose_seed":false,"campfire_upgraded":5,"win_rate":0,"timestamp":1535512534,"path_taken":["M","?","?","M","M","R","?","R","T","R","$","E","M","$","R","BOSS","M","M","$","?","$","E","R","E","T","M","R","M","E","?","R","BOSS","M","?","?","?","M","R","M","R","T","M","R","M","$","?","R","BOSS"],"build_version":"2018-08-23v2","purchased_purges":0,"victory":true,"max_hp_per_floor":[80,80,80,80,80,80,80,80,80,80,80,80,80,80,80,80,80,80,80,80,80,80,80,80,80,80,80,80,80,80,80,80,80,80,80,80,80,80,80,80,80,80,80,80,80,80,80,80,80,80],"card_choices":[{"not_picked":["Headbutt","Iron Wave"],"picked":"Whirlwind","floor":1},{"not_picked":["Shrug It Off","Headbutt"],"picked":"Intimidate","floor":3},{"not_picked":["Clothesline","Wild Strike"],"picked":"Ghostly Armor","floor":4},{"not_picked":["Dark Embrace","Second Wind"],"picked":"Anger","floor":5},{"not_picked":["Reckless Charge","Dropkick"],"picked":"Rupture","floor":12},{"not_picked":["Twin Strike","Armaments"],"picked":"Battle Trance","floor":13},{"not_picked":["Fiend Fire","Barricade"],"picked":"Limit Break","floor":16},{"not_picked":["Havoc","Searing Blow"],"picked":"Dropkick+1","floor":18},{"not_picked":["Anger","Sword Boomerang"],"picked":"Metallicize","floor":19},{"not_picked":["Twin Strike","Clash","Headbutt+1"],"picked":"SKIP","floor":23},{"not_picked":["Sentinel","Searing Blow"],"picked":"Shockwave","floor":25},{"not_picked":["Iron Wave","Demon Form"],"picked":"Armaments+1","floor":27},{"not_picked":["Reckless Charge","Carnage"],"picked":"Sword Boomerang","floor":29},{"not_picked":["True Grit+1","Iron Wave","Rupture"],"picked":"SKIP","floor":30},{"not_picked":["Berserk","Dark Embrace"],"picked":"Impervious","floor":33},{"not_picked":["Iron Wave","Wild Strike+1"],"picked":"Thunderclap+1","floor":35},{"not_picked":["Thunderclap","Rage"],"picked":"Metallicize+1","floor":36},{"not_picked":["Twin Strike+1","Seeing Red"],"picked":"Headbutt+1","floor":38},{"not_picked":["Evolve","Shrug It Off"],"picked":"Clothesline+1","floor":39},{"not_picked":["Wild Strike","Searing Blow","Shrug It Off"],"picked":"SKIP","floor":41},{"not_picked":["Sword Boomerang+1","Ghostly Armor"],"picked":"Brutality","floor":44},{"not_picked":["Armaments","Hemokinesis","Ghostly Armor+1"],"picked":"SKIP","floor":46},{"not_picked":["Burning Pact","Corruption","Flex"],"picked":"SKIP","floor":48}],"player_experience":322277,"relics_obtained":[{"floor":9,"key":"Mercury Hourglass"},{"floor":12,"key":"Torii"},{"floor":21,"key":"Potion Belt"},{"floor":23,"key":"Sundial"},{"floor":25,"key":"Matryoshka"},{"floor":26,"key":"Oddly Smooth Stone"},{"floor":26,"key":"Pen Nib"},{"floor":30,"key":"Calipers"},{"floor":36,"key":"Charon\u0027s Ashes"},{"floor":38,"key":"Unceasing Top"},{"floor":43,"key":"Red Skull"},{"floor":43,"key":"Girya"}],"event_choices":[{"event_name":"Shining Light","player_choice":"Entered Light","floor":2,"damage_taken":0},{"event_name":"World of Goop","player_choice":"Gather Gold","floor":7,"damage_taken":0},{"event_name":"Back to Basics","player_choice":"Elegance","floor":31,"damage_taken":0},{"event_name":"MindBloom","player_choice":"Fight","floor":36,"damage_taken":0},{"event_name":"Mysterious Sphere","player_choice":"Fight","floor":38,"damage_taken":0}],"is_beta":false,"boss_relics":[{"not_picked":["Astrolabe","Sozu"],"picked":"Pandora\u0027s Box"},{"not_picked":["Runic Dome","White Beast Statue"],"picked":"Mark of Pain"}],"items_purged_floors":[],"is_endless":false,"potions_floor_spawned":[1,3,5,12,13,18,23,29,30,36,41,44,46,48],"ascension_level":7}