{"gold_per_floor":[119,0,150,169,169,169,204,204,229,249,249,249,284,318,318,407,407,427,427,63,63,78,78,121,121,121,46,59,100,100,114,114,204,204,223,246,270,395,410,410,443,443,496,496,89,102,102,102,102,102],"floor_reached":51,"playtime":3588,"items_purged":["Strike_G","Doubt"],"score":1309,"play_id":"fea3030a-a407-4193-88c1-3cc30abbe8d2","local_time":"20190601015054","is_ascension_mode":true,"campfire_choices":[{"data":"Skewer","floor":6.0,"key":"SMITH"},{"data":"Crippling Poison","floor":8.0,"key":"SMITH"},{"data":"Caltrops","floor":12.0,"key":"SMITH"},{"floor":15.0,"key":"REST"},{"floor":23.0,"key":"REST"},{"floor":25.0,"key":"REST"},{"data":"Malaise","floor":30.0,"key":"SMITH"},{"floor":32.0,"key":"REST"},{"data":"Cloak And Dagger","floor":40.0,"key":"SMITH"},{"data":"Footwork","floor":42.0,"key":"SMITH"},{"data":"Caltrops","floor":44.0,"key":"SMITH"},{"floor":47,"key":"REST"},{"data":"Noxious Fumes","floor":49,"key":"SMITH"}],"neow_cost":"NONE","seed_source_timestamp":9717757925392,"circlet_count":0,"master_deck":["AscendersBane","Defend_G","Defend_G","Defend_G","Defend_G","Defend_G","Strike_G+1","Strike_G","Survivor","Neutralize+1","Caltrops+1","Skewer+1","Crippling Poison+1","Backflip","Cloak And Dagger+1","Dodge and Roll","Malaise+1","Footwork+1","Leg Sweep","Blur+1","Storm of Steel+1","Backstab","Adrenaline+1","Caltrops+1","Noxious Fumes+1"],"special_seed":0,"relics":["Ring of the Snake","Whetstone","PreservedInsect","Golden Idol","Odd Mushroom","Singing Bowl","Sozu","Kunai","Nilry\u0027s Codex","Regal Pillow","Toxic Egg 2","Tough Bandages","Busted Crown","Calipers","Ancient Tea Set","Blood Vial","StoneCalendar"],"potions_floor_usage":[],"damage_taken":[{"damage":1.0,"enemies":"Small Slimes","floor":1.0,"turns":4.0},{"damage":9.0,"enemies":"Jaw Worm","floor":4.0,"turns":5.0},{"damage":11.0,"enemies":"3 Sentries","floor":7.0,"turns":10.0},{"damage":0.0,"enemies":"2 Louse","floor":10.0,"turns":3.0},{"damage":15.0,"enemies":"The Mushroom Lair","floor":13.0,"turns":4.0},{"damage":17.0,"enemies":"Lagavulin","floor":14.0,"turns":7.0},{"damage":27.0,"enemies":"The Guardian","floor":16.0,"turns":17.0},{"damage":7.0,"enemies":"Chosen","floor":18.0,"turns":7.0},{"damage":12.0,"enemies":"Spheric Guardian","floor":22.0,"turns":10.0},{"damage":8.0,"enemies":"Gremlin Leader","floor":24.0,"turns":8.0},{"damage":21.0,"enemies":"3 Cultists","floor":28.0,"turns":5.0},{"damage":5.0,"enemies":"Book of Stabbing","floor":29.0,"turns":5.0},{"damage":10.0,"enemies":"Sentry and Sphere","floor":31.0,"turns":10.0},{"damage":12.0,"enemies":"Automaton","floor":33.0,"turns":18.0},{"damage":4.0,"enemies":"3 Shapes","floor":35.0,"turns":4.0},{"damage":0.0,"enemies":"Orb Walker","floor":36.0,"turns":4.0},{"damage":13.0,"enemies":"4 Shapes","floor":37.0,"turns":5.0},{"damage":0.0,"enemies":"Mind Bloom Boss Battle","floor":38.0,"turns":9.0},{"damage":4.0,"enemies":"Writhing Mass","floor":39.0,"turns":10.0},{"damage":1.0,"enemies":"Nemesis","floor":41.0,"turns":13.0},{"damage":17,"enemies":"3 Darklings","floor":46,"turns":5},{"damage":19,"enemies":"Donu and Deca","floor":50,"turns":8}],"seed_played":"6083182081427763470","potions_obtained":[{"floor":7.0,"key":"Ancient Potion"},{"floor":10.0,"key":"Block Potion"}],"is_trial":false,"path_per_floor":["M","$","?","M","?","R","E","R","T","M","?","R","?","E","R","B",null,"M","?","$","?","M","R","E","R","T","?","M","E","R","M","R","B",null,"M","M","M","?","M","R","E","R","T","R","$","M","R","?","R","B",null],"character_chosen":"THE_SILENT","items_purchased":["Skewer","Kunai","Noxious Fumes","StoneCalendar"],"campfire_rested":5,"item_purchase_floors":[2,20,45,45],"current_hp_per_floor":[58,58,58,49,54,54,43,43,43,43,43,43,28,13,32,5,51,44,44,44,23,13,33,27,63,63,63,42,37,37,27,63,51,65,61,63,52,54,52,52,53,53,53,53,53,40,79,79,79,62],"gold":102,"neow_bonus":"UPGRADE_CARD","is_prod":false,"is_daily":false,"chose_seed":false,"campfire_upgraded":8,"win_rate":0,"timestamp":1559346654,"path_taken":["M","$","?","M","?","R","E","R","T","?","?","R","?","E","R","BOSS","M","?","$","?","M","R","E","R","T","?","M","E","R","M","R","BOSS","M","M","M","?","M","R","E","R","T","R","$","M","R","?","R","BOSS"],"build_version":"2019-01-23","purchased_purges":2,"victory":true,"max_hp_per_floor":[66,66,66,66,71,71,71,71,71,71,64,64,64,66,66,66,66,66,66,66,66,68,68,70,70,70,70,70,70,70,70,70,70,70,70,72,74,76,78,78,80,80,80,80,80,82,82,82,82,82],"card_choices":[{"not_picked":["Underhanded Strike","Reflex"],"picked":"Caltrops","floor":1.0},{"not_picked":["Outmaneuver","Predator"],"picked":"Crippling Poison","floor":4.0},{"not_picked":["Escape Plan","Predator"],"picked":"Backflip","floor":7.0},{"not_picked":["Dagger Spray","Bane"],"picked":"Cloak And Dagger","floor":10.0},{"not_picked":["Underhanded Strike","Prepared"],"picked":"Dodge and Roll","floor":13.0},{"not_picked":["Tactician","Calculated Gamble","Dodge and Roll"],"picked":"Singing Bowl","floor":14.0},{"not_picked":["Doppelganger","Venomology"],"picked":"Malaise","floor":16.0},{"not_picked":["Prepared","Blade Dance"],"picked":"Footwork","floor":18.0},{"not_picked":["Flechettes+1","Poisoned Stab","Backflip"],"picked":"Singing Bowl","floor":22.0},{"not_picked":["Bane","Skewer","Slice"],"picked":"Singing Bowl","floor":24.0},{"not_picked":["Catalyst+1","Well Laid Plans"],"picked":"Blur+1","floor":28.0},{"not_picked":["Concentrate+1","Dagger Throw+1"],"picked":"Storm of Steel+1","floor":29.0},{"not_picked":["Choke","Deadly Poison+1"],"picked":"Backstab","floor":31.0},{"not_picked":["Venomology+1","Malaise+1"],"picked":"Adrenaline+1","floor":33.0},{"not_picked":[],"picked":"Caltrops","floor":35.0},{"not_picked":["Deadly Poison+1"],"picked":"Singing Bowl","floor":36.0},{"not_picked":["Slice"],"picked":"Singing Bowl","floor":37.0},{"not_picked":["Dagger Throw"],"picked":"Singing Bowl","floor":38.0},{"not_picked":["Poisoned Stab"],"picked":"Singing Bowl","floor":39.0},{"not_picked":["Heel Hook+1"],"picked":"Singing Bowl","floor":41.0},{"not_picked":["Poisoned Stab"],"picked":"Singing Bowl","floor":46}],"player_experience":401707,"relics_obtained":[{"floor":7.0,"key":"Whetstone"},{"floor":9.0,"key":"PreservedInsect"},{"floor":13.0,"key":"Odd Mushroom"},{"floor":14.0,"key":"Singing Bowl"},{"floor":21.0,"key":"Nilry\u0027s Codex"},{"floor":24.0,"key":"Regal Pillow"},{"floor":26.0,"key":"Toxic Egg 2"},{"floor":29.0,"key":"Tough Bandages"},{"floor":38.0,"key":"Calipers"},{"floor":41.0,"key":"Ancient Tea Set"},{"floor":43.0,"key":"Blood Vial"}],"event_choices":[{"damage_healed":0.0,"max_hp_gain":0.0,"max_hp_loss":0.0,"gold_gain":150.0,"event_name":"Liars Game","player_choice":"AGREE","floor":3.0,"gold_loss":0.0,"damage_taken":0.0,"cards_obtained":["Doubt"]},{"damage_healed":0.0,"max_hp_gain":5.0,"max_hp_loss":0.0,"gold_gain":0.0,"event_name":"Big Fish","player_choice":"Donut","floor":5.0,"gold_loss":0.0,"damage_taken":0.0},{"damage_healed":0.0,"max_hp_gain":0.0,"max_hp_loss":7.0,"gold_gain":0.0,"event_name":"Golden Idol","player_choice":"Lose Max HP","floor":11.0,"gold_loss":0.0,"damage_taken":0.0,"relics_obtained":["Golden Idol"]},{"damage_healed":0.0,"max_hp_gain":0.0,"max_hp_loss":0.0,"gold_gain":0.0,"event_name":"Mushrooms","player_choice":"Fought Mushrooms","floor":13.0,"gold_loss":0.0,"damage_taken":0.0},{"damage_healed":0.0,"max_hp_gain":0.0,"max_hp_loss":0.0,"gold_gain":0.0,"event_name":"The Library","player_choice":"Read","floor":19.0,"gold_loss":0.0,"damage_taken":0.0,"cards_obtained":["Leg Sweep"]},{"damage_healed":0.0,"max_hp_gain":0.0,"max_hp_loss":0.0,"gold_gain":0.0,"event_name":"Cursed Tome","player_choice":"Obtained Book","floor":21.0,"gold_loss":0.0,"damage_taken":21.0},{"cards_removed":["Strike_G"],"damage_healed":0.0,"max_hp_gain":0.0,"max_hp_loss":0.0,"gold_gain":0.0,"event_name":"Beggar","player_choice":"Gave Gold","floor":27.0,"gold_loss":75.0,"damage_taken":0.0},{"damage_healed":0.0,"max_hp_gain":0.0,"max_hp_loss":0.0,"gold_gain":0.0,"event_name":"MindBloom","player_choice":"Fight","floor":38.0,"gold_loss":0.0,"damage_taken":0.0},{"cards_removed":["Strike_G"],"damage_healed":0,"gold_gain":0,"player_choice":"Removed Attack","damage_taken":0,"max_hp_gain":0,"max_hp_loss":0,"event_name":"Falling","floor":48,"gold_loss":0}],"is_beta":false,"boss_relics":[{"not_picked":["Cursed Key","Empty Cage"],"picked":"Sozu"},{"not_picked":["Snecko Eye","White Beast Statue"],"picked":"Busted Crown"}],"items_purged_floors":[2,20],"is_endless":false,"potions_floor_spawned":[7,10,14,18,31,38,39,41],"ascension_level":17}