{"gold_per_floor":[115,130,130,42,42,72,89,89,134,146,43,61,61,79,79,182,182,122,122,122,122,122,122,122,122,122,122,47,47,47,47,47,47,47,47,47,47,47,47,47,47,47,47,47,47,47,47,47,47,47,47,47,9,9,9],"floor_reached":56,"playtime":2984,"items_purged":[],"score":1208,"play_id":"4ba6d16e-c665-47f0-90c5-8ea82e1dd33c","local_time":"20190408173320","is_ascension_mode":false,"campfire_choices":[{"data":"Neutralize","floor":13.0,"key":"SMITH"},{"floor":15.0,"key":"REST"},{"floor":23.0,"key":"REST"},{"data":"Skewer","floor":30.0,"key":"SMITH"},{"floor":32.0,"key":"REST"},{"data":"Wraith Form v2","floor":40.0,"key":"SMITH"},{"floor":49.0,"key":"RECALL"},{"data":"Well Laid Plans","floor":52.0,"key":"SMITH"}],"neow_cost":"NONE","seed_source_timestamp":255694636796705,"circlet_count":0,"master_deck":["Defend_G","Defend_G","Defend_G","Defend_G","Strike_G+1","Strike_G+1","Strike_G","Strike_G","Survivor","Neutralize+1","Wraith Form v2+1","Blur","Flying Knee","Panacea","Blur","Quick Slash","Skewer+1","Die Die Die","Well Laid Plans+1","Backflip","Prepared","Doppelganger","Deadly Poison+1","Necronomicurse","Outmaneuver+1","Dagger Spray","Phantasmal Killer","Skewer+1","Dark Shackles","Prepared+1","Caltrops+1","Skewer+1","Dash+1","Dodge and Roll+1","Terror","Outmaneuver+1"],"special_seed":0,"relics":["Ring of the Snake","Whetstone","Orichalcum","Ectoplasm","Necronomicon","MutagenicStrength","Ornamental Fan","Omamori","Eternal Feather","Thread and Needle","Mummified Hand","Turnip"],"potions_floor_usage":[55,55,55],"damage_taken":[{"damage":0.0,"enemies":"Cultist","floor":1.0,"turns":4.0},{"damage":3.0,"enemies":"Small Slimes","floor":2.0,"turns":4.0},{"damage":36.0,"enemies":"Lagavulin","floor":6.0,"turns":11.0},{"damage":0.0,"enemies":"2 Louse","floor":7.0,"turns":2.0},{"damage":8.0,"enemies":"Gremlin Gang","floor":10.0,"turns":4.0},{"damage":1.0,"enemies":"Blue Slaver","floor":12.0,"turns":4.0},{"damage":0.0,"enemies":"Exordium Wildlife","floor":14.0,"turns":1.0},{"damage":35.0,"enemies":"The Guardian","floor":16.0,"turns":13.0},{"damage":11.0,"enemies":"2 Thieves","floor":18.0,"turns":4.0},{"damage":6.0,"enemies":"Spheric Guardian","floor":20.0,"turns":5.0},{"damage":13.0,"enemies":"Shelled Parasite and Fungi","floor":21.0,"turns":6.0},{"damage":19.0,"enemies":"3 Cultists","floor":22.0,"turns":6.0},{"damage":11.0,"enemies":"Centurion and Healer","floor":24.0,"turns":6.0},{"damage":1.0,"enemies":"Shelled Parasite and Fungi","floor":31.0,"turns":3.0},{"damage":21.0,"enemies":"Automaton","floor":33.0,"turns":5.0},{"damage":1.0,"enemies":"3 Shapes","floor":35.0,"turns":11.0},{"damage":0.0,"enemies":"Orb Walker","floor":36.0,"turns":3.0},{"damage":1.0,"enemies":"Sphere and 2 Shapes","floor":41.0,"turns":4.0},{"damage":0.0,"enemies":"Reptomancer","floor":42.0,"turns":4.0},{"damage":0.0,"enemies":"Writhing Mass","floor":44.0,"turns":3.0},{"damage":0.0,"enemies":"Spire Growth","floor":45.0,"turns":3.0},{"damage":1.0,"enemies":"Sphere and 2 Shapes","floor":46.0,"turns":6.0},{"damage":0.0,"enemies":"Writhing Mass","floor":48.0,"turns":4.0},{"damage":52.0,"enemies":"Awakened One","floor":50.0,"turns":14.0},{"damage":4,"enemies":"Shield and Spear","floor":54,"turns":5},{"damage":58,"enemies":"The Heart","floor":55,"turns":11}],"seed_played":"3868955127995911619","potions_obtained":[{"floor":5.0,"key":"FearPotion"},{"floor":5.0,"key":"Ancient Potion"},{"floor":5.0,"key":"SteroidPotion"},{"floor":12.0,"key":"Energy Potion"},{"floor":20.0,"key":"Regen Potion"},{"floor":24.0,"key":"Energy Potion"},{"floor":36.0,"key":"SkillPotion"},{"floor":41.0,"key":"SkillPotion"},{"floor":44.0,"key":"GamblersBrew"},{"floor":48.0,"key":"SpeedPotion"}],"is_trial":false,"path_per_floor":["M","M","?","$","?","E","M","?","T","M","$","M","R","M","R","B",null,"M","?","M","M","M","R","M","?","T","$","?","?","R","M","R","B",null,"M","M","$","?","?","R","M","E","T","M","M","M","?","M","R","B",null,"R","$","E","B",null],"character_chosen":"THE_SILENT","items_purchased":["Panacea","Well Laid Plans","Backflip","Terror"],"campfire_rested":3,"item_purchase_floors":[4,11,11,53],"current_hp_per_floor":[70,67,67,67,67,31,31,31,31,23,23,22,22,22,43,8,70,59,43,37,24,5,26,15,15,15,15,15,15,15,14,35,23,70,69,69,69,69,69,70,69,69,69,69,69,68,68,68,70,18,70,70,70,66,8],"gold":9,"neow_bonus":"ONE_RANDOM_RARE_CARD","is_prod":false,"is_daily":false,"chose_seed":false,"campfire_upgraded":4,"win_rate":0,"timestamp":1554759200,"path_taken":["M","?","?","?","?","E","?","?","T","M","$","?","R","M","R","BOSS","M","?","M","M","M","R","M","?","T","?","?","?","R","M","R","BOSS","M","M","$","?","?","R","M","E","T","M","?","M","?","?","R","BOSS","R","$","E","BOSS"],"build_version":"2019-01-23","purchased_purges":0,"victory":true,"max_hp_per_floor":[70,70,70,70,70,70,70,70,70,70,70,70,70,70,70,70,70,70,70,70,70,70,70,70,70,70,70,70,70,70,70,70,70,70,70,70,70,70,70,70,70,70,70,70,70,70,70,70,70,70,70,70,70,70,70],"card_choices":[{"not_picked":["Underhanded Strike","Acrobatics"],"picked":"Blur","floor":1.0},{"not_picked":["Quick Slash","Calculated Gamble"],"picked":"Flying Knee","floor":2.0},{"not_picked":["Bane","Flying Knee"],"picked":"Blur","floor":6.0},{"not_picked":["Poisoned Stab","Finisher"],"picked":"Quick Slash","floor":7.0},{"not_picked":["Acrobatics","Quick Slash"],"picked":"Die Die Die","floor":10.0},{"not_picked":["Masterful Stab","Heel Hook"],"picked":"Prepared","floor":12.0},{"not_picked":["Masterful Stab","Prepared","Endless Agony"],"picked":"SKIP","floor":14.0},{"not_picked":["Die Die Die","Venomology"],"picked":"Doppelganger","floor":16.0},{"not_picked":["Expertise","Deflect"],"picked":"Deadly Poison+1","floor":18.0},{"not_picked":["Slice","Blade Dance","PiercingWail"],"picked":"SKIP","floor":20.0},{"not_picked":["PiercingWail","Bane","Deadly Poison+1"],"picked":"SKIP","floor":21.0},{"not_picked":["Acrobatics","Unload"],"picked":"Outmaneuver+1","floor":22.0},{"not_picked":["Bane","Poisoned Stab"],"picked":"Dagger Spray","floor":24.0},{"not_picked":["Bane","Quick Slash+1","Underhanded Strike+1"],"picked":"SKIP","floor":31.0},{"not_picked":["Grand Finale","A Thousand Cuts"],"picked":"Phantasmal Killer","floor":33.0},{"not_picked":["Poisoned Stab","Acrobatics"],"picked":"Skewer","floor":35.0},{"not_picked":["Dodge and Roll","Cloak And Dagger+1","Blur"],"picked":"SKIP","floor":36.0},{"not_picked":["Dramatic Entrance","Thinking Ahead"],"picked":"Dark Shackles","floor":38.0},{"not_picked":["Cloak And Dagger","PiercingWail","Outmaneuver+1"],"picked":"SKIP","floor":41.0},{"not_picked":["Quick Slash","Dodge and Roll+1"],"picked":"Prepared+1","floor":42.0},{"not_picked":["Endless Agony+1","Slice+1"],"picked":"Caltrops+1","floor":44.0},{"not_picked":["Sucker Punch+1","Backflip"],"picked":"Skewer+1","floor":45.0},{"not_picked":["Slice","PiercingWail"],"picked":"Dash+1","floor":46.0},{"not_picked":["Bullet Time","Deflect"],"picked":"Dodge and Roll+1","floor":48.0},{"not_picked":["Dagger Throw+1","Eviscerate+1"],"picked":"Outmaneuver+1","floor":54}],"player_experience":788585,"relics_obtained":[{"floor":6.0,"key":"Whetstone"},{"floor":9.0,"key":"Orichalcum"},{"floor":19.0,"key":"Necronomicon"},{"floor":26.0,"key":"Ornamental Fan"},{"floor":42.0,"key":"Thread and Needle"},{"floor":54,"key":"Turnip"}],"event_choices":[{"damage_healed":0.0,"max_hp_gain":0.0,"max_hp_loss":0.0,"gold_gain":0.0,"event_name":"NoteForYourself","player_choice":"Ignored","floor":3.0,"gold_loss":0.0,"damage_taken":0.0},{"damage_healed":0.0,"max_hp_gain":0.0,"max_hp_loss":0.0,"gold_gain":0.0,"event_name":"Lab","player_choice":"Got Potions","floor":5.0,"gold_loss":0.0,"damage_taken":0.0},{"damage_healed":0.0,"max_hp_gain":0.0,"max_hp_loss":0.0,"gold_gain":0.0,"cards_transformed":["Strike_G"],"event_name":"Transmorgrifier","player_choice":"Transformed","floor":8.0,"gold_loss":0.0,"damage_taken":0.0,"cards_obtained":["Skewer"]},{"damage_healed":0.0,"max_hp_gain":0.0,"max_hp_loss":0.0,"gold_gain":0.0,"event_name":"Cursed Tome","player_choice":"Obtained Book","floor":19.0,"gold_loss":0.0,"damage_taken":16.0},{"damage_healed":0.0,"max_hp_gain":0.0,"max_hp_loss":0.0,"gold_gain":0.0,"event_name":"Drug Dealer","player_choice":"Inject Mutagens","floor":25.0,"gold_loss":0.0,"damage_taken":0.0,"relics_obtained":["MutagenicStrength"]},{"cards_removed":["Defend_G"],"damage_healed":0.0,"max_hp_gain":0.0,"max_hp_loss":0.0,"gold_gain":0.0,"event_name":"Beggar","player_choice":"Gave Gold","floor":28.0,"gold_loss":75.0,"damage_taken":0.0},{"damage_healed":0.0,"max_hp_gain":0.0,"max_hp_loss":0.0,"gold_gain":0.0,"event_name":"The Mausoleum","player_choice":"Opened","floor":29.0,"gold_loss":0.0,"damage_taken":0.0,"relics_obtained":["Omamori"]},{"damage_healed":0.0,"max_hp_gain":0.0,"max_hp_loss":0.0,"gold_gain":0.0,"event_name":"SensoryStone","player_choice":"Memory 1","floor":38.0,"gold_loss":0.0,"damage_taken":0.0},{"damage_healed":0.0,"max_hp_gain":0.0,"max_hp_loss":0.0,"gold_gain":0.0,"event_name":"Upgrade Shrine","player_choice":"Upgraded","floor":39.0,"gold_loss":0.0,"damage_taken":0.0,"cards_upgraded":["Skewer"]},{"damage_healed":0.0,"max_hp_gain":0.0,"max_hp_loss":0.0,"gold_gain":0.0,"event_name":"WeMeetAgain","player_choice":"Gave Potion","floor":47.0,"gold_loss":0.0,"damage_taken":0.0,"relics_obtained":["Mummified Hand"]}],"is_beta":false,"boss_relics":[{"not_picked":["Fusion Hammer","Tiny House"],"picked":"Ectoplasm"},{"not_picked":["Black Star","Runic Dome"],"picked":"Eternal Feather"}],"items_purged_floors":[],"is_endless":false,"potions_floor_spawned":[10,12,20,24,36,41,44,48],"ascension_level":0}