{"gold_per_floor":[112,112,132,155,179,179,254,254,305,329,342,361,361,376,376,501,501,519,538,561,561,573,573,605,622,700,700,714,694,694,708,708,708],"floor_reached":33,"playtime":5029,"items_purged":[],"score":265,"play_id":"4c3774ed-ed08-4c55-8986-5ba3dc70798c","local_time":"20180630173315","is_ascension_mode":false,"campfire_choices":[{"data":"Terror","floor":6,"key":"SMITH"},{"floor":15,"key":"REST"},{"floor":23,"key":"REST"},{"floor":27,"key":"REST"},{"floor":30,"key":"REST"},{"floor":32,"key":"REST"}],"neow_cost":"","seed_source_timestamp":422039832585108,"circlet_count":0,"master_deck":["Defend_G","Defend_G","Defend_G","Defend_G+1","Defend_G","Strike_G","Strike_G","Strike_G","Strike_G","Strike_G","Survivor","Neutralize","Predator+1","Injury","Slice","Terror+1","Dagger Throw","Deadly Poison","Venomology","Skewer","Underhanded Strike","Tools of the Trade","Riddle With Holes","Backflip","Deflect+1","Adrenaline","Masterful Stab+1","Outmaneuver+1","Calculated Gamble"],"special_seed":17712,"relics":["Ring of the Snake","Bloody Idol","Strawberry","Fusion Hammer","Juzu Bracelet","Paper Crane"],"potions_floor_usage":[16,16,16,16,19,19,20,22,24,24,24,28,29,31,33,33],"damage_taken":[{"damage":3,"enemies":"Jaw Worm","floor":1,"turns":3},{"damage":0,"enemies":"Small Slimes","floor":3,"turns":3},{"damage":1,"enemies":"Cultist","floor":4,"turns":3},{"damage":11,"enemies":"Blue Slaver","floor":5,"turns":5},{"damage":15,"enemies":"Exordium Wildlife","floor":10,"turns":5},{"damage":11,"enemies":"Exordium Thugs","floor":11,"turns":4},{"damage":0,"enemies":"Looter","floor":12,"turns":2},{"damage":4,"enemies":"Exordium Wildlife","floor":14,"turns":2},{"damage":8,"enemies":"Hexaghost","floor":16,"turns":8},{"damage":8,"enemies":"Chosen","floor":18,"turns":4},{"damage":14,"enemies":"Spheric Guardian","floor":19,"turns":4},{"damage":5,"enemies":"Centurion and Healer","floor":20,"turns":4},{"damage":15,"enemies":"Snecko","floor":22,"turns":7},{"damage":41,"enemies":"Slavers","floor":24,"turns":8},{"damage":10,"enemies":"Snake Plant","floor":25,"turns":4},{"damage":12,"enemies":"Centurion and Healer","floor":28,"turns":3},{"damage":26,"enemies":"Sentry and Sphere","floor":31,"turns":6},{"damage":81,"enemies":"Automaton","floor":33,"turns":10}],"seed_played":"-413596628865864569","potions_obtained":[{"floor":1,"key":"Dexterity Potion"},{"floor":3,"key":"Fire Potion"},{"floor":10,"key":"Strength Potion"},{"floor":18,"key":"Energy Potion"},{"floor":19,"key":"FearPotion"},{"floor":24,"key":"GamblersBrew"},{"floor":29,"key":"Fruit Juice"}],"is_trial":false,"path_per_floor":["M","?","M","M","M","R","?","?","T","M","M","M","?","M","R","B",null,"M","M","M","?","M","R","E","M","T","R","M","?","R","M","R"],"character_chosen":"THE_SILENT","items_purchased":[],"campfire_rested":5,"item_purchase_floors":[],"current_hp_per_floor":[67,67,67,66,55,55,44,30,37,22,11,11,11,7,30,22,77,69,55,50,50,40,63,27,22,27,50,48,53,77,56,80,0],"gold":708,"neow_bonus":"","is_prod":false,"is_daily":false,"chose_seed":false,"campfire_upgraded":1,"win_rate":0.0,"timestamp":1530394395,"path_taken":["M","?","M","M","M","R","?","?","T","M","M","M","?","?","R","BOSS","M","M","?","?","M","R","E","M","T","R","M","?","R","M","R","BOSS"],"build_version":"2018-06-28","purchased_purges":0,"victory":false,"max_hp_per_floor":[70,70,70,70,70,70,70,70,77,77,77,77,77,77,77,77,77,77,77,77,77,77,77,77,77,77,77,77,82,82,82,82,82],"card_choices":[{"not_picked":["Dagger Spray","Slice"],"picked":"Predator","floor":1},{"not_picked":["Masterful Stab","Acrobatics"],"picked":"Slice","floor":3},{"not_picked":["Poisoned Stab","Slice"],"picked":"Terror","floor":4},{"not_picked":["Deadly Poison","Bouncing Flask"],"picked":"Dagger Throw","floor":5},{"not_picked":["PiercingWail","Prepared"],"picked":"Deadly Poison","floor":10},{"not_picked":["Slice","Deadly Poison"],"picked":"Venomology","floor":11},{"not_picked":["Escape Plan","Prepared"],"picked":"Skewer","floor":12},{"not_picked":["Dodge and Roll","Quick Slash"],"picked":"Underhanded Strike","floor":14},{"not_picked":["Night Terror","Bullet Time"],"picked":"Tools of the Trade","floor":16},{"not_picked":["Slice","Poisoned Stab"],"picked":"Riddle With Holes","floor":18},{"not_picked":["Slice","Bouncing Flask"],"picked":"Backflip","floor":19},{"not_picked":["Backflip","Slice"],"picked":"Deflect+1","floor":20},{"not_picked":["Poisoned Stab","Dagger Spray"],"picked":"Adrenaline","floor":22},{"not_picked":["Dash","Flying Knee"],"picked":"Masterful Stab+1","floor":24},{"not_picked":["Poisoned Stab","Predator"],"picked":"Outmaneuver+1","floor":25},{"not_picked":["Dodge and Roll","Masterful Stab"],"picked":"Calculated Gamble","floor":28},{"not_picked":["Expertise","Quick Slash","Sucker Punch"],"picked":"SKIP","floor":31}],"player_experience":24674,"relics_obtained":[{"floor":9,"key":"Strawberry"},{"floor":24,"key":"Juzu Bracelet"},{"floor":26,"key":"Paper Crane"}],"event_choices":[{"event_name":"Golden Idol","player_choice":"Take Wound","floor":2,"damage_taken":0},{"event_name":"World of Goop","player_choice":"Gather Gold","floor":7,"damage_taken":0},{"event_name":"Shining Light","player_choice":"Entered Light","floor":8,"damage_taken":0},{"event_name":"Scrap Ooze","player_choice":"unsuccessful","floor":13,"damage_taken":0},{"event_name":"Forgotten Altar","player_choice":"Gave Idol","floor":21,"damage_taken":0},{"event_name":"The Woman in Blue","player_choice":"Bought 1 Potion","floor":29,"damage_taken":0}],"boss_relics":[{"not_picked":["Lizard Tail","Busted Crown"],"picked":"Fusion Hammer"}],"items_purged_floors":[],"is_endless":false,"potions_floor_spawned":[1,3,10,14,18,19,24],"killed_by":"Automaton","ascension_level":0}