{"gold_per_floor":[119,24,24,174,174,174,205,221,246,317,340,122,122,22,22,104,104,130,45,45,45,45,75,75,100,125,125,149,187,14,14,14,94,94,105,105,79,92,109,146,146,188,234,234,268,297,172,201,201,201],"floor_reached":51,"playtime":5221,"items_purged":["Doubt","Strike_G","Strike_G+1"],"score":1706,"play_id":"38dc89e9-6787-44c8-826f-ca596b9a0cd9","local_time":"20191013235031","is_ascension_mode":true,"campfire_choices":[{"data":"Noxious Fumes","floor":6.0,"key":"SMITH"},{"data":"Neutralize","floor":13.0,"key":"SMITH"},{"data":"Dodge and Roll","floor":15.0,"key":"SMITH"},{"floor":24.0,"key":"REST"},{"floor":27.0,"key":"REST"},{"data":"Bouncing Flask","floor":32.0,"key":"SMITH"},{"data":"Wraith Form v2","floor":41.0,"key":"SMITH"},{"data":"Crippling Poison","floor":44.0,"key":"SMITH"},{"data":"Well Laid Plans","floor":49,"key":"SMITH"}],"neow_cost":"TEN_PERCENT_HP_LOSS","seed_source_timestamp":368847443614300,"circlet_count":0,"master_deck":["AscendersBane","Strike_G+1","Strike_G+1","Strike_G+1","Defend_G+1","Defend_G+1","Defend_G+1","Defend_G+1","Defend_G+1","Survivor","Neutralize+1","Noxious Fumes+1","Dodge and Roll+1","Die Die Die","Quick Slash","Malaise","Bouncing Flask+1","PiercingWail","Leg Sweep","Noxious Fumes","Wraith Form v2+1","Well Laid Plans+1","Escape Plan","Crippling Poison+1","Dodge and Roll","Backflip"],"special_seed":0,"relics":["Ring of the Snake","Thread and Needle","War Paint","CeramicFish","Tiny Chest","Orichalcum","Sozu","Girya","Enchiridion","Eternal Feather","Vajra","Snake Skull","Oddly Smooth Stone","Omamori","Cursed Key","Happy Flower","Art of War","Akabeko","Potion Belt"],"potions_floor_usage":[],"damage_taken":[{"damage":0.0,"enemies":"2 Louse","floor":1.0,"turns":3.0},{"damage":11.0,"enemies":"3 Sentries","floor":7.0,"turns":8.0},{"damage":0.0,"enemies":"Small Slimes","floor":8.0,"turns":4.0},{"damage":21.0,"enemies":"Lagavulin","floor":10.0,"turns":9.0},{"damage":3.0,"enemies":"Jaw Worm","floor":11.0,"turns":5.0},{"damage":14.0,"enemies":"Hexaghost","floor":16.0,"turns":13.0},{"damage":3.0,"enemies":"Chosen","floor":18.0,"turns":7.0},{"damage":4.0,"enemies":"Gremlin Leader","floor":23.0,"turns":8.0},{"damage":4.0,"enemies":"3 Byrds","floor":28.0,"turns":4.0},{"damage":24.0,"enemies":"Slavers","floor":29.0,"turns":5.0},{"damage":9.0,"enemies":"Champ","floor":33.0,"turns":13.0},{"damage":0.0,"enemies":"3 Shapes","floor":35.0,"turns":6.0},{"damage":2.0,"enemies":"Orb Walker","floor":38.0,"turns":5.0},{"damage":11.0,"enemies":"Jaw Worm Horde","floor":39.0,"turns":5.0},{"damage":1.0,"enemies":"Giant Head","floor":40.0,"turns":9.0},{"damage":0.0,"enemies":"Nemesis","floor":42.0,"turns":9.0},{"damage":0,"enemies":"Reptomancer","floor":45,"turns":7},{"damage":0,"enemies":"Transient","floor":46,"turns":5},{"damage":12,"enemies":"Spire Growth","floor":48,"turns":6},{"damage":19,"enemies":"Awakened One","floor":50,"turns":17}],"seed_played":"-6109857083975313545","potions_obtained":[{"floor":1.0,"key":"PowerPotion"},{"floor":7.0,"key":"Weak Potion"},{"floor":10.0,"key":"SpeedPotion"}],"is_trial":false,"path_per_floor":["M","$","?","?","?","R","E","M","T","E","M","$","R","$","R","B",null,"M","?","$","?","?","E","R","T","T","R","M","E","$","?","R","B",null,"M","?","$","M","M","E","R","E","T","R","E","M","$","M","R","B",null],"character_chosen":"THE_SILENT","items_purchased":["Noxious Fumes","Dodge and Roll","Orichalcum","Noxious Fumes","Omamori","Well Laid Plans"],"campfire_rested":2,"item_purchase_floors":[2,2,12,30,30,37],"current_hp_per_floor":[59,59,59,59,52,52,41,41,41,20,17,17,17,17,17,3,46,43,43,43,27,6,2,30,30,30,58,54,30,30,30,42,33,57,57,57,57,55,44,43,55,55,55,65,65,65,65,53,65,46],"gold":201,"neow_bonus":"THREE_RARE_CARDS","is_prod":false,"is_daily":false,"chose_seed":false,"campfire_upgraded":7,"win_rate":0,"timestamp":1571003431,"path_taken":["M","$","?","?","?","R","E","?","T","E","M","?","R","$","R","BOSS","M","?","$","?","?","E","R","?","T","R","?","E","?","?","R","BOSS","M","?","?","M","M","E","R","E","T","R","E","M","$","M","R","BOSS"],"build_version":"2019-10-11","purchased_purges":3,"victory":true,"max_hp_per_floor":[60,60,60,60,60,60,60,60,60,60,60,60,60,60,60,60,60,60,60,60,65,65,65,65,65,65,65,65,65,65,65,65,65,65,65,65,65,65,65,65,65,65,65,65,65,65,65,65,65,65],"card_choices":[{"not_picked":["Accuracy","Acrobatics","Reflex"],"picked":"SKIP","floor":1.0},{"not_picked":["Blade Dance","Reflex","Outmaneuver"],"picked":"SKIP","floor":7.0},{"not_picked":["Acrobatics","Sucker Punch","Slice"],"picked":"SKIP","floor":8.0},{"not_picked":["Dodge and Roll","Cloak And Dagger"],"picked":"Die Die Die","floor":10.0},{"not_picked":["Blade Dance","Sucker Punch"],"picked":"Quick Slash","floor":11.0},{"not_picked":["Tools of the Trade","A Thousand Cuts"],"picked":"Malaise","floor":16.0},{"not_picked":["Slice","Masterful Stab"],"picked":"Bouncing Flask","floor":18.0},{"not_picked":["Choke","Slice","Tactician"],"picked":"SKIP","floor":23.0},{"not_picked":["Choke","Slice","Tactician"],"picked":"SKIP","floor":23.0},{"not_picked":["Poisoned Stab","Deflect"],"picked":"PiercingWail","floor":28.0},{"not_picked":["Predator","A Thousand Cuts"],"picked":"Leg Sweep","floor":29.0},{"not_picked":["Die Die Die","Doppelganger"],"picked":"Wraith Form v2","floor":33.0},{"not_picked":["All Out Attack","Prepared","Slice"],"picked":"SKIP","floor":35.0},{"not_picked":["Blade Dance","Accuracy","Riddle With Holes"],"picked":"SKIP","floor":38.0},{"not_picked":["Dagger Throw","Distraction","Skewer"],"picked":"SKIP","floor":39.0},{"not_picked":["Deadly Poison","Flechettes"],"picked":"Escape Plan","floor":40.0},{"not_picked":["Burst","After Image"],"picked":"Crippling Poison","floor":42.0},{"not_picked":["Blur","Heel Hook+1","Prepared"],"picked":"SKIP","floor":45},{"not_picked":["Quick Slash+1","Setup"],"picked":"Dodge and Roll","floor":46},{"not_picked":["Dagger Spray","Terror+1"],"picked":"Backflip","floor":48}],"player_experience":1023043,"relics_obtained":[{"floor":7.0,"key":"War Paint"},{"floor":9.0,"key":"CeramicFish"},{"floor":10.0,"key":"Tiny Chest"},{"floor":22.0,"key":"Enchiridion"},{"floor":23.0,"key":"Eternal Feather"},{"floor":25.0,"key":"Vajra"},{"floor":26.0,"key":"Snake Skull"},{"floor":29.0,"key":"Oddly Smooth Stone"},{"floor":40.0,"key":"Happy Flower"},{"floor":42.0,"key":"Art of War"},{"floor":43.0,"key":"Akabeko"},{"floor":45,"key":"Potion Belt"}],"event_choices":[{"damage_healed":0.0,"max_hp_gain":0.0,"max_hp_loss":0.0,"gold_gain":0.0,"event_name":"Big Fish","player_choice":"Box","floor":3.0,"gold_loss":0.0,"damage_taken":0.0,"relics_obtained":["Thread and Needle"],"cards_obtained":["Regret"]},{"damage_healed":0.0,"max_hp_gain":0.0,"max_hp_loss":0.0,"gold_gain":150.0,"event_name":"Liars Game","player_choice":"AGREE","floor":4.0,"gold_loss":0.0,"damage_taken":0.0,"cards_obtained":["Doubt"]},{"cards_removed":["Regret"],"damage_healed":0.0,"max_hp_gain":0.0,"max_hp_loss":0.0,"gold_gain":0.0,"event_name":"Golden Wing","player_choice":"Card Removal","floor":5.0,"gold_loss":0.0,"damage_taken":7.0},{"damage_healed":0.0,"max_hp_gain":0.0,"max_hp_loss":0.0,"gold_gain":0.0,"event_name":"Addict","player_choice":"Obtained Relic","floor":19.0,"gold_loss":85.0,"damage_taken":0.0,"relics_obtained":["Girya"]},{"damage_healed":0.0,"max_hp_gain":5.0,"max_hp_loss":0.0,"gold_gain":0.0,"event_name":"Forgotten Altar","player_choice":"Shed Blood","floor":21.0,"gold_loss":0.0,"damage_taken":21.0},{"damage_healed":0.0,"max_hp_gain":0.0,"max_hp_loss":0.0,"gold_gain":0.0,"event_name":"Cursed Tome","player_choice":"Obtained Book","floor":22.0,"gold_loss":0.0,"damage_taken":21.0},{"damage_healed":0.0,"max_hp_gain":0.0,"max_hp_loss":0.0,"gold_gain":0.0,"event_name":"Back to Basics","player_choice":"Simplicity","floor":31.0,"gold_loss":0.0,"damage_taken":0.0,"cards_upgraded":["Strike_G","Strike_G","Strike_G","Strike_G","Defend_G","Defend_G","Defend_G"]},{"damage_healed":0.0,"max_hp_gain":0.0,"max_hp_loss":0.0,"gold_gain":0.0,"event_name":"Lab","player_choice":"Got Potions","floor":36.0,"gold_loss":0.0,"damage_taken":0.0}],"is_beta":true,"boss_relics":[{"not_picked":["SacredBark","Black Star"],"picked":"Sozu"},{"not_picked":["Ring of the Serpent","Runic Dome"],"picked":"Cursed Key"}],"items_purged_floors":[12,14,47],"is_endless":false,"potions_floor_spawned":[1,7,10,16,28,33,38,39,42,46],"ascension_level":15}