{"gold_per_floor":[111,36,36,56,56,56,89,89,113,113,129,143,163,196,196,271,271,271],"floor_reached":18,"playtime":732,"items_purged":["Regret"],"score":340,"play_id":"d5d246cb-fd8d-4d53-9fdd-fec4bce5d99b","local_time":"20190601212411","is_ascension_mode":true,"campfire_choices":[{"floor":6.0,"key":"REST"},{"floor":8.0,"key":"REST"},{"floor":10.0,"key":"REST"},{"data":"Uppercut","floor":15.0,"key":"SMITH"}],"neow_cost":"CURSE","seed_source_timestamp":0,"circlet_count":0,"master_deck":["AscendersBane","Strike_R","Strike_R","Strike_R","Strike_R","Strike_R","Defend_R","Defend_R","Defend_R","Defend_R","Bash","Uppercut+1","Spot Weakness","Limit Break","Battle Trance","True Grit","Anger","Immolate"],"special_seed":0,"relics":["Burning Blood","WingedGreaves","The Courier","Bird Faced Urn","PreservedInsect","Pantograph","Black Star"],"potions_floor_usage":[],"damage_taken":[{"damage":25.0,"enemies":"Jaw Worm","floor":1.0,"turns":6.0},{"damage":5.0,"enemies":"Small Slimes","floor":4.0,"turns":5.0},{"damage":50.0,"enemies":"Lagavulin","floor":7.0,"turns":7.0},{"damage":0.0,"enemies":"Cultist","floor":11.0,"turns":3.0},{"damage":9.0,"enemies":"Looter","floor":12.0,"turns":3.0},{"damage":20.0,"enemies":"2 Fungi Beasts","floor":13.0,"turns":5.0},{"damage":33.0,"enemies":"Gremlin Nob","floor":14.0,"turns":4.0},{"damage":39.0,"enemies":"Hexaghost","floor":16.0,"turns":9.0},{"damage":61,"enemies":"3 Byrds","floor":18,"turns":5}],"seed_played":"-9006800899513805171","potions_obtained":[{"floor":7.0,"key":"SpeedPotion"},{"floor":13.0,"key":"Energy Potion"}],"is_trial":false,"path_per_floor":["M","$","?","M","?","R","E","R","T","R","M","M","M","E","R","B",null,"M"],"character_chosen":"IRONCLAD","items_purchased":[],"campfire_rested":3,"item_purchase_floors":[],"current_hp_per_floor":[49,49,31,32,32,54,10,32,32,54,60,57,43,16,16,8,58,0],"gold":271,"neow_bonus":"ONE_RARE_RELIC","is_prod":false,"is_daily":false,"chose_seed":false,"campfire_upgraded":1,"win_rate":0,"timestamp":1559417051,"path_taken":["M","$","?","M","?","R","E","R","T","R","M","M","?","E","R","BOSS","M"],"build_version":"2019-01-23","purchased_purges":1,"victory":false,"max_hp_per_floor":[75,75,75,75,75,75,75,75,75,75,75,75,75,75,75,75,75,75],"card_choices":[{"not_picked":["Iron Wave","Sword Boomerang"],"picked":"Uppercut","floor":1.0},{"not_picked":["Seeing Red","Wild Strike"],"picked":"Spot Weakness","floor":4.0},{"not_picked":["Brutality","Fiend Fire"],"picked":"Battle Trance","floor":7.0},{"not_picked":["Perfected Strike","Feel No Pain"],"picked":"True Grit","floor":11.0},{"not_picked":["Anger","Clash","True Grit"],"picked":"SKIP","floor":12.0},{"not_picked":["Clash","Fire Breathing","Sword Boomerang"],"picked":"SKIP","floor":13.0},{"not_picked":["Iron Wave","Offering"],"picked":"Anger","floor":14.0},{"not_picked":["Demon Form","Juggernaut"],"picked":"Immolate","floor":16.0}],"player_experience":413057,"relics_obtained":[{"floor":7.0,"key":"Bird Faced Urn"},{"floor":9.0,"key":"PreservedInsect"},{"floor":14.0,"key":"Pantograph"}],"event_choices":[{"damage_healed":0.0,"max_hp_gain":0.0,"max_hp_loss":0.0,"gold_gain":0.0,"event_name":"Scrap Ooze","player_choice":"Success","floor":3.0,"gold_loss":0.0,"damage_taken":18.0,"relics_obtained":["The Courier"]},{"damage_healed":0.0,"max_hp_gain":0.0,"max_hp_loss":0.0,"gold_gain":0.0,"event_name":"Match and Keep!","player_choice":"1 cards matched","floor":5.0,"gold_loss":0.0,"damage_taken":0.0,"cards_obtained":["Limit Break"]}],"is_beta":false,"boss_relics":[{"not_picked":["Orrery","Empty Cage"],"picked":"Black Star"}],"items_purged_floors":[2],"is_endless":false,"potions_floor_spawned":[7,13],"killed_by":"3 Byrds","ascension_level":20}