{"gold_per_floor":[20,33,45,45,45,57,57,89,89,108,108,108,108,108,108,213,213,225,238,238,187,187,222,322,353,377,377,133,58,58,75,75,75],"floor_reached":33,"playtime":3466,"items_purged":[],"score":331,"play_id":"2597681d-c840-4328-8253-cc5d17f78f01","local_time":"20180629201637","is_ascension_mode":false,"campfire_choices":[{"data":"Bash","floor":7,"key":"SMITH"},{"data":"Shockwave","floor":15,"key":"SMITH"},{"floor":32,"key":"REST"}],"neow_cost":"","seed_source_timestamp":0,"circlet_count":0,"master_deck":["Strike_R","Strike_R","Strike_R","Strike_R","Strike_R","Bash+1","Clash","Clash","Twin Strike","Pommel Strike","Feed","Sword Boomerang","Shockwave+1","Offering","Cleave","Infernal Blade","Heavy Blade","Battle Trance","Perfected Strike","Second Wind+1","Flex","Heavy Blade+1","Twin Strike"],"special_seed":0,"relics":["Burning Blood","Mango","Vajra","Juzu Bracelet","Orrery","Gremlin Horn","Pantograph","Anchor","Happy Flower","Ornamental Fan","Pen Nib"],"potions_floor_usage":[25,33,33,33],"damage_taken":[{"damage":3,"enemies":"Jaw Worm","floor":1,"turns":6},{"damage":5,"enemies":"Small Slimes","floor":2,"turns":4},{"damage":0,"enemies":"2 Louse","floor":3,"turns":2},{"damage":5,"enemies":"2 Fungi Beasts","floor":6,"turns":3},{"damage":35,"enemies":"3 Sentries","floor":8,"turns":7},{"damage":9,"enemies":"Blue Slaver","floor":10,"turns":3},{"damage":13,"enemies":"Slime Boss","floor":16,"turns":8},{"damage":4,"enemies":"Chosen","floor":18,"turns":2},{"damage":25,"enemies":"2 Thieves","floor":19,"turns":3},{"damage":30,"enemies":"Slavers","floor":23,"turns":4},{"damage":20,"enemies":"Book of Stabbing","floor":25,"turns":3},{"damage":0,"enemies":"Centurion and Healer","floor":31,"turns":3},{"damage":112,"enemies":"Automaton","floor":33,"turns":6}],"seed_played":"1343307510902418886","potions_obtained":[{"floor":3,"key":"SkillPotion"},{"floor":8,"key":"Strength Potion"},{"floor":10,"key":"Block Potion"},{"floor":18,"key":"Strength Potion"},{"floor":25,"key":"PowerPotion"}],"is_trial":false,"path_per_floor":["M","M","M","?","?","M","R","E","T","M","?","?","?","?","R","B",null,"M","M","?","$","?","E","?","E","T","?","$","?","T","M","R"],"character_chosen":"IRONCLAD","items_purchased":["Flex","Ornamental Fan"],"campfire_rested":1,"item_purchase_floors":[21,28],"current_hp_per_floor":[94,94,94,94,87,88,88,59,59,56,61,61,61,99,99,92,99,102,86,86,86,86,65,65,51,51,51,51,51,51,60,93,0],"gold":75,"neow_bonus":"","is_prod":false,"is_daily":false,"chose_seed":false,"campfire_upgraded":2,"win_rate":0.0,"timestamp":1530317797,"path_taken":["M","M","M","?","?","M","R","E","T","M","?","?","?","?","R","BOSS","M","M","?","$","?","E","?","E","T","?","$","?","?","M","R","BOSS"],"build_version":"2018-06-28","purchased_purges":0,"victory":false,"max_hp_per_floor":[94,94,94,94,94,94,94,94,94,94,99,99,99,99,99,99,99,102,105,105,105,105,108,108,108,108,108,108,108,108,111,111,111],"card_choices":[{"not_picked":["Bloodletting","Shrug It Off"],"picked":"Clash","floor":1},{"not_picked":["Iron Wave","Rupture"],"picked":"Clash","floor":2},{"not_picked":["Hemokinesis","Sword Boomerang"],"picked":"Twin Strike","floor":3},{"not_picked":["Anger","Whirlwind"],"picked":"Pommel Strike","floor":6},{"not_picked":["Sword Boomerang","Disarm"],"picked":"Feed","floor":8},{"not_picked":["Shrug It Off","Whirlwind"],"picked":"Sword Boomerang","floor":10},{"not_picked":["Dark Embrace","Limit Break"],"picked":"Offering","floor":16},{"not_picked":["Thunderclap","Anger"],"picked":"Cleave","floor":17},{"not_picked":["Clash","Body Slam"],"picked":"Infernal Blade","floor":17},{"not_picked":["Clash","True Grit"],"picked":"Heavy Blade","floor":17},{"not_picked":["Metallicize","Limit Break"],"picked":"Battle Trance","floor":17},{"not_picked":["Iron Wave+1","True Grit+1"],"picked":"Perfected Strike","floor":18},{"not_picked":["Clash","Thunderclap"],"picked":"Second Wind+1","floor":19},{"not_picked":["Disarm","Pummel"],"picked":"Heavy Blade+1","floor":23},{"not_picked":["Clothesline","True Grit","Thunderclap"],"picked":"SKIP","floor":25},{"not_picked":["Intimidate","Feel No Pain"],"picked":"Twin Strike","floor":31}],"player_experience":12534,"relics_obtained":[{"floor":8,"key":"Vajra"},{"floor":9,"key":"Juzu Bracelet"},{"floor":23,"key":"Pantograph"},{"floor":25,"key":"Anchor"},{"floor":26,"key":"Happy Flower"},{"floor":30,"key":"Pen Nib"}],"event_choices":[{"event_name":"Liars Game","player_choice":"disagreed","floor":4,"damage_taken":0},{"event_name":"Golden Wing","player_choice":"Card Removal","floor":5,"damage_taken":0},{"event_name":"Big Fish","player_choice":"Donut","floor":11,"damage_taken":0},{"event_name":"Transmorgrifier","player_choice":"Transform","floor":12,"damage_taken":0},{"event_name":"Golden Idol","player_choice":"Ignored","floor":13,"damage_taken":0},{"event_name":"Wheel of Change","player_choice":"Full Heal","floor":14,"damage_taken":0},{"event_name":"Purifier","player_choice":"One Purge","floor":20,"damage_taken":0},{"event_name":"The Mausoleum","player_choice":"Yes","floor":22,"damage_taken":0},{"event_name":"Golden Shrine","player_choice":"Pray","floor":24,"damage_taken":0},{"event_name":"Ghosts","player_choice":"Ignored","floor":27,"damage_taken":0},{"event_name":"Beggar","player_choice":"Gave Gold","floor":29,"damage_taken":0}],"boss_relics":[{"not_picked":["Cursed Key","White Beast Statue"],"picked":"Orrery"}],"items_purged_floors":[],"is_endless":false,"potions_floor_spawned":[3,8,10,16,18,25,31],"killed_by":"Automaton","ascension_level":0}