{"gold_per_floor":[14,25,25,25,37,66,81,92,92,102,132,54,82,97,97,196,196,211,211,229,18,28,57,57,72,72,72,100,127,144,176,176,275,275,294,314,314,314,332,362,362,389,440,450,450,463,518,532,532,532,532,532,31,59,59],"floor_reached":56,"playtime":3447,"items_purged":["Strike_R"],"score":1341,"play_id":"d75ae1e0-9954-4cc3-8e16-ed803bab7e32","local_time":"20190916212843","is_ascension_mode":false,"campfire_choices":[{"data":"Inflame","floor":15,"key":"SMITH"},{"data":"Offering","floor":24,"key":"SMITH"},{"data":"Shockwave","floor":32,"key":"SMITH"},{"floor":41,"key":"RECALL"},{"data":"Limit Break","floor":49,"key":"SMITH"},{"data":"Power Through","floor":52,"key":"SMITH"}],"neow_cost":"NO_GOLD","seed_source_timestamp":239277832305584,"circlet_count":0,"master_deck":["Strike_R","Strike_R","Strike_R","Defend_R+1","Defend_R","Defend_R","Defend_R+1","Thunderclap","Metallicize+1","Power Through","Cleave","Reaper","Thunderclap","Sword Boomerang","Inflame+1","Inflame","Anger+1","Offering+1","Rampage+1","Shockwave+1","Feed+1","Sword Boomerang+1","Reaper+1","Power Through+1","Shrug It Off+1","Limit Break+1","Rage","Madness","Madness","Headbutt+1","Shrug It Off+1","Clumsy","Impervious"],"relics":["Burning Blood","Oddly Smooth Stone","War Paint","Red Skull","Molten Egg 2","Cursed Key","Enchiridion","Letter Opener","Red Mask","Dream Catcher","Pear","Lizard Tail","Bag of Preparation","Ancient Tea Set","Art of War","Turnip","Mummified Hand","Kunai","Bottled Lightning"],"potions_floor_usage":[20,23,55,55],"damage_taken":[{"damage":0,"enemies":"Small Slimes","floor":1,"turns":3},{"damage":0,"enemies":"2 Louse","floor":2,"turns":2},{"damage":3,"enemies":"Jaw Worm","floor":5,"turns":4},{"damage":29,"enemies":"Lagavulin","floor":6,"turns":10},{"damage":3,"enemies":"2 Fungi Beasts","floor":7,"turns":4},{"damage":7,"enemies":"Large Slime","floor":8,"turns":8},{"damage":1,"enemies":"Looter","floor":10,"turns":3},{"damage":24,"enemies":"3 Sentries","floor":11,"turns":6},{"damage":14,"enemies":"Gremlin Nob","floor":13,"turns":4},{"damage":6,"enemies":"2 Fungi Beasts","floor":14,"turns":4},{"damage":0,"enemies":"Slime Boss","floor":16,"turns":7},{"damage":10,"enemies":"2 Thieves","floor":18,"turns":3},{"damage":0,"enemies":"3 Byrds","floor":20,"turns":3},{"damage":14,"enemies":"Snake Plant","floor":22,"turns":4},{"damage":16,"enemies":"Slavers","floor":23,"turns":3},{"damage":7,"enemies":"Cultist and Chosen","floor":25,"turns":3},{"damage":20,"enemies":"Masked Bandits","floor":28,"turns":3},{"damage":10,"enemies":"Book of Stabbing","floor":29,"turns":5},{"damage":6,"enemies":"Sentry and Sphere","floor":30,"turns":2},{"damage":13,"enemies":"Slavers","floor":31,"turns":5},{"damage":73,"enemies":"Automaton","floor":33,"turns":8},{"damage":8,"enemies":"3 Darklings","floor":35,"turns":4},{"damage":8,"enemies":"3 Shapes","floor":36,"turns":6},{"damage":17,"enemies":"Maw","floor":39,"turns":9},{"damage":48,"enemies":"Reptomancer","floor":40,"turns":6},{"damage":70,"enemies":"Nemesis","floor":42,"turns":9},{"damage":20,"enemies":"4 Shapes","floor":44,"turns":5},{"damage":31,"enemies":"Transient","floor":46,"turns":5},{"damage":25,"enemies":"2 Orb Walkers","floor":47,"turns":5},{"damage":23,"enemies":"Sphere and 2 Shapes","floor":48,"turns":4},{"damage":144,"enemies":"Awakened One","floor":50,"turns":12},{"damage":41,"enemies":"Shield and Spear","floor":54,"turns":6},{"damage":156,"enemies":"The Heart","floor":55,"turns":10}],"seed_played":"-7567121896369042592","potions_obtained":[{"floor":5,"key":"AttackPotion"},{"floor":6,"key":"BloodPotion"},{"floor":11,"key":"SteroidPotion"},{"floor":23,"key":"EssenceOfSteel"},{"floor":28,"key":"BloodPotion"},{"floor":31,"key":"PowerPotion"},{"floor":35,"key":"Energy Potion"},{"floor":42,"key":"LiquidBronze"}],"is_trial":false,"path_per_floor":["M","M","?","?","M","E","M","M","T","M","E","$","E","M","R","B",null,"M","?","M","$","M","E","R","M","T","?","?","E","M","E","R","B",null,"M","M","?","?","M","E","R","E","T","M","?","M","?","M","R","B",null,"R","$","E","B",null],"character_chosen":"IRONCLAD","items_purchased":["Inflame","Feed+1","Mummified Hand","Kunai"],"campfire_rested":0,"item_purchase_floors":[12,21,53,53],"current_hp_per_floor":[96,96,96,89,92,69,72,75,75,80,80,80,72,84,84,96,96,92,76,82,82,80,90,90,103,103,103,108,104,104,111,111,80,122,124,126,110,110,130,130,130,77,77,128,128,103,122,142,142,124,146,146,146,146,25],"gold":59,"neow_bonus":"TWENTY_PERCENT_HP_BONUS","is_prod":false,"is_daily":false,"chose_seed":false,"campfire_upgraded":5,"win_rate":0,"timestamp":1568683723,"path_taken":["M","M","?","?","M","E","M","M","T","M","E","$","E","M","R","BOSS","M","?","M","$","M","E","R","M","T","?","?","E","?","E","R","BOSS","M","M","?","?","M","E","R","E","T","M","?","M","?","M","R","BOSS","R","$","E","BOSS"],"build_version":"2019-07-17","purchased_purges":1,"victory":true,"max_hp_per_floor":[96,96,96,96,96,96,96,96,96,96,96,96,96,96,96,96,96,96,96,96,96,96,100,100,104,104,104,108,108,108,122,122,122,122,126,126,126,126,130,130,130,130,130,134,134,134,138,142,142,146,146,146,146,146,146],"card_choices":[{"not_picked":["Clothesline","True Grit"],"picked":"Thunderclap","floor":1},{"not_picked":["Seeing Red","Clash"],"picked":"Metallicize","floor":2},{"not_picked":["Thunderclap","Heavy Blade"],"picked":"Power Through","floor":5},{"not_picked":["Entrench","Pommel Strike"],"picked":"Cleave","floor":6},{"not_picked":["Wild Strike","Hemokinesis"],"picked":"Reaper","floor":7},{"not_picked":["Twin Strike","Burning Pact"],"picked":"Thunderclap","floor":8},{"not_picked":["Reckless Charge","Iron Wave"],"picked":"Sword Boomerang","floor":10},{"not_picked":["Seeing Red","Thunderclap"],"picked":"Inflame","floor":11},{"not_picked":["Uppercut","Thunderclap","Havoc"],"picked":"SKIP","floor":13},{"not_picked":["Havoc","Headbutt+1"],"picked":"Anger+1","floor":14},{"not_picked":["Juggernaut","Impervious"],"picked":"Offering","floor":16},{"not_picked":["Armaments","Body Slam+1"],"picked":"Rampage+1","floor":18},{"not_picked":["Body Slam+1","Heavy Blade+1"],"picked":"Shockwave","floor":20},{"not_picked":["Perfected Strike+1","True Grit"],"picked":"Sword Boomerang+1","floor":22},{"not_picked":["Armaments","Cleave+1"],"picked":"Reaper+1","floor":23},{"not_picked":["Havoc","Second Wind","Sever Soul+1"],"picked":"SKIP","floor":25},{"not_picked":["Perfected Strike+1","Heavy Blade+1"],"picked":"Power Through","floor":28},{"not_picked":["Pommel Strike+1","Flame Barrier"],"picked":"Shrug It Off+1","floor":29},{"not_picked":["Sever Soul+1","Rupture","Body Slam+1"],"picked":"SKIP","floor":30},{"not_picked":["Sentinel","Shockwave+1","Searing Blow+1"],"picked":"SKIP","floor":31},{"not_picked":["Barricade","Demon Form"],"picked":"Limit Break","floor":33},{"not_picked":["Thunderclap+1","Warcry"],"picked":"Rage","floor":35},{"not_picked":["Warcry+1","Heavy Blade+1","Entrench+1"],"picked":"SKIP","floor":36},{"not_picked":["Second Wind","Clash+1"],"picked":"Headbutt+1","floor":39},{"not_picked":["Sword Boomerang+1","Anger+1"],"picked":"Shrug It Off+1","floor":40},{"not_picked":["Entrench+1","Havoc+1","Infernal Blade"],"picked":"SKIP","floor":42},{"not_picked":["Limit Break","Twin Strike+1","Wild Strike+1"],"picked":"SKIP","floor":44},{"not_picked":["Infernal Blade+1","Sword Boomerang+1","Pommel Strike+1"],"picked":"SKIP","floor":46},{"not_picked":["Shrug It Off","Cleave+1","Thunderclap+1"],"picked":"SKIP","floor":48},{"not_picked":["Blood for Blood+1","Flex+1"],"picked":"Impervious","floor":54}],"player_experience":1280800,"relics_obtained":[{"floor":6,"key":"Oddly Smooth Stone"},{"floor":9,"key":"War Paint"},{"floor":11,"key":"Red Skull"},{"floor":13,"key":"Molten Egg 2"},{"floor":19,"key":"Enchiridion"},{"floor":23,"key":"Letter Opener"},{"floor":28,"key":"Red Mask"},{"floor":29,"key":"Dream Catcher"},{"floor":31,"key":"Pear"},{"floor":40,"key":"Bag of Preparation"},{"floor":42,"key":"Ancient Tea Set"},{"floor":43,"key":"Art of War"},{"floor":47,"key":"Turnip"},{"floor":54,"key":"Bottled Lightning"}],"event_choices":[{"damage_healed":0,"gold_gain":0,"player_choice":"Grow","damage_taken":0,"max_hp_gain":0,"max_hp_loss":0,"event_name":"Living Wall","floor":3,"gold_loss":0,"cards_upgraded":["Metallicize"]},{"cards_removed":["Strike_R"],"damage_healed":0,"gold_gain":0,"player_choice":"Card Removal","damage_taken":7,"max_hp_gain":0,"max_hp_loss":0,"event_name":"Golden Wing","floor":4,"gold_loss":0},{"damage_healed":0,"gold_gain":0,"player_choice":"Obtained Book","damage_taken":16,"max_hp_gain":0,"max_hp_loss":0,"event_name":"Cursed Tome","floor":19,"gold_loss":0},{"cards_removed":["Normality"],"damage_healed":0,"gold_gain":0,"player_choice":"Elegance","damage_taken":0,"max_hp_gain":0,"max_hp_loss":0,"event_name":"Back to Basics","floor":27,"gold_loss":0},{"damage_healed":0,"gold_gain":0,"player_choice":"Fought Bandits","damage_taken":0,"max_hp_gain":0,"max_hp_loss":0,"event_name":"Masked Bandits","floor":28,"gold_loss":0},{"damage_healed":0,"gold_gain":0,"player_choice":"Embrace Madness","damage_taken":16,"max_hp_gain":0,"max_hp_loss":0,"event_name":"Winding Halls","floor":37,"gold_loss":0,"cards_obtained":["Madness","Madness"]},{"damage_healed":0,"gold_gain":0,"player_choice":"Memory 1","damage_taken":0,"max_hp_gain":0,"max_hp_loss":0,"event_name":"SensoryStone","floor":38,"gold_loss":0},{"cards_removed":["Bash"],"damage_healed":0,"gold_gain":0,"player_choice":"Removed Attack","damage_taken":0,"max_hp_gain":0,"max_hp_loss":0,"event_name":"Falling","floor":45,"gold_loss":0},{"damage_healed":0,"gold_gain":0,"player_choice":"Fight","damage_taken":0,"max_hp_gain":0,"max_hp_loss":0,"event_name":"Mysterious Sphere","floor":47,"gold_loss":0}],"is_beta":false,"boss_relics":[{"not_picked":["Black Blood","Calling Bell"],"picked":"Cursed Key"},{"not_picked":["Snecko Eye","Tiny House"],"picked":"Lizard Tail"}],"items_purged_floors":[21],"is_endless":false,"potions_floor_spawned":[5,6,11,13,23,28,29,31,35,40,42,47],"ascension_level":0}