{"gold_per_floor":[115,130,62,78,78,105,117,143,178,221,333,345,372,399,411,528,540,563,575,605,627,639],"floor_reached":22,"playtime":1282,"items_purged":[],"score":273,"play_id":"36f0a95f-e32a-447a-ab35-225f574249fb","local_time":"20191007121634","is_ascension_mode":true,"campfire_choices":[{"data":"Body Slam","floor":7,"key":"SMITH"},{"floor":12,"key":"RECALL"},{"floor":15,"key":"REST"}],"neow_cost":"NONE","seed_source_timestamp":248899793317600,"circlet_count":0,"master_deck":["Strike_R","Strike_R","Strike_R","Defend_R","Defend_R","Defend_R","Defend_R","Blood for Blood","Body Slam+1","Offering","Iron Wave","Demon Form","Iron Wave","Thunderclap","Flex","Shrug It Off+1","Immolate","Rampage+1","Feed+1","Reckless Charge+1","Inflame","Shrug It Off+1","Metallicize+1"],"relics":["Burning Blood","NeowsBlessing","MawBank","Boot","Astrolabe"],"potions_floor_usage":[16,16,20,21,22],"damage_taken":[{"damage":0,"enemies":"Cultist","floor":1,"turns":1},{"damage":0,"enemies":"2 Louse","floor":2,"turns":1},{"damage":0,"enemies":"Jaw Worm","floor":4,"turns":1},{"damage":33,"enemies":"Lagavulin","floor":6,"turns":6},{"damage":12,"enemies":"Blue Slaver","floor":8,"turns":3},{"damage":22,"enemies":"3 Sentries","floor":10,"turns":6},{"damage":11,"enemies":"Looter","floor":13,"turns":4},{"damage":23,"enemies":"Large Slime","floor":14,"turns":8},{"damage":0,"enemies":"Slime Boss","floor":16,"turns":7},{"damage":54,"enemies":"3 Byrds","floor":18,"turns":6},{"damage":28,"enemies":"Spheric Guardian","floor":20,"turns":4},{"damage":28,"enemies":"Shelled Parasite and Fungi","floor":21,"turns":5},{"damage":16,"enemies":"Sentry and Sphere","floor":22,"turns":3}],"seed_played":"2376404497855375749","potions_obtained":[{"floor":1,"key":"Strength Potion"},{"floor":8,"key":"Fire Potion"},{"floor":14,"key":"GamblersBrew"},{"floor":16,"key":"Energy Potion"},{"floor":18,"key":"BloodPotion"},{"floor":20,"key":"Poison Potion"}],"is_trial":false,"path_per_floor":["M","M","$","M","$","E","R","M","T","E","?","R","M","M","R","B",null,"M","?","M","M","M"],"character_chosen":"IRONCLAD","items_purchased":["Offering"],"campfire_rested":1,"item_purchase_floors":[3],"current_hp_per_floor":[80,80,80,80,80,53,53,47,47,31,31,31,26,9,33,39,80,32,32,34,12,0],"gold":639,"neow_bonus":"THREE_ENEMY_KILL","is_prod":false,"is_daily":false,"chose_seed":false,"campfire_upgraded":1,"win_rate":0,"timestamp":1570464994,"path_taken":["M","M","?","M","$","E","R","M","T","E","?","R","M","M","R","BOSS","M","?","M","M","?"],"build_version":"2019-07-17","purchased_purges":0,"victory":false,"max_hp_per_floor":[80,80,80,80,80,80,80,80,80,80,80,80,80,80,80,80,80,80,80,84,84,84],"card_choices":[{"not_picked":["Power Through","Combust"],"picked":"Blood for Blood","floor":1},{"not_picked":["Havoc","Flex"],"picked":"Body Slam","floor":2},{"not_picked":["Twin Strike","Heavy Blade"],"picked":"Iron Wave","floor":4},{"not_picked":["Rage","Headbutt"],"picked":"Demon Form","floor":6},{"not_picked":["Warcry","Pummel"],"picked":"Iron Wave","floor":8},{"not_picked":["Clothesline","Twin Strike"],"picked":"Thunderclap","floor":10},{"not_picked":["Shockwave","Blood for Blood"],"picked":"Flex","floor":13},{"not_picked":["Sword Boomerang","Intimidate"],"picked":"Shrug It Off","floor":14},{"not_picked":["Fiend Fire","Dark Embrace"],"picked":"Immolate","floor":16},{"not_picked":["Twin Strike","Sword Boomerang"],"picked":"Inflame","floor":18},{"not_picked":["Warcry","Anger"],"picked":"Shrug It Off+1","floor":20},{"not_picked":["Whirlwind","Body Slam"],"picked":"Metallicize+1","floor":21}],"player_experience":53512,"relics_obtained":[{"floor":6,"key":"MawBank"},{"floor":10,"key":"Boot"}],"event_choices":[{"damage_healed":0,"gold_gain":100,"player_choice":"Gold","damage_taken":0,"max_hp_gain":0,"max_hp_loss":0,"event_name":"Wheel of Change","floor":11,"gold_loss":0},{"damage_healed":0,"gold_gain":0,"player_choice":"Forge","damage_taken":0,"max_hp_gain":0,"max_hp_loss":0,"event_name":"Accursed Blacksmith","floor":19,"gold_loss":0,"cards_upgraded":["Shrug It Off"]}],"is_beta":false,"boss_relics":[{"not_picked":["Runic Cube","Coffee Dripper"],"picked":"Astrolabe"}],"items_purged_floors":[],"is_endless":false,"potions_floor_spawned":[1,8,14,16,18,20],"killed_by":"Sentry and Sphere","ascension_level":2}