{"gold_per_floor":[118,118,14,14,28,28,58,93,117,152,152,152,171,183,183,257,257,273,273,291,317,232,232,232],"floor_reached":24,"playtime":1049,"items_purged":["Strike_B"],"score":431,"play_id":"a9bd1c24-dd33-4e44-aa7a-27761e67c655","local_time":"20190705001428","is_ascension_mode":true,"campfire_choices":[{"floor":6.0,"key":"REST"},{"data":"Dualcast","floor":12.0,"key":"SMITH"},{"data":"Doom and Gloom","floor":15.0,"key":"SMITH"},{"floor":23,"key":"REST"}],"neow_cost":"NONE","seed_source_timestamp":381263593339160,"circlet_count":0,"master_deck":["AscendersBane","Strike_B+1","Strike_B+1","Defend_B+1","Defend_B+1","Defend_B+1","Defend_B+1","Zap+1","Dualcast+1","Genetic Algorithm","Ball Lightning","FTL","Leap","Scrape","Doom and Gloom+1","Go for the Eyes","Electrodynamics","Scrape","Go for the Eyes"],"special_seed":0,"relics":["Cracked Core","Ornamental Fan","Oddly Smooth Stone","Vajra","Orichalcum","Black Star","Red Mask","Blue Candle"],"potions_floor_usage":[24,24],"damage_taken":[{"damage":0.0,"enemies":"Small Slimes","floor":1.0,"turns":2.0},{"damage":1.0,"enemies":"Cultist","floor":5.0,"turns":3.0},{"damage":0.0,"enemies":"3 Sentries","floor":8.0,"turns":4.0},{"damage":8.0,"enemies":"Lagavulin","floor":10.0,"turns":6.0},{"damage":0.0,"enemies":"2 Louse","floor":13.0,"turns":2.0},{"damage":0.0,"enemies":"Large Slime","floor":14.0,"turns":4.0},{"damage":18.0,"enemies":"Slime Boss","floor":16.0,"turns":8.0},{"damage":7.0,"enemies":"3 Byrds","floor":18.0,"turns":3.0},{"damage":5.0,"enemies":"Spheric Guardian","floor":20.0,"turns":4.0},{"damage":37,"enemies":"Masked Bandits","floor":21,"turns":4},{"damage":30,"enemies":"Gremlin Leader","floor":24,"turns":5}],"seed_played":"-2184306465596690350","potions_obtained":[{"floor":1.0,"key":"AttackPotion"},{"floor":8.0,"key":"FearPotion"},{"floor":10.0,"key":"SpeedPotion"},{"floor":14.0,"key":"Weak Potion"},{"floor":21,"key":"Dexterity Potion"}],"is_trial":false,"path_per_floor":["M","?","$","?","M","R","?","E","T","E","?","R","M","M","R","B",null,"M","?","M","?","?","R","E"],"character_chosen":"DEFECT","items_purchased":["Ball Lightning"],"campfire_rested":2,"item_purchase_floors":[3],"current_hp_per_floor":[64,19,19,19,18,39,39,39,39,31,31,31,31,31,31,13,57,50,50,45,8,8,29,0],"gold":232,"neow_bonus":"UPGRADE_CARD","is_prod":false,"is_daily":false,"chose_seed":false,"campfire_upgraded":2,"win_rate":0,"timestamp":1562300068,"path_taken":["M","?","$","?","?","R","?","E","T","E","?","R","?","M","R","BOSS","M","?","M","?","?","R","E"],"build_version":"2019-07-01","purchased_purges":1,"victory":false,"max_hp_per_floor":[71,71,71,71,71,71,71,71,71,71,71,71,71,71,71,71,71,71,71,71,71,71,71,71],"card_choices":[{"not_picked":["Undo","Rebound"],"picked":"Genetic Algorithm","floor":1.0},{"not_picked":["Steam","Leap"],"picked":"FTL","floor":5.0},{"not_picked":["Turbo","Tempest"],"picked":"Leap","floor":8.0},{"not_picked":["Genetic Algorithm","Gash"],"picked":"Scrape","floor":10.0},{"not_picked":["Go for the Eyes","Conserve Battery"],"picked":"Doom and Gloom","floor":13.0},{"not_picked":["Stack","Gash"],"picked":"Go for the Eyes","floor":14.0},{"not_picked":["Amplify","Buffer"],"picked":"Electrodynamics","floor":16.0},{"not_picked":["Ball Lightning+1","Double Energy","Storm"],"picked":"SKIP","floor":18.0},{"not_picked":["Compile Driver","Cold Snap"],"picked":"Scrape","floor":20.0},{"not_picked":["Hello World","Cold Snap"],"picked":"Go for the Eyes","floor":21}],"player_experience":1104399,"relics_obtained":[{"floor":8.0,"key":"Oddly Smooth Stone"},{"floor":9.0,"key":"Vajra"},{"floor":10.0,"key":"Orichalcum"},{"floor":21,"key":"Red Mask"}],"event_choices":[{"damage_healed":0.0,"max_hp_gain":0.0,"max_hp_loss":0.0,"gold_gain":0.0,"event_name":"Scrap Ooze","player_choice":"Success","floor":2.0,"gold_loss":0.0,"damage_taken":45.0,"relics_obtained":["Ornamental Fan"]},{"cards_removed":["Strike_B"],"damage_healed":0.0,"max_hp_gain":0.0,"max_hp_loss":0.0,"gold_gain":0.0,"event_name":"Wheel of Change","player_choice":"Card Removal","floor":4.0,"gold_loss":0.0,"damage_taken":0.0},{"damage_healed":0.0,"max_hp_gain":0.0,"max_hp_loss":0.0,"gold_gain":30.0,"event_name":"Dead Adventurer","player_choice":"Searched \u00271\u0027 times","floor":7.0,"gold_loss":0.0,"damage_taken":0.0},{"damage_healed":0.0,"max_hp_gain":0.0,"max_hp_loss":0.0,"gold_gain":0.0,"event_name":"Liars Game","player_choice":"Ignored","floor":11.0,"gold_loss":0.0,"damage_taken":0.0},{"damage_healed":0.0,"max_hp_gain":0.0,"max_hp_loss":0.0,"gold_gain":0.0,"event_name":"Back to Basics","player_choice":"Simplicity","floor":19.0,"gold_loss":0.0,"damage_taken":0.0,"cards_upgraded":["Strike_B","Strike_B","Defend_B","Defend_B","Defend_B","Defend_B"]},{"damage_healed":0,"gold_gain":0,"player_choice":"Fought Bandits","damage_taken":0,"max_hp_gain":0,"max_hp_loss":0,"event_name":"Masked Bandits","floor":21,"gold_loss":0},{"damage_healed":0,"gold_gain":0,"player_choice":"Obtained Relic","damage_taken":0,"relics_obtained":["Blue Candle"],"max_hp_gain":0,"max_hp_loss":0,"event_name":"Addict","floor":22,"gold_loss":85}],"is_beta":false,"boss_relics":[{"not_picked":["Eternal Feather","Snecko Eye"],"picked":"Black Star"}],"items_purged_floors":[3],"is_endless":false,"potions_floor_spawned":[1,8,10,14,20,21],"killed_by":"Gremlin Leader","ascension_level":18}