{"gold_per_floor":[111,128,140,140,154,187,86,119,119,149,149,167,179,189,189,260,260,247,247,258,58,74,102,102,102,125,141,141,155,169,201,201,278,278,294,309,309,20,20,38,38],"floor_reached":41,"playtime":3338,"items_purged":["Strike_B","Parasite"],"score":754,"play_id":"3f82bc6f-fe40-41f6-86ed-883e0dbb30b9","local_time":"20190605190235","is_ascension_mode":true,"campfire_choices":[{"data":"Zap","floor":11,"key":"SMITH"},{"floor":15,"key":"REST"},{"floor":25,"key":"REST"},{"floor":28,"key":"REST"},{"floor":32,"key":"REST"}],"neow_cost":"NONE","seed_source_timestamp":1353705783510692,"circlet_count":0,"master_deck":["AscendersBane","Zap+1","Dualcast","Undo","Rip and Tear","Reprogram","Cold Snap","Steam","Reinforced Body","Ball Lightning","Sweeping Beam","Cold Snap","Compile Driver","Coolheaded","Echo Form","Core Surge","Consume","Capacitor","Turbo","Melter+1","Tempest","Force Field","Conserve Battery","Loop","Reinforced Body","Apotheosis"],"relics":["Cracked Core","Bottled Flame","Dead Branch","Nunchaku","Peace Pipe","Cursed Key","Runic Capacitor","Centennial Puzzle","Regal Pillow","Art of War","Pandora\u0027s Box"],"potions_floor_usage":[6,8,12,23,31,33,40],"damage_taken":[{"damage":0,"enemies":"2 Louse","floor":1,"turns":3},{"damage":0,"enemies":"Cultist","floor":2,"turns":4},{"damage":2,"enemies":"Jaw Worm","floor":3,"turns":2},{"damage":0,"enemies":"Large Slime","floor":5,"turns":4},{"damage":5,"enemies":"Gremlin Nob","floor":6,"turns":3},{"damage":9,"enemies":"Lagavulin","floor":8,"turns":7},{"damage":26,"enemies":"Gremlin Nob","floor":10,"turns":4},{"damage":4,"enemies":"2 Fungi Beasts","floor":12,"turns":2},{"damage":6,"enemies":"Exordium Thugs","floor":13,"turns":4},{"damage":0,"enemies":"3 Louse","floor":14,"turns":3},{"damage":17,"enemies":"Slime Boss","floor":16,"turns":9},{"damage":9,"enemies":"2 Thieves","floor":18,"turns":4},{"damage":0,"enemies":"Chosen","floor":20,"turns":4},{"damage":13,"enemies":"Snake Plant","floor":22,"turns":5},{"damage":15,"enemies":"Book of Stabbing","floor":23,"turns":7},{"damage":21,"enemies":"3 Cultists","floor":27,"turns":5},{"damage":6,"enemies":"Cultist and Chosen","floor":29,"turns":5},{"damage":13,"enemies":"Snake Plant","floor":30,"turns":6},{"damage":30,"enemies":"Gremlin Leader","floor":31,"turns":9},{"damage":26,"enemies":"Champ","floor":33,"turns":12},{"damage":38,"enemies":"3 Darklings","floor":35,"turns":5},{"damage":2,"enemies":"Orb Walker","floor":36,"turns":4},{"damage":4,"enemies":"Transient","floor":40,"turns":5},{"damage":51,"enemies":"Reptomancer","floor":41,"turns":2}],"seed_played":"-8120296572397122551","potions_obtained":[{"floor":1,"key":"LiquidBronze"},{"floor":2,"key":"FearPotion"},{"floor":3,"key":"Poison Potion"},{"floor":8,"key":"Explosive Potion"},{"floor":16,"key":"SkillPotion"},{"floor":23,"key":"Dexterity Potion"},{"floor":27,"key":"GamblersBrew"},{"floor":31,"key":"Regen Potion"},{"floor":35,"key":"SkillPotion"}],"is_trial":false,"path_per_floor":["M","M","M","?","M","E","$","E","T","E","R","M","M","M","R","B",null,"M","?","M","$","M","E","?","R","T","M","R","M","M","E","R","B",null,"M","M","?","$","?","M","E"],"character_chosen":"DEFECT","items_purchased":["Ball Lightning","Runic Capacitor","Apotheosis"],"campfire_rested":4,"item_purchase_floors":[7,21,38],"current_hp_per_floor":[68,68,66,66,66,61,61,52,52,26,26,22,16,16,38,21,62,53,53,53,53,40,25,11,35,35,14,53,47,34,4,43,32,68,30,28,33,33,33,29,0],"gold":38,"neow_bonus":"TRANSFORM_CARD","is_prod":false,"is_daily":false,"chose_seed":false,"campfire_upgraded":1,"win_rate":0,"timestamp":1559775755,"path_taken":["M","M","M","?","M","E","$","E","T","E","R","M","?","M","R","BOSS","M","?","M","$","M","E","?","R","T","M","R","M","M","E","R","BOSS","M","M","?","?","?","M","E"],"build_version":"2019-01-23","purchased_purges":2,"victory":false,"max_hp_per_floor":[75,75,75,75,75,75,75,75,75,75,75,75,75,75,75,75,75,75,75,75,75,75,75,80,80,80,80,80,80,80,80,80,80,80,80,80,80,77,77,77,77],"card_choices":[{"not_picked":["Hello World","Tempest"],"picked":"Rip and Tear","floor":1},{"not_picked":["Stack","Storm"],"picked":"Reprogram","floor":2},{"not_picked":["Tempest","Gash"],"picked":"Cold Snap","floor":3},{"not_picked":["Stack","Storm"],"picked":"Steam","floor":5},{"not_picked":["Ball Lightning","Storm"],"picked":"Reinforced Body","floor":6},{"not_picked":["Rip and Tear","Buffer"],"picked":"Sweeping Beam","floor":8},{"not_picked":["Scrape","Sunder"],"picked":"Cold Snap","floor":10},{"not_picked":["Rebound","Stack"],"picked":"Compile Driver","floor":12},{"not_picked":["Turbo","Streamline"],"picked":"Coolheaded","floor":13},{"not_picked":["Heatsinks","Chaos"],"picked":"Echo Form","floor":14},{"not_picked":["Rainbow","Machine Learning"],"picked":"Core Surge","floor":16},{"not_picked":["Compile Driver","Gash+1"],"picked":"Consume","floor":18},{"not_picked":["Streamline","Defragment"],"picked":"Capacitor","floor":20},{"not_picked":["Conserve Battery","Storm","Compile Driver"],"picked":"SKIP","floor":22},{"not_picked":["Stack","BootSequence","Undo"],"picked":"SKIP","floor":23},{"not_picked":["Beam Cell","Capacitor","Conserve Battery"],"picked":"SKIP","floor":27},{"not_picked":["Gash+1","Consume","Coolheaded"],"picked":"SKIP","floor":29},{"not_picked":["Sweeping Beam","Machine Learning"],"picked":"Turbo","floor":30},{"not_picked":["Stack","Ball Lightning"],"picked":"Melter+1","floor":31},{"not_picked":["Leap","Capacitor","Barrage"],"picked":"SKIP","floor":35},{"not_picked":["Gash","Hologram"],"picked":"Reinforced Body","floor":36},{"not_picked":["Force Field","Steam","Melter"],"picked":"SKIP","floor":40}],"player_experience":980207,"relics_obtained":[{"floor":6,"key":"Bottled Flame"},{"floor":8,"key":"Dead Branch"},{"floor":9,"key":"Nunchaku"},{"floor":10,"key":"Peace Pipe"},{"floor":23,"key":"Centennial Puzzle"},{"floor":26,"key":"Regal Pillow"},{"floor":31,"key":"Art of War"}],"event_choices":[{"cards_removed":["Strike_B"],"damage_healed":0,"gold_gain":0,"player_choice":"Card Removal","damage_taken":0,"max_hp_gain":0,"max_hp_loss":0,"event_name":"Wheel of Change","floor":4,"gold_loss":0},{"damage_healed":0,"gold_gain":0,"player_choice":"Ignored","damage_taken":0,"max_hp_gain":0,"max_hp_loss":0,"event_name":"Vampires","floor":19,"gold_loss":0},{"damage_healed":0,"gold_gain":0,"player_choice":"Shed Blood","damage_taken":19,"max_hp_gain":5,"max_hp_loss":0,"event_name":"Forgotten Altar","floor":24,"gold_loss":0},{"cards_removed":["Redo"],"damage_healed":5,"gold_gain":0,"player_choice":"Offered Common","damage_taken":0,"max_hp_gain":0,"max_hp_loss":0,"event_name":"Bonfire Elementals","floor":37,"gold_loss":0},{"cards_removed":["Redo"],"damage_healed":5,"gold_gain":0,"player_choice":"Offered Special","damage_taken":0,"max_hp_gain":0,"max_hp_loss":0,"event_name":"Bonfire Elementals","floor":37,"gold_loss":0},{"damage_healed":0,"gold_gain":0,"player_choice":"Ignored","damage_taken":0,"max_hp_gain":0,"max_hp_loss":0,"event_name":"The Moai Head","floor":39,"gold_loss":0}],"is_beta":false,"boss_relics":[{"not_picked":["FrozenCore","Tiny House"],"picked":"Cursed Key"},{"not_picked":["White Beast Statue","Lizard Tail"],"picked":"Pandora\u0027s Box"}],"items_purged_floors":[7,38],"is_endless":false,"potions_floor_spawned":[1,2,3,8,16,23,27,29,31,35],"killed_by":"Reptomancer","ascension_level":13}