{"gold_per_floor":[119,119,51,326,341,376,376,53,76,76,108,108,142,157,157,233,233,245,135,146,164,176,207,207,239,286,304,317,348,366,416,416,490,790,806,824,924,130,147,174,193,193],"floor_reached":42,"playtime":2631,"items_purged":["Regret","Strike_R"],"score":958,"play_id":"c534d623-357e-46eb-a75f-a6873cb1cbf0","local_time":"20190917101028","is_ascension_mode":true,"campfire_choices":[{"data":"Shockwave","floor":7.0,"key":"SMITH"},{"data":"Fiend Fire","floor":12.0,"key":"SMITH"},{"data":"True Grit","floor":15.0,"key":"SMITH"},{"data":"Uppercut","floor":24.0,"key":"SMITH"},{"floor":32.0,"key":"REST"}],"neow_cost":"NONE","seed_source_timestamp":380573322987000,"circlet_count":0,"master_deck":["AscendersBane","Strike_R","Strike_R","Strike_R","Defend_R","Defend_R","Defend_R+1","Defend_R","Bash+1","Power Through","Shockwave+1","Iron Wave","Sword Boomerang","Flash of Steel","Fiend Fire+1","Uppercut+1","True Grit+1","Immolate","Sword Boomerang+1","Pommel Strike+1","Shrug It Off","Feel No Pain+1","Fire Breathing+1","Demon Form","CurseOfTheBell","Pummel+1","Metallicize","Shrug It Off","Thunderclap+1","Twin Strike+1","Dual Wield+1"],"special_seed":0,"relics":["Burning Blood","NeowsBlessing","Ornamental Fan","OrangePellets","Red Skull","Kunai","White Beast Statue","Mark of Pain","Molten Egg 2","Magic Flower","Regal Pillow","Torii","Calling Bell","Toy Ornithopter","Self Forming Clay","Old Coin","Ginger","Bronze Scales","Lee\u0027s Waffle","Dodecahedron","Bag of Preparation"],"potions_floor_usage":[],"damage_taken":[{"damage":0.0,"enemies":"Small Slimes","floor":1.0,"turns":1.0},{"damage":0.0,"enemies":"2 Louse","floor":5.0,"turns":1.0},{"damage":3.0,"enemies":"Gremlin Nob","floor":6.0,"turns":2.0},{"damage":12.0,"enemies":"Lagavulin","floor":11.0,"turns":8.0},{"damage":23.0,"enemies":"3 Sentries","floor":13.0,"turns":8.0},{"damage":0.0,"enemies":"Cultist","floor":14.0,"turns":2.0},{"damage":45.0,"enemies":"The Guardian","floor":16.0,"turns":14.0},{"damage":16.0,"enemies":"2 Thieves","floor":18.0,"turns":2.0},{"damage":3.0,"enemies":"Chosen","floor":20.0,"turns":4.0},{"damage":13.0,"enemies":"Sentry and Sphere","floor":21.0,"turns":5.0},{"damage":5.0,"enemies":"Chosen and Byrds","floor":22.0,"turns":4.0},{"damage":11.0,"enemies":"Slavers","floor":23.0,"turns":3.0},{"damage":50.0,"enemies":"Book of Stabbing","floor":25.0,"turns":7.0},{"damage":24.0,"enemies":"Snake Plant","floor":27.0,"turns":3.0},{"damage":0.0,"enemies":"3 Cultists","floor":28.0,"turns":3.0},{"damage":7.0,"enemies":"Gremlin Leader","floor":29.0,"turns":4.0},{"damage":0.0,"enemies":"Sentry and Sphere","floor":30.0,"turns":3.0},{"damage":35.0,"enemies":"Champ","floor":33.0,"turns":13.0},{"damage":29.0,"enemies":"3 Darklings","floor":35.0,"turns":4.0},{"damage":17.0,"enemies":"3 Shapes","floor":36.0,"turns":7.0},{"damage":20.0,"enemies":"Mind Bloom Boss Battle","floor":37.0,"turns":7.0},{"damage":17.0,"enemies":"Sphere and 2 Shapes","floor":39.0,"turns":4.0},{"damage":47.0,"enemies":"Nemesis","floor":40.0,"turns":7.0},{"damage":37.0,"enemies":"Transient","floor":41.0,"turns":5.0},{"damage":21,"enemies":"Reptomancer","floor":42,"turns":6}],"seed_played":"8098054851895382210","potions_obtained":[{"floor":1.0,"key":"GamblersBrew"},{"floor":5.0,"key":"SteroidPotion"},{"floor":11.0,"key":"Regen Potion"},{"floor":21.0,"key":"Dexterity Potion"},{"floor":22.0,"key":"AttackPotion"},{"floor":23.0,"key":"BloodPotion"},{"floor":25.0,"key":"Fire Potion"},{"floor":30.0,"key":"Strength Potion"},{"floor":33.0,"key":"Explosive Potion"},{"floor":35.0,"key":"SteroidPotion"},{"floor":39.0,"key":"SpeedPotion"}],"is_trial":false,"path_per_floor":["M","?","$","?","M","E","R","$","T","$","E","R","E","M","R","B",null,"M","?","M","M","M","E","R","E","T","M","M","E","M","?","R","B",null,"M","M","?","$","M","E","M","E"],"character_chosen":"IRONCLAD","items_purchased":["Shockwave","Flash of Steel","OrangePellets","Shrug It Off","Bronze Scales","Lee\u0027s Waffle","Thunderclap+1","Twin Strike+1","Dodecahedron"],"campfire_rested":1,"item_purchase_floors":[3,8,8,38,38,38,38,38,38],"current_hp_per_floor":[74,74,74,74,75,75,75,75,75,75,69,69,52,58,58,19,61,51,51,54,59,60,55,55,29,29,14,23,25,34,27,64,38,66,46,38,27,82,82,44,16,0],"gold":193,"neow_bonus":"THREE_ENEMY_KILL","is_prod":false,"is_daily":false,"chose_seed":false,"campfire_upgraded":4,"win_rate":0,"timestamp":1568707828,"path_taken":["M","?","$","?","?","E","R","$","T","?","E","R","E","M","R","BOSS","M","?","M","?","M","E","R","E","T","M","?","E","M","?","R","BOSS","M","?","?","$","M","E","M","E"],"build_version":"2019-09-16","purchased_purges":2,"victory":false,"max_hp_per_floor":[75,75,75,75,75,75,75,75,75,75,75,75,75,75,75,75,75,75,75,75,75,75,75,75,75,75,75,75,75,75,75,75,75,75,75,75,75,82,82,82,82,82],"card_choices":[{"not_picked":["Bloodletting","Body Slam"],"picked":"Power Through","floor":1.0},{"not_picked":["Pummel","Reckless Charge"],"picked":"Iron Wave","floor":5.0},{"not_picked":["Flex","Pommel Strike"],"picked":"Sword Boomerang","floor":6.0},{"not_picked":["Warcry","Havoc"],"picked":"Fiend Fire","floor":11.0},{"not_picked":["Havoc","Barricade"],"picked":"Uppercut","floor":13.0},{"not_picked":["Cleave","Rampage"],"picked":"True Grit","floor":14.0},{"not_picked":["Barricade","Double Tap"],"picked":"Immolate","floor":16.0},{"not_picked":["True Grit","Seeing Red","Body Slam"],"picked":"SKIP","floor":18.0},{"not_picked":["Thunderclap","Pommel Strike","Headbutt"],"picked":"SKIP","floor":20.0},{"not_picked":["Havoc","Clothesline","Warcry"],"picked":"SKIP","floor":21.0},{"not_picked":["Cleave","Pummel","Reckless Charge"],"picked":"SKIP","floor":22.0},{"not_picked":["Pommel Strike","Whirlwind"],"picked":"Sword Boomerang+1","floor":23.0},{"not_picked":["Wild Strike+1","Sword Boomerang+1"],"picked":"Pommel Strike+1","floor":25.0},{"not_picked":["Pommel Strike+1","Entrench"],"picked":"Shrug It Off","floor":27.0},{"not_picked":["Armaments","Iron Wave+1","Clothesline+1"],"picked":"SKIP","floor":28.0},{"not_picked":["Clothesline+1","Body Slam+1"],"picked":"Feel No Pain+1","floor":29.0},{"not_picked":["Sever Soul+1","Rupture"],"picked":"Fire Breathing+1","floor":30.0},{"not_picked":["Exhume","Bludgeon+1"],"picked":"Demon Form","floor":33.0},{"not_picked":["Pommel Strike+1","Bloodletting"],"picked":"Pummel+1","floor":35.0},{"not_picked":["Body Slam+1","Iron Wave+1"],"picked":"Metallicize","floor":36.0},{"not_picked":["Uppercut+1","Havoc+1","Wild Strike+1"],"picked":"SKIP","floor":39.0},{"not_picked":["Bloodletting","Barricade"],"picked":"Dual Wield+1","floor":40.0},{"not_picked":["Cleave+1","Dropkick+1","Perfected Strike+1"],"picked":"SKIP","floor":41.0}],"player_experience":851880,"relics_obtained":[{"floor":6.0,"key":"Ornamental Fan"},{"floor":9.0,"key":"Red Skull"},{"floor":11.0,"key":"Kunai"},{"floor":13.0,"key":"White Beast Statue"},{"floor":23.0,"key":"Molten Egg 2"},{"floor":25.0,"key":"Magic Flower"},{"floor":26.0,"key":"Regal Pillow"},{"floor":29.0,"key":"Torii"},{"floor":34.0,"key":"Toy Ornithopter"},{"floor":34.0,"key":"Self Forming Clay"},{"floor":34.0,"key":"Old Coin"},{"floor":37.0,"key":"Ginger"},{"floor":40.0,"key":"Bag of Preparation"}],"event_choices":[{"damage_healed":0.0,"max_hp_gain":0.0,"max_hp_loss":0.0,"gold_gain":0.0,"event_name":"Living Wall","player_choice":"Grow","floor":2.0,"gold_loss":0.0,"damage_taken":0.0,"cards_upgraded":["Bash"]},{"damage_healed":0.0,"max_hp_gain":0.0,"max_hp_loss":0.0,"gold_gain":275.0,"event_name":"Golden Shrine","player_choice":"Desecrate","floor":4.0,"gold_loss":0.0,"damage_taken":0.0,"cards_obtained":["Regret"]},{"cards_removed":["Strike_R"],"damage_healed":0.0,"max_hp_gain":0.0,"max_hp_loss":0.0,"gold_gain":0.0,"event_name":"Designer","player_choice":"Upgrade and Remove","floor":19.0,"gold_loss":110.0,"damage_taken":0.0,"cards_upgraded":["Defend_R"]},{"damage_healed":0.0,"max_hp_gain":0.0,"max_hp_loss":0.0,"gold_gain":50.0,"event_name":"FaceTrader","player_choice":"Touch","floor":31.0,"gold_loss":0.0,"damage_taken":7.0},{"damage_healed":0.0,"max_hp_gain":0.0,"max_hp_loss":0.0,"gold_gain":0.0,"event_name":"MindBloom","player_choice":"Fight","floor":37.0,"gold_loss":0.0,"damage_taken":0.0}],"is_beta":true,"boss_relics":[{"not_picked":["Runic Cube","Sozu"],"picked":"Mark of Pain"},{"not_picked":["SacredBark","Tiny House"],"picked":"Calling Bell"}],"items_purged_floors":[8,38],"is_endless":false,"potions_floor_spawned":[1,5,11,14,16,18,20,21,22,23,25,27,28,29,30,33,35,36,37,39,40,41],"killed_by":"Reptomancer","ascension_level":15}