{"gold_per_floor":[109,128,128,139,189,216,216,235,290,290,303,38,69,89,89,163,163,180,180,196,196,196,196],"floor_reached":23,"playtime":1063,"items_purged":[],"score":377,"play_id":"8ad34496-f1e2-475c-a642-240034e196b0","local_time":"20190719142711","is_ascension_mode":true,"campfire_choices":[{"floor":7.0,"key":"REST"},{"floor":10.0,"key":"REST"},{"floor":15.0,"key":"REST"}],"neow_cost":"NONE","seed_source_timestamp":709710674046355,"circlet_count":0,"master_deck":["AscendersBane","Defend_B+1","Defend_B+1","Defend_B+1","Defend_B+1","Zap","Dualcast","Coolheaded","Static Discharge","Leap","Rip and Tear","Conserve Battery","Glacier","Hologram","Sweeping Beam","Seek","Genetic Algorithm","Bite","Bite","Bite","Bite","Bite"],"special_seed":0,"relics":["Cracked Core","NeowsBlessing","Symbiotic Virus","Smiling Mask","Vajra","ClockworkSouvenir","Bronze Scales","Sozu"],"potions_floor_usage":[],"damage_taken":[{"damage":0.0,"enemies":"Cultist","floor":1.0,"turns":1.0},{"damage":0.0,"enemies":"Small Slimes","floor":2.0,"turns":1.0},{"damage":0.0,"enemies":"Jaw Worm","floor":4.0,"turns":1.0},{"damage":15.0,"enemies":"3 Sentries","floor":6.0,"turns":10.0},{"damage":16.0,"enemies":"Exordium Thugs","floor":8.0,"turns":4.0},{"damage":0.0,"enemies":"Large Slime","floor":11.0,"turns":4.0},{"damage":14.0,"enemies":"Lagavulin","floor":13.0,"turns":9.0},{"damage":7.0,"enemies":"3 Louse","floor":14.0,"turns":2.0},{"damage":21.0,"enemies":"Slime Boss","floor":16.0,"turns":6.0},{"damage":16,"enemies":"2 Thieves","floor":18,"turns":4},{"damage":2,"enemies":"Spheric Guardian","floor":20,"turns":5},{"damage":86,"enemies":"Gremlin Leader","floor":23,"turns":12}],"seed_played":"-3062973216247251252","potions_obtained":[{"floor":2.0,"key":"AttackPotion"},{"floor":4.0,"key":"Energy Potion"},{"floor":6.0,"key":"SteroidPotion"},{"floor":16.0,"key":"Poison Potion"}],"is_trial":false,"path_per_floor":["M","M","?","M","?","E","R","M","T","R","M","$","E","M","R","B",null,"M","?","M","?","?","E"],"character_chosen":"DEFECT","items_purchased":["ClockworkSouvenir","Glacier"],"campfire_rested":3,"item_purchase_floors":[12,12],"current_hp_per_floor":[64,64,29,29,22,7,28,12,12,33,33,33,19,12,33,12,56,40,40,38,38,38,0],"gold":196,"neow_bonus":"THREE_ENEMY_KILL","is_prod":false,"is_daily":false,"chose_seed":false,"campfire_upgraded":0,"win_rate":0,"timestamp":1563539231,"path_taken":["M","?","?","M","?","E","R","M","T","R","M","$","E","M","R","BOSS","M","?","M","?","?","E"],"build_version":"2019-07-17","purchased_purges":0,"victory":false,"max_hp_per_floor":[71,71,71,71,71,71,71,71,71,71,71,71,71,71,71,71,71,71,71,71,71,49,49],"card_choices":[{"not_picked":["Static Discharge","Stack"],"picked":"Coolheaded","floor":1.0},{"not_picked":["Streamline","Auto Shields"],"picked":"Static Discharge","floor":2.0},{"not_picked":["Redo","Heatsinks"],"picked":"Leap","floor":4.0},{"not_picked":["Doom and Gloom","Amplify"],"picked":"Rip and Tear","floor":6.0},{"not_picked":["Beam Cell","Scrape"],"picked":"Conserve Battery","floor":8.0},{"not_picked":["Storm","Tempest","Turbo"],"picked":"SKIP","floor":11.0},{"not_picked":["Compile Driver","Darkness"],"picked":"Hologram","floor":13.0},{"not_picked":["Hologram","Leap"],"picked":"Sweeping Beam","floor":14.0},{"not_picked":["Machine Learning","Fission"],"picked":"Seek","floor":16.0},{"not_picked":["Streamline","Turbo"],"picked":"Genetic Algorithm","floor":18},{"not_picked":["Gash","Aggregate","Redo"],"picked":"SKIP","floor":20}],"player_experience":656263,"relics_obtained":[{"floor":6.0,"key":"Smiling Mask"},{"floor":9.0,"key":"Vajra"},{"floor":13.0,"key":"Bronze Scales"}],"event_choices":[{"damage_healed":0.0,"max_hp_gain":0.0,"max_hp_loss":0.0,"gold_gain":0.0,"event_name":"Scrap Ooze","player_choice":"Success","floor":3.0,"gold_loss":0.0,"damage_taken":35.0,"relics_obtained":["Symbiotic Virus"]},{"damage_healed":0.0,"max_hp_gain":0.0,"max_hp_loss":0.0,"gold_gain":50.0,"event_name":"FaceTrader","player_choice":"Touch","floor":5.0,"gold_loss":0.0,"damage_taken":7.0},{"damage_healed":0,"gold_gain":0,"player_choice":"Ignored","damage_taken":0,"max_hp_gain":0,"max_hp_loss":0,"event_name":"Ghosts","floor":19,"gold_loss":0},{"damage_healed":0,"gold_gain":0,"player_choice":"Simplicity","damage_taken":0,"max_hp_gain":0,"max_hp_loss":0,"event_name":"Back to Basics","floor":21,"gold_loss":0,"cards_upgraded":["Strike_B","Strike_B","Strike_B","Strike_B","Defend_B","Defend_B","Defend_B","Defend_B"]},{"damage_healed":0,"gold_gain":0,"player_choice":"Became a vampire","damage_taken":0,"max_hp_gain":0,"max_hp_loss":22,"event_name":"Vampires","floor":22,"gold_loss":0,"cards_obtained":["Bite","Bite","Bite","Bite","Bite"]}],"is_beta":false,"boss_relics":[{"not_picked":["Pandora\u0027s Box","Ectoplasm"],"picked":"Sozu"}],"items_purged_floors":[],"is_endless":false,"potions_floor_spawned":[2,4,6,13,16],"killed_by":"Gremlin Leader","ascension_level":15}