{"gold_per_floor":[112,387,400,414,414,442,442,467,494,9,34,51,51],"floor_reached":13,"playtime":491,"items_purged":["Strike_R"],"score":180,"play_id":"aedb16bb-5fc4-441b-80f9-04140b9f2f37","local_time":"20190916211834","is_ascension_mode":true,"campfire_choices":[{"data":"Immolate","floor":7.0,"key":"SMITH"}],"neow_cost":"NONE","seed_source_timestamp":336444378582800,"circlet_count":0,"master_deck":["AscendersBane","Strike_R","Strike_R+1","Strike_R+1","Strike_R","Defend_R","Defend_R","Defend_R","Defend_R","Bash","Armaments","Iron Wave","Clothesline","Immolate+1","Shrug It Off","Metallicize"],"special_seed":0,"relics":["Burning Blood","NeowsBlessing","Smiling Mask","Boot","Whetstone","Ginger","Sundial"],"potions_floor_usage":[],"damage_taken":[{"damage":0.0,"enemies":"Small Slimes","floor":1.0,"turns":1.0},{"damage":0.0,"enemies":"Cultist","floor":3.0,"turns":1.0},{"damage":0.0,"enemies":"2 Louse","floor":4.0,"turns":1.0},{"damage":47.0,"enemies":"3 Sentries","floor":6.0,"turns":13.0},{"damage":36.0,"enemies":"Lagavulin","floor":8.0,"turns":9.0},{"damage":9,"enemies":"3 Sentries","floor":11,"turns":6},{"damage":0,"enemies":"Looter","floor":12,"turns":4},{"damage":18,"enemies":"Lots of Slimes","floor":13,"turns":1}],"seed_played":"5086578693422290860","potions_obtained":[{"floor":1.0,"key":"Regen Potion"},{"floor":6.0,"key":"SkillPotion"}],"is_trial":false,"path_per_floor":["M","?","M","M","?","E","R","E","T","$","E","M","M"],"character_chosen":"IRONCLAD","items_purchased":["Shrug It Off","Ginger","Metallicize"],"campfire_rested":0,"item_purchase_floors":[10,10,10],"current_hp_per_floor":[74,74,75,75,68,42,42,12,12,12,9,15,0],"gold":51,"neow_bonus":"THREE_ENEMY_KILL","is_prod":false,"is_daily":false,"chose_seed":false,"campfire_upgraded":1,"win_rate":0,"timestamp":1568661514,"path_taken":["M","?","?","M","?","E","R","E","T","$","E","M","M"],"build_version":"2019-09-12","purchased_purges":1,"victory":false,"max_hp_per_floor":[75,75,75,75,75,75,75,75,75,75,75,75,75],"card_choices":[{"not_picked":["Clash","Flex"],"picked":"Armaments","floor":1.0},{"not_picked":["Heavy Blade","Wild Strike"],"picked":"Iron Wave","floor":3.0},{"not_picked":["True Grit","Pommel Strike"],"picked":"Clothesline","floor":4.0},{"not_picked":["Heavy Blade","Pommel Strike"],"picked":"Immolate","floor":6.0},{"not_picked":["Seeing Red","Thunderclap","Perfected Strike"],"picked":"SKIP","floor":8.0},{"not_picked":["Body Slam","Inflame","Wild Strike"],"picked":"SKIP","floor":11},{"not_picked":["Sword Boomerang","Bloodletting","Clothesline"],"picked":"SKIP","floor":12},{"not_picked":["Sword Boomerang","Bloodletting","Clothesline"],"picked":"SKIP","floor":12}],"player_experience":849306,"relics_obtained":[{"floor":6.0,"key":"Smiling Mask"},{"floor":8.0,"key":"Boot"},{"floor":9.0,"key":"Whetstone"},{"floor":11,"key":"Sundial"}],"event_choices":[{"damage_healed":0.0,"max_hp_gain":0.0,"max_hp_loss":0.0,"gold_gain":275.0,"event_name":"Golden Shrine","player_choice":"Desecrate","floor":2.0,"gold_loss":0.0,"damage_taken":0.0,"cards_obtained":["Regret"]},{"cards_removed":["Regret"],"damage_healed":0.0,"max_hp_gain":0.0,"max_hp_loss":0.0,"gold_gain":0.0,"event_name":"Golden Wing","player_choice":"Card Removal","floor":5.0,"gold_loss":0.0,"damage_taken":7.0}],"is_beta":true,"boss_relics":[],"items_purged_floors":[10],"is_endless":false,"potions_floor_spawned":[1,6],"killed_by":"Lots of Slimes","ascension_level":15}