{"gold_per_floor":[109,122,122,21,21,47,47,62,62,90,90,90,90,123,123,218,218,207,157,174,209,209,209,237,162,237,237,264,274,274,294,294,294],"floor_reached":33,"playtime":1100,"items_purged":["Strike_R"],"score":324,"play_id":"37affcb5-dcab-4703-bb67-c82204bbd3d2","local_time":"20190603195410","is_ascension_mode":false,"campfire_choices":[{"data":"Uppercut","floor":15,"key":"SMITH"},{"data":"Offering","floor":23,"key":"SMITH"},{"data":"Spot Weakness","floor":30,"key":"SMITH"},{"data":"Rupture","floor":32,"key":"SMITH"}],"neow_cost":"NONE","seed_source_timestamp":250257189903629,"circlet_count":0,"master_deck":["Strike_R","Defend_R","Defend_R+1","Defend_R","Defend_R","Bash+1","Evolve","True Grit+1","Hemokinesis","Uppercut+1","Armaments","Disarm","Offering+1","Whirlwind+1","Spot Weakness+1","Rupture+1","True Grit+1","Shrug It Off","Headbutt+1","Combust"],"relics":["Burning Blood","NeowsBlessing","Thread and Needle","War Paint","Bottled Flame","Sundial","Bottled Tornado","Juzu Bracelet","Runic Dome","Red Mask","Ginger","Ornamental Fan","Charon\u0027s Ashes"],"potions_floor_usage":[33],"damage_taken":[{"damage":0,"enemies":"Cultist","floor":1,"turns":1},{"damage":0,"enemies":"2 Louse","floor":2,"turns":1},{"damage":0,"enemies":"Lagavulin","floor":6,"turns":1},{"damage":3,"enemies":"Small Slimes","floor":8,"turns":3},{"damage":13,"enemies":"Gremlin Nob","floor":10,"turns":4},{"damage":15,"enemies":"Lagavulin","floor":14,"turns":6},{"damage":44,"enemies":"Slime Boss","floor":16,"turns":11},{"damage":10,"enemies":"2 Thieves","floor":18,"turns":4},{"damage":3,"enemies":"Shell Parasite","floor":20,"turns":4},{"damage":9,"enemies":"Masked Bandits","floor":21,"turns":4},{"damage":33,"enemies":"Book of Stabbing","floor":24,"turns":5},{"damage":8,"enemies":"Gremlin Leader","floor":28,"turns":5},{"damage":0,"enemies":"Chosen and Byrds","floor":29,"turns":4},{"damage":3,"enemies":"Centurion and Healer","floor":31,"turns":5},{"damage":61,"enemies":"Collector","floor":33,"turns":7}],"seed_played":"-3547319983238187186","potions_obtained":[{"floor":2,"key":"Poison Potion"},{"floor":10,"key":"SteroidPotion"},{"floor":16,"key":"GamblersBrew"},{"floor":21,"key":"Regen Potion"},{"floor":24,"key":"Regen Potion"},{"floor":28,"key":"PowerPotion"}],"is_trial":false,"path_per_floor":["M","M","?","$","?","E","?","M","T","E","T","$","$","E","R","B",null,"M","?","M","?","$","R","E","?","T","?","E","M","R","M","R","B"],"character_chosen":"IRONCLAD","items_purchased":["True Grit"],"campfire_rested":0,"item_purchase_floors":[4],"current_hp_per_floor":[80,80,80,80,73,79,72,75,75,68,68,68,68,59,59,21,80,76,76,79,76,76,76,49,49,49,49,47,53,53,56,56,0],"gold":294,"neow_bonus":"THREE_ENEMY_KILL","is_prod":false,"is_daily":false,"chose_seed":false,"campfire_upgraded":4,"win_rate":0,"timestamp":1559584450,"path_taken":["M","M","?","$","?","E","?","M","T","E","?","?","$","E","R","BOSS","M","?","M","?","$","R","E","?","T","?","E","M","R","M","R","BOSS"],"build_version":"2019-01-23","purchased_purges":1,"victory":false,"max_hp_per_floor":[80,80,80,80,80,80,80,80,80,80,80,80,80,80,80,80,80,80,80,80,80,80,80,80,80,80,80,80,80,80,80,80,80],"card_choices":[{"not_picked":["Wild Strike","Warcry","Entrench"],"picked":"SKIP","floor":1},{"not_picked":["Havoc","Headbutt"],"picked":"Evolve","floor":2},{"not_picked":["Havoc","Body Slam"],"picked":"Hemokinesis","floor":6},{"not_picked":["Dropkick","Iron Wave"],"picked":"Uppercut","floor":8},{"not_picked":["Body Slam","Clash"],"picked":"Armaments","floor":10},{"not_picked":["Sword Boomerang","Searing Blow"],"picked":"Disarm","floor":14},{"not_picked":["Brutality","Bludgeon"],"picked":"Offering","floor":16},{"not_picked":["Reckless Charge","Headbutt"],"picked":"Whirlwind+1","floor":18},{"not_picked":["Shockwave","Cleave+1"],"picked":"Spot Weakness","floor":20},{"not_picked":["Wild Strike","Searing Blow"],"picked":"Rupture","floor":21},{"not_picked":["Warcry","Dark Embrace"],"picked":"True Grit+1","floor":24},{"not_picked":["Sword Boomerang","Iron Wave+1"],"picked":"Shrug It Off","floor":28},{"not_picked":["Pommel Strike","Flex+1"],"picked":"Headbutt+1","floor":29},{"not_picked":["Havoc","Flex"],"picked":"Combust","floor":31}],"player_experience":447724,"relics_obtained":[{"floor":6,"key":"War Paint"},{"floor":9,"key":"Bottled Flame"},{"floor":10,"key":"Sundial"},{"floor":11,"key":"Bottled Tornado"},{"floor":14,"key":"Juzu Bracelet"},{"floor":21,"key":"Red Mask"},{"floor":24,"key":"Ginger"},{"floor":26,"key":"Ornamental Fan"},{"floor":28,"key":"Charon\u0027s Ashes"}],"event_choices":[{"damage_healed":0,"gold_gain":0,"player_choice":"Grow","damage_taken":0,"max_hp_gain":0,"max_hp_loss":0,"event_name":"Living Wall","floor":3,"gold_loss":0,"cards_upgraded":["Bash"]},{"damage_healed":0,"gold_gain":0,"player_choice":"Success","damage_taken":7,"relics_obtained":["Thread and Needle"],"max_hp_gain":0,"max_hp_loss":0,"event_name":"Scrap Ooze","floor":5,"gold_loss":0},{"cards_removed":["Strike_R"],"damage_healed":0,"gold_gain":0,"player_choice":"Card Removal","damage_taken":7,"max_hp_gain":0,"max_hp_loss":0,"event_name":"Golden Wing","floor":7,"gold_loss":0},{"damage_healed":0,"gold_gain":0,"player_choice":"Bet on Murderer","damage_taken":0,"max_hp_gain":0,"max_hp_loss":0,"event_name":"The Joust","floor":19,"gold_loss":50},{"damage_healed":0,"gold_gain":0,"player_choice":"Fought Bandits","damage_taken":0,"max_hp_gain":0,"max_hp_loss":0,"event_name":"Masked Bandits","floor":21,"gold_loss":0},{"cards_removed":["Strike_R"],"damage_healed":0,"gold_gain":0,"player_choice":"Gave Gold","damage_taken":0,"max_hp_gain":0,"max_hp_loss":0,"event_name":"Beggar","floor":25,"gold_loss":75},{"cards_removed":["Strike_R"],"damage_healed":0,"gold_gain":0,"player_choice":"Purged","damage_taken":0,"max_hp_gain":0,"max_hp_loss":0,"event_name":"Purifier","floor":27,"gold_loss":0}],"is_beta":false,"boss_relics":[{"not_picked":["Coffee Dripper","Orrery"],"picked":"Runic Dome"}],"items_purged_floors":[4],"is_endless":false,"potions_floor_spawned":[2,10,16,21,24,28,31],"killed_by":"Collector","ascension_level":0}