{"gold_per_floor":[111,111,111,111,128,128,141,172,172,172,186,201,72,97,97,201,201,220,220,230,250,262,297,297,314,314,331,331,431,461,481,481,581,581,598,614,614,631,644,670,204,215,215,215,242,242,254,281,281,281,281,281,112,144,144],"floor_reached":56,"playtime":3720,"items_purged":["Strike_G","Strike_G"],"score":1366,"play_id":"cf0ba97a-51c6-4c6a-bbde-eac4dfe5ee7e","local_time":"20190529201227","is_ascension_mode":false,"campfire_choices":[{"floor":6.0,"key":"REST"},{"data":"Glass Knife","floor":10.0,"key":"SMITH"},{"data":"Neutralize","floor":15.0,"key":"SMITH"},{"floor":24.0,"key":"REST"},{"data":"Blade Dance","floor":28.0,"key":"SMITH"},{"data":"Dodge and Roll","floor":32.0,"key":"SMITH"},{"floor":44.0,"key":"REST"},{"floor":46.0,"key":"RECALL"},{"floor":49.0,"key":"REST"},{"data":"Survivor","floor":52.0,"key":"SMITH"}],"neow_cost":"PERCENT_DAMAGE","seed_source_timestamp":752572698642967,"circlet_count":0,"master_deck":["Defend_G","Defend_G","Defend_G","Defend_G","Defend_G","Strike_G+1","Survivor+1","Neutralize+1","Flying Knee+1","Dodge and Roll+1","Glass Knife+1","Infinite Blades+1","Accuracy+1","Footwork+1","Blade Dance+1","Deflect+1","Malaise+1","Dodge and Roll+1","Blade Dance+1","Cloak And Dagger+1","Backflip+1","Tools of the Trade+1","Accuracy+1","Doppelganger+1","Caltrops+1","Doppelganger+1","Burst+1","Footwork+1","Night Terror+1"],"special_seed":0,"relics":["Ring of the Snake","Frozen Egg 2","Blue Candle","Toxic Egg 2","Runic Dome","Question Card","Smiling Mask","Kunai","Dodecahedron","Eternal Feather","Potion Belt","Mummified Hand","Pantograph","Bronze Scales","StoneCalendar"],"potions_floor_usage":[55,55,55,55],"damage_taken":[{"damage":0.0,"enemies":"Small Slimes","floor":1.0,"turns":3.0},{"damage":0.0,"enemies":"2 Louse","floor":5.0,"turns":3.0},{"damage":0.0,"enemies":"Jaw Worm","floor":7.0,"turns":6.0},{"damage":29.0,"enemies":"Gremlin Nob","floor":8.0,"turns":6.0},{"damage":1.0,"enemies":"Large Slime","floor":11.0,"turns":5.0},{"damage":11.0,"enemies":"Gremlin Gang","floor":12.0,"turns":6.0},{"damage":6.0,"enemies":"3 Sentries","floor":14.0,"turns":5.0},{"damage":0.0,"enemies":"Hexaghost","floor":16.0,"turns":9.0},{"damage":12.0,"enemies":"Spheric Guardian","floor":18.0,"turns":4.0},{"damage":0.0,"enemies":"Shell Parasite","floor":20.0,"turns":8.0},{"damage":4.0,"enemies":"Cultist and Chosen","floor":21.0,"turns":7.0},{"damage":10.0,"enemies":"Snake Plant","floor":22.0,"turns":5.0},{"damage":20.0,"enemies":"Slavers","floor":23.0,"turns":4.0},{"damage":0.0,"enemies":"Snecko","floor":25.0,"turns":7.0},{"damage":1.0,"enemies":"Shelled Parasite and Fungi","floor":27.0,"turns":6.0},{"damage":4.0,"enemies":"Gremlin Leader","floor":30.0,"turns":7.0},{"damage":0.0,"enemies":"Sentry and Sphere","floor":31.0,"turns":4.0},{"damage":0.0,"enemies":"Champ","floor":33.0,"turns":9.0},{"damage":4.0,"enemies":"3 Shapes","floor":35.0,"turns":3.0},{"damage":16.0,"enemies":"3 Darklings","floor":36.0,"turns":6.0},{"damage":0.0,"enemies":"Transient","floor":38.0,"turns":5.0},{"damage":0.0,"enemies":"Maw","floor":39.0,"turns":7.0},{"damage":17.0,"enemies":"Reptomancer","floor":40.0,"turns":8.0},{"damage":6.0,"enemies":"Sphere and 2 Shapes","floor":42.0,"turns":6.0},{"damage":0.0,"enemies":"Nemesis","floor":45.0,"turns":5.0},{"damage":7.0,"enemies":"Jaw Worm Horde","floor":47.0,"turns":5.0},{"damage":15.0,"enemies":"Reptomancer","floor":48.0,"turns":6.0},{"damage":26.0,"enemies":"Time Eater","floor":50.0,"turns":12.0},{"damage":23,"enemies":"Shield and Spear","floor":54,"turns":6},{"damage":35,"enemies":"The Heart","floor":55,"turns":8}],"seed_played":"-4978938075255513046","potions_obtained":[{"floor":1.0,"key":"PowerPotion"},{"floor":12.0,"key":"FearPotion"},{"floor":14.0,"key":"GhostInAJar"},{"floor":20.0,"key":"Strength Potion"},{"floor":23.0,"key":"FearPotion"},{"floor":27.0,"key":"AttackPotion"},{"floor":40.0,"key":"EssenceOfSteel"},{"floor":42.0,"key":"FearPotion"},{"floor":47.0,"key":"Fruit Juice"},{"floor":48.0,"key":"Block Potion"}],"is_trial":false,"path_per_floor":["M","?","?","?","M","R","M","E","T","R","M","M","$","E","R","B",null,"M","?","M","M","M","E","R","M","T","M","R","?","E","M","R","B",null,"M","M","?","M","M","E","$","M","T","R","E","R","M","E","R","B",null,"R","$","E","B",null],"character_chosen":"THE_SILENT","items_purchased":["Footwork+1","Blade Dance","Mummified Hand","Caltrops+1","Doppelganger+1","PowerPotion","Footwork+1"],"campfire_rested":4,"item_purchase_floors":[13,13,41,41,41,53,53],"current_hp_per_floor":[63,56,39,39,39,64,64,35,35,35,34,23,23,17,17,17,84,72,72,72,68,58,38,63,63,63,62,62,62,58,58,58,58,84,80,64,64,64,64,47,47,41,41,80,80,80,78,63,85,59,85,85,85,62,50],"gold":144,"neow_bonus":"TWENTY_PERCENT_HP_BONUS","is_prod":false,"is_daily":false,"chose_seed":false,"campfire_upgraded":5,"win_rate":0,"timestamp":1559175147,"path_taken":["M","?","?","?","M","R","M","E","T","R","M","M","?","E","R","BOSS","M","?","M","M","M","E","R","M","T","M","R","?","E","M","R","BOSS","M","?","?","M","M","E","$","M","T","R","E","R","M","E","R","BOSS","R","$","E","BOSS"],"build_version":"2019-01-23","purchased_purges":2,"victory":true,"max_hp_per_floor":[84,84,84,84,84,84,84,84,84,84,84,84,84,84,84,84,84,84,84,84,84,84,84,84,84,84,84,84,84,84,84,84,84,84,84,84,80,80,80,80,80,80,80,80,80,80,85,85,85,85,85,85,85,85,85],"card_choices":[{"not_picked":["Noxious Fumes","Heel Hook"],"picked":"Flying Knee","floor":1.0},{"not_picked":["Cloak And Dagger","Acrobatics"],"picked":"Dodge and Roll","floor":5.0},{"not_picked":["Eviscerate","Heel Hook","Concentrate"],"picked":"SKIP","floor":7.0},{"not_picked":["Poisoned Stab","Reflex"],"picked":"Glass Knife","floor":8.0},{"not_picked":["Tactician","Predator"],"picked":"Infinite Blades+1","floor":11.0},{"not_picked":["Dodge and Roll","Reflex"],"picked":"Accuracy+1","floor":12.0},{"not_picked":["Acrobatics","Crippling Poison"],"picked":"Deflect","floor":14.0},{"not_picked":["Glass Knife","Bullet Time+1"],"picked":"Malaise+1","floor":16.0},{"not_picked":["Underhanded Strike","Noxious Fumes+1"],"picked":"Dodge and Roll+1","floor":18.0},{"not_picked":["Deflect+1","Prepared+1","Sucker Punch"],"picked":"Blade Dance+1","floor":20.0},{"not_picked":["Backflip+1","Deadly Poison+1","Concentrate+1"],"picked":"Cloak And Dagger+1","floor":21.0},{"not_picked":["Flying Knee+1","Noxious Fumes+1","Slice","Flechettes"],"picked":"SKIP","floor":22.0},{"not_picked":["Flying Knee","Poisoned Stab+1","Masterful Stab"],"picked":"Backflip+1","floor":23.0},{"not_picked":["Dash","Dagger Spray","Quick Slash","Deadly Poison+1"],"picked":"SKIP","floor":25.0},{"not_picked":["Backstab","Deadly Poison+1","Leg Sweep+1","Crippling Poison+1"],"picked":"SKIP","floor":27.0},{"not_picked":["Dash","Sucker Punch","Prepared+1"],"picked":"Tools of the Trade+1","floor":30.0},{"not_picked":["Reflex+1","Cloak And Dagger+1","Leg Sweep+1"],"picked":"Accuracy+1","floor":31.0},{"not_picked":["Die Die Die","Glass Knife","Venomology+1"],"picked":"Doppelganger+1","floor":33.0},{"not_picked":["Blade Dance+1","Prepared+1","Cloak And Dagger+1","Poisoned Stab"],"picked":"SKIP","floor":35.0},{"not_picked":["Poisoned Stab+1","Concentrate+1","Venomology+1","Eviscerate+1"],"picked":"SKIP","floor":36.0},{"not_picked":["Dagger Spray+1","Outmaneuver+1","PiercingWail+1","Acrobatics+1"],"picked":"SKIP","floor":38.0},{"not_picked":["Deflect+1","Crippling Poison+1","Noxious Fumes+1","Blade Dance+1"],"picked":"SKIP","floor":39.0},{"not_picked":["Deadly Poison+1","Underhanded Strike","Deflect+1","Corpse Explosion+1"],"picked":"SKIP","floor":40.0},{"not_picked":["Slice","Prepared+1","Dagger Spray+1","Flying Knee+1"],"picked":"SKIP","floor":42.0},{"not_picked":["Poisoned Stab","Deadly Poison+1","Dagger Spray"],"picked":"Burst+1","floor":45.0},{"not_picked":["Cloak And Dagger+1","Flechettes+1","Dodge and Roll+1","Infinite Blades+1"],"picked":"SKIP","floor":47.0},{"not_picked":["Dodge and Roll+1","Masterful Stab+1","Die Die Die","Dash"],"picked":"SKIP","floor":48.0},{"not_picked":["Finisher+1","Distraction+1","Concentrate+1"],"picked":"Night Terror+1","floor":54}],"player_experience":944334,"relics_obtained":[{"floor":8.0,"key":"Frozen Egg 2"},{"floor":9.0,"key":"Blue Candle"},{"floor":14.0,"key":"Toxic Egg 2"},{"floor":23.0,"key":"Smiling Mask"},{"floor":26.0,"key":"Kunai"},{"floor":30.0,"key":"Dodecahedron"},{"floor":40.0,"key":"Potion Belt"},{"floor":45.0,"key":"Pantograph"},{"floor":48.0,"key":"Bronze Scales"},{"floor":54,"key":"StoneCalendar"}],"event_choices":[{"cards_removed":["Strike_G"],"damage_healed":0.0,"max_hp_gain":0.0,"max_hp_loss":0.0,"gold_gain":0.0,"event_name":"Golden Wing","player_choice":"Card Removal","floor":2.0,"gold_loss":0.0,"damage_taken":7.0},{"damage_healed":0.0,"max_hp_gain":0.0,"max_hp_loss":0.0,"gold_gain":0.0,"event_name":"Shining Light","player_choice":"Entered Light","floor":3.0,"gold_loss":0.0,"damage_taken":17.0,"cards_upgraded":["Strike_G","Flying Knee"]},{"cards_removed":["Strike_G"],"damage_healed":0.0,"max_hp_gain":0.0,"max_hp_loss":0.0,"gold_gain":0.0,"event_name":"Living Wall","player_choice":"Forget","floor":4.0,"gold_loss":0.0,"damage_taken":0.0},{"damage_healed":0.0,"max_hp_gain":0.0,"max_hp_loss":0.0,"gold_gain":0.0,"event_name":"The Mausoleum","player_choice":"Opened","floor":19.0,"gold_loss":0.0,"damage_taken":0.0,"relics_obtained":["Question Card"]},{"damage_healed":0.0,"max_hp_gain":0.0,"max_hp_loss":0.0,"gold_gain":100.0,"event_name":"Golden Shrine","player_choice":"Pray","floor":29.0,"gold_loss":0.0,"damage_taken":0.0},{"damage_healed":0.0,"max_hp_gain":0.0,"max_hp_loss":4.0,"gold_gain":0.0,"event_name":"Winding Halls","player_choice":"Max HP","floor":37.0,"gold_loss":0.0,"damage_taken":0.0}],"is_beta":false,"boss_relics":[{"not_picked":["Velvet Choker","Astrolabe"],"picked":"Runic Dome"},{"not_picked":["HoveringKite","Snecko Eye"],"picked":"Eternal Feather"}],"items_purged_floors":[41,53],"is_endless":false,"potions_floor_spawned":[1,12,14,20,21,23,27,30,33,36,40,42,47,48],"ascension_level":0}