{"gold_per_floor":[116,116,129,6,23,52,52,83,109,141,141,171,181,206,206,280,280,291,291,307,205,120,120,131,158,158,158,173,173,189,189,189,263,263,275,275,375,421,421,448,448,448,474,474,491,491,98,98,98,98],"floor_reached":51,"playtime":2639,"items_purged":["Strike_R","Strike_R","Strike_R"],"score":1261,"play_id":"088475eb-3e00-4f98-8c31-76311a4fdded","local_time":"20191015184326","is_ascension_mode":true,"campfire_choices":[{"floor":7.0,"key":"REST"},{"data":"Demon Form","floor":11.0,"key":"SMITH"},{"floor":15,"key":"REST"},{"data":"True Grit","floor":23,"key":"SMITH"},{"data":"Sword Boomerang","floor":27,"key":"SMITH"},{"data":"Shockwave","floor":29,"key":"SMITH"},{"floor":32,"key":"REST"},{"floor":42,"key":"DIG"},{"floor":44,"key":"DIG"},{"data":"Armaments","floor":46,"key":"SMITH"},{"floor":49,"key":"DIG"}],"neow_cost":"TEN_PERCENT_HP_LOSS","seed_source_timestamp":525609091082199,"circlet_count":0,"master_deck":["AscendersBane","Strike_R","Defend_R","Defend_R","Defend_R","Defend_R","Bash","Master of Strategy","Twin Strike","Pommel Strike","Shockwave+1","Demon Form+1","Spot Weakness","Impervious","Sword Boomerang+1","True Grit+1","Armaments+1","Reaper","Shrug It Off+1","Sword Boomerang+1","Heavy Blade","Apotheosis"],"special_seed":0,"relics":["Burning Blood","Boot","Strawberry","Pear","Juzu Bracelet","Kunai","Smiling Mask","Blood Vial","Runic Pyramid","Red Skull","Darkstone Periapt","HornCleat","Sozu","Shovel","Prayer Wheel","Gambling Chip","StoneCalendar","Omamori","Champion Belt","Toy Ornithopter","TheAbacus","Ornamental Fan"],"potions_floor_usage":[13,20,33],"damage_taken":[{"damage":7.0,"enemies":"Jaw Worm","floor":1.0,"turns":3.0},{"damage":0.0,"enemies":"2 Louse","floor":3.0,"turns":3.0},{"damage":5.0,"enemies":"Small Slimes","floor":5.0,"turns":3.0},{"damage":61.0,"enemies":"Lagavulin","floor":6.0,"turns":7.0},{"damage":20.0,"enemies":"Gremlin Nob","floor":8.0,"turns":4.0},{"damage":45.0,"enemies":"3 Sentries","floor":10.0,"turns":10.0},{"damage":12,"enemies":"Looter","floor":13,"turns":3},{"damage":10,"enemies":"Lagavulin","floor":14,"turns":5},{"damage":33,"enemies":"The Guardian","floor":16,"turns":12},{"damage":1,"enemies":"Spheric Guardian","floor":18,"turns":4},{"damage":8,"enemies":"3 Byrds","floor":20,"turns":3},{"damage":15,"enemies":"Sentry and Sphere","floor":24,"turns":5},{"damage":39,"enemies":"Slavers","floor":25,"turns":5},{"damage":15,"enemies":"Snake Plant","floor":28,"turns":5},{"damage":3,"enemies":"Cultist and Chosen","floor":30,"turns":4},{"damage":34,"enemies":"Automaton","floor":33,"turns":7},{"damage":7,"enemies":"Orb Walker","floor":35,"turns":4},{"damage":0,"enemies":"Mind Bloom Boss Battle","floor":37,"turns":6},{"damage":51,"enemies":"2 Orb Walkers","floor":38,"turns":5},{"damage":18,"enemies":"Giant Head","floor":40,"turns":7},{"damage":12,"enemies":"3 Darklings","floor":45,"turns":4},{"damage":59,"enemies":"Time Eater","floor":50,"turns":7}],"seed_played":"-7226376272137605518","potions_obtained":[{"floor":3.0,"key":"BloodPotion"},{"floor":13,"key":"PowerPotion"},{"floor":14,"key":"LiquidBronze"},{"floor":25,"key":"ElixirPotion"},{"floor":33,"key":"BloodPotion"}],"is_trial":false,"path_per_floor":["M","?","M","$","M","E","R","E","T","E","R","?","M","E","R","B",null,"M","?","M","$","?","R","M","E","T","R","M","R","M","?","R","B",null,"M","?","?","?","?","E","?","R","T","R","M","R","$","?","R","B",null],"character_chosen":"IRONCLAD","items_purchased":["BloodPotion","True Grit","Heavy Blade","Toy Ornithopter","TheAbacus"],"campfire_rested":3,"item_purchase_floors":[4,21,47,47,47],"current_hp_per_floor":[67,56,62,62,63,28,50,46,46,7,7,7,18,14,39,14,67,74,69,69,69,69,69,62,31,31,31,24,24,29,29,54,28,71,85,81,81,81,81,69,69,69,69,69,81,81,81,81,81,28],"gold":98,"neow_bonus":"RANDOM_COLORLESS_2","is_prod":false,"is_daily":false,"chose_seed":false,"campfire_upgraded":5,"win_rate":0,"timestamp":1571157806,"path_taken":["M","?","M","$","M","E","R","E","T","E","R","?","M","E","R","BOSS","M","?","M","$","?","R","M","E","T","R","M","R","M","?","R","BOSS","M","?","?","?","?","E","?","R","T","R","M","R","$","?","R","BOSS"],"build_version":"2019-10-14","purchased_purges":3,"victory":true,"max_hp_per_floor":[68,68,68,68,68,75,75,85,85,85,85,85,85,85,85,85,85,85,85,85,85,85,85,85,85,85,85,85,85,85,85,85,85,85,85,81,81,81,81,81,81,81,81,81,81,81,81,81,81,81],"card_choices":[{"not_picked":["Mayhem","Magnetism"],"picked":"Master of Strategy","floor":0.0},{"not_picked":["Perfected Strike","Clash"],"picked":"Twin Strike","floor":1.0},{"not_picked":["Havoc","Flex","Headbutt"],"picked":"SKIP","floor":3.0},{"not_picked":["Heavy Blade","Wild Strike"],"picked":"Pommel Strike","floor":5.0},{"not_picked":["Intimidate","Wild Strike","Hemokinesis"],"picked":"SKIP","floor":6.0},{"not_picked":["Perfected Strike","Cleave"],"picked":"Shockwave","floor":8.0},{"not_picked":["Wild Strike","Sentinel"],"picked":"Demon Form","floor":10.0},{"not_picked":["Rampage","Perfected Strike"],"picked":"Spot Weakness","floor":13},{"not_picked":["Shrug It Off","Clothesline"],"picked":"Twin Strike","floor":14},{"not_picked":["Limit Break","Bludgeon"],"picked":"Impervious","floor":16},{"not_picked":["Wild Strike","Corruption"],"picked":"Sword Boomerang","floor":18},{"not_picked":["Flex","Second Wind+1","Pommel Strike"],"picked":"SKIP","floor":20},{"not_picked":["Twin Strike","Combust","Headbutt"],"picked":"SKIP","floor":24},{"not_picked":["Infernal Blade","Clash","Double Tap"],"picked":"SKIP","floor":25},{"not_picked":["Flex","Burning Pact","Shockwave"],"picked":"SKIP","floor":28},{"not_picked":["Entrench","Heavy Blade","Iron Wave"],"picked":"SKIP","floor":30},{"not_picked":["Barricade","Feed"],"picked":"Reaper","floor":33},{"not_picked":["Havoc","Thunderclap"],"picked":"Shrug It Off+1","floor":35},{"not_picked":["Second Wind","Heavy Blade"],"picked":"Sword Boomerang+1","floor":38},{"not_picked":["Dropkick","Hemokinesis","Warcry"],"picked":"SKIP","floor":40},{"not_picked":["Twin Strike","Wild Strike","Pommel Strike+1"],"picked":"SKIP","floor":45},{"not_picked":["Burning Pact","Second Wind","Inflame"],"picked":"SKIP","floor":45},{"not_picked":["Bandage Up","Finesse"],"picked":"Apotheosis","floor":48}],"player_experience":1035284,"relics_obtained":[{"floor":6.0,"key":"Strawberry"},{"floor":8.0,"key":"Pear"},{"floor":9.0,"key":"Juzu Bracelet"},{"floor":10.0,"key":"Kunai"},{"floor":14,"key":"Blood Vial"},{"floor":25,"key":"Darkstone Periapt"},{"floor":26,"key":"HornCleat"},{"floor":37,"key":"Shovel"},{"floor":38,"key":"Prayer Wheel"},{"floor":40,"key":"Gambling Chip"},{"floor":42,"key":"StoneCalendar"},{"floor":43,"key":"Omamori"},{"floor":44,"key":"Champion Belt"},{"floor":49,"key":"Ornamental Fan"}],"event_choices":[{"damage_healed":0.0,"max_hp_gain":0.0,"max_hp_loss":0.0,"gold_gain":0.0,"event_name":"Scrap Ooze","player_choice":"Success","floor":2.0,"gold_loss":0.0,"damage_taken":11.0,"relics_obtained":["Boot"]},{"damage_healed":0,"gold_gain":30,"player_choice":"Searched \u00272\u0027 times","damage_taken":0,"relics_obtained":["Smiling Mask"],"max_hp_gain":0,"max_hp_loss":0,"event_name":"Dead Adventurer","floor":12,"gold_loss":0},{"damage_healed":0,"gold_gain":0,"player_choice":"Bought 0 Potions","damage_taken":0,"max_hp_gain":0,"max_hp_loss":0,"event_name":"The Woman in Blue","floor":19,"gold_loss":0},{"damage_healed":0,"gold_gain":0,"player_choice":"Obtained Relic","damage_taken":0,"relics_obtained":["Red Skull"],"max_hp_gain":0,"max_hp_loss":0,"event_name":"Addict","floor":22,"gold_loss":85},{"damage_healed":0,"gold_gain":0,"cards_transformed":["Strike_R"],"player_choice":"Transformed","damage_taken":0,"max_hp_gain":0,"max_hp_loss":0,"event_name":"Transmorgrifier","floor":31,"gold_loss":0,"cards_obtained":["Armaments"]},{"damage_healed":0,"gold_gain":0,"player_choice":"Max HP","damage_taken":0,"max_hp_gain":0,"max_hp_loss":4,"event_name":"Winding Halls","floor":36,"gold_loss":0},{"damage_healed":0,"gold_gain":0,"player_choice":"Fight","damage_taken":0,"max_hp_gain":0,"max_hp_loss":0,"event_name":"MindBloom","floor":37,"gold_loss":0},{"damage_healed":0,"gold_gain":0,"player_choice":"Fight","damage_taken":0,"max_hp_gain":0,"max_hp_loss":0,"event_name":"Mysterious Sphere","floor":38,"gold_loss":0},{"cards_removed":["Twin Strike"],"damage_healed":0,"gold_gain":0,"player_choice":"Removed Attack","damage_taken":0,"max_hp_gain":0,"max_hp_loss":0,"event_name":"Falling","floor":39,"gold_loss":0},{"damage_healed":0,"gold_gain":0,"player_choice":"Ignored","damage_taken":0,"max_hp_gain":0,"max_hp_loss":0,"event_name":"Tomb of Lord Red Mask","floor":41,"gold_loss":0},{"damage_healed":0,"gold_gain":0,"player_choice":"Memory 1","damage_taken":0,"max_hp_gain":0,"max_hp_loss":0,"event_name":"SensoryStone","floor":48,"gold_loss":0}],"is_beta":true,"boss_relics":[{"not_picked":["Coffee Dripper","SlaversCollar"],"picked":"Runic Pyramid"},{"not_picked":["Black Star","Tiny House"],"picked":"Sozu"}],"items_purged_floors":[4,21,47],"is_endless":false,"potions_floor_spawned":[3,13,14,18,25,33,38,45],"ascension_level":15}