{"gold_per_floor":[10,10,20,32,32,62,62,87,87,11,11,11],"floor_reached":12,"playtime":824,"items_purged":[],"score":88,"play_id":"20708a44-9b88-4cea-a1e4-85a7a8a64293","local_time":"20191006010733","is_ascension_mode":false,"campfire_choices":[],"neow_cost":"NO_GOLD","seed_source_timestamp":122813444811000,"circlet_count":0,"master_deck":["Strike_B","Strike_B","Defend_B+1","Defend_B","Defend_B+1","Defend_B","Zap","Dualcast","Hologram","Conserve Battery","Sweeping Beam","Coolheaded","Echo Form","Static Discharge"],"relics":["Cracked Core","Potion Belt","Gremlin Horn","Mummified Hand"],"potions_floor_usage":[8,11],"damage_taken":[{"damage":0,"enemies":"2 Louse","floor":1,"turns":5},{"damage":1,"enemies":"Jaw Worm","floor":3,"turns":5},{"damage":0,"enemies":"Cultist","floor":4,"turns":3},{"damage":23,"enemies":"3 Sentries","floor":6,"turns":7},{"damage":45,"enemies":"Gremlin Nob","floor":8,"turns":6},{"damage":0,"enemies":"Exordium Thugs","floor":11,"turns":1},{"damage":9,"enemies":"Lots of Slimes","floor":12,"turns":1}],"seed_played":"-1619832885010970402","potions_obtained":[{"floor":3,"key":"FairyPotion"},{"floor":4,"key":"SmokeBomb"},{"floor":6,"key":"Block Potion"}],"is_trial":false,"path_per_floor":["M","?","M","M","?","E","?","E","T","$","M","M"],"character_chosen":"DEFECT","items_purchased":["Static Discharge"],"campfire_rested":0,"item_purchase_floors":[10],"current_hp_per_floor":[75,75,74,74,59,36,36,7,7,7,7,0],"gold":11,"neow_bonus":"REMOVE_TWO","is_prod":false,"is_daily":false,"chose_seed":false,"campfire_upgraded":0,"win_rate":0.0,"timestamp":1570338453,"path_taken":["M","?","M","M","?","E","?","E","T","?","M","M"],"build_version":"2019-07-17","purchased_purges":0,"victory":false,"max_hp_per_floor":[75,75,75,75,75,75,75,75,75,75,75,75],"card_choices":[{"not_picked":["Go for the Eyes","Sweeping Beam"],"picked":"Hologram","floor":1},{"not_picked":["Steam","Steam Power"],"picked":"Conserve Battery","floor":3},{"not_picked":["Reprogram","Barrage"],"picked":"Sweeping Beam","floor":4},{"not_picked":["Chaos","Streamline"],"picked":"Coolheaded","floor":6},{"not_picked":["Rebound","Sweeping Beam"],"picked":"Echo Form","floor":8}],"player_experience":41053,"relics_obtained":[{"floor":6,"key":"Potion Belt"},{"floor":8,"key":"Gremlin Horn"},{"floor":9,"key":"Mummified Hand"}],"event_choices":[{"damage_healed":0,"gold_gain":0,"player_choice":"Ignored","damage_taken":0,"max_hp_gain":0,"max_hp_loss":0,"event_name":"Golden Idol","floor":2,"gold_loss":0},{"damage_healed":0,"gold_gain":0,"player_choice":"Entered Light","damage_taken":15,"max_hp_gain":0,"max_hp_loss":0,"event_name":"Shining Light","floor":5,"gold_loss":0,"cards_upgraded":["Defend_B","Defend_B"]},{"damage_healed":0,"gold_gain":0,"player_choice":"Ignored","damage_taken":0,"max_hp_gain":0,"max_hp_loss":0,"event_name":"Golden Wing","floor":7,"gold_loss":0}],"is_beta":false,"boss_relics":[],"items_purged_floors":[],"is_endless":false,"potions_floor_spawned":[3,4,6],"killed_by":"Lots of Slimes","ascension_level":0}