{"gold_per_floor":[116,116,116,132,151,151,226,243,243,243,271,271,291,302,302,401,401,415,415,425,199,214,214,247,247,247,264,297,297,309,324,324,429,429,442,310,310,310,310,342,342,359,359,376,387,387,487,498,498,498,498,498,82,117,117],"floor_reached":55,"playtime":4087,"items_purged":["Strike_G"],"score":789,"play_id":"efb7614e-abef-4704-bc9f-1bd3150c5244","local_time":"20190123204548","is_ascension_mode":false,"campfire_choices":[{"data":"Flying Knee","floor":6,"key":"SMITH"},{"data":"Poisoned Stab","floor":10,"key":"SMITH"},{"data":"Footwork","floor":12,"key":"SMITH"},{"data":"Poisoned Stab","floor":15,"key":"SMITH"},{"data":"Dagger Throw","floor":23,"key":"SMITH"},{"data":"Glass Knife","floor":25,"key":"SMITH"},{"data":"Dagger Spray","floor":29,"key":"SMITH"},{"data":"Predator","floor":32,"key":"SMITH"},{"floor":41,"key":"RECALL"},{"floor":46,"key":"REST"},{"data":"Strike_G","floor":49,"key":"SMITH"},{"data":"Backflip","floor":52,"key":"SMITH"}],"neow_cost":"NONE","seed_source_timestamp":173102596223533,"circlet_count":0,"master_deck":["Defend_G","Defend_G","Defend_G","Defend_G","Defend_G+1","Strike_G","Strike_G","Strike_G+1","Survivor","Neutralize+1","Flying Knee+1","Backflip+1","Footwork+1","Poisoned Stab+1","Dagger Throw+1","Deflect+1","Poisoned Stab+1","Phantasmal Killer+1","Dagger Throw+1","Deflect+1","Prepared+1","Jack Of All Trades+1","Distraction+1","Dodge and Roll+1","Glass Knife+1","Dagger Spray+1","Well Laid Plans+1","Predator+1","Corpse Explosion+1","Panacea+1","Crippling Poison+1","Jack Of All Trades+1","Madness+1","Madness+1","Caltrops+1","PiercingWail+1","PiercingWail+1","Riddle With Holes","Secret Technique+1","PiercingWail+1"],"relics":["Ring of the Snake","Frozen Egg 2","Toxic Egg 2","Philosopher\u0027s Stone","Dodecahedron","Orichalcum","Sozu","Vajra","Pantograph","Mango","TheAbacus","Snake Skull"],"potions_floor_usage":[24,24,55],"damage_taken":[{"damage":0,"enemies":"2 Louse","floor":1,"turns":4},{"damage":0,"enemies":"Cultist","floor":4,"turns":4},{"damage":0,"enemies":"Small Slimes","floor":5,"turns":3},{"damage":0,"enemies":"3 Louse","floor":8,"turns":3},{"damage":11,"enemies":"Lagavulin","floor":11,"turns":7},{"damage":4,"enemies":"Blue Slaver","floor":13,"turns":3},{"damage":0,"enemies":"Exordium Wildlife","floor":14,"turns":4},{"damage":3,"enemies":"Hexaghost","floor":16,"turns":9},{"damage":0,"enemies":"Chosen","floor":18,"turns":4},{"damage":4,"enemies":"Spheric Guardian","floor":20,"turns":3},{"damage":0,"enemies":"Centurion and Healer","floor":22,"turns":3},{"damage":10,"enemies":"Book of Stabbing","floor":24,"turns":4},{"damage":4,"enemies":"Snake Plant","floor":27,"turns":3},{"damage":0,"enemies":"Slavers","floor":28,"turns":4},{"damage":7,"enemies":"Cultist and Chosen","floor":30,"turns":5},{"damage":7,"enemies":"Centurion and Healer","floor":31,"turns":6},{"damage":24,"enemies":"Champ","floor":33,"turns":13},{"damage":0,"enemies":"Orb Walker","floor":35,"turns":2},{"damage":15,"enemies":"Nemesis","floor":40,"turns":9},{"damage":0,"enemies":"3 Darklings","floor":42,"turns":4},{"damage":17,"enemies":"Maw","floor":44,"turns":7},{"damage":15,"enemies":"Writhing Mass","floor":45,"turns":4},{"damage":0,"enemies":"Mind Bloom Boss Battle","floor":47,"turns":5},{"damage":19,"enemies":"Jaw Worm Horde","floor":48,"turns":3},{"damage":29,"enemies":"Donu and Deca","floor":50,"turns":6},{"damage":30,"enemies":"Shield and Spear","floor":54,"turns":5},{"damage":113,"enemies":"The Heart","floor":55,"turns":8}],"seed_played":"-8363072262206524917","potions_obtained":[{"floor":5,"key":"Weak Potion"},{"floor":13,"key":"Weak Potion"},{"floor":14,"key":"Poison Potion"},{"floor":16,"key":"Swift Potion"},{"floor":18,"key":"Fire Potion"},{"floor":20,"key":"FearPotion"},{"floor":33,"key":"FairyPotion"}],"is_trial":false,"path_per_floor":["M","?","?","M","M","R","?","M","T","R","E","R","M","M","R","B",null,"M","?","M","$","M","R","E","R","T","M","E","R","M","M","R","B",null,"M","$","?","?","?","E","R","M","T","M","M","R","?","M","R","B",null,"R","$","E","B"],"character_chosen":"THE_SILENT","items_purchased":["Jack Of All Trades+1","Distraction+1","Panacea+1","Crippling Poison+1","Riddle With Holes","TheAbacus","Secret Technique+1"],"campfire_rested":1,"item_purchase_floors":[21,21,36,36,53,53,53],"current_hp_per_floor":[77,62,62,62,62,62,55,55,55,55,44,44,40,40,40,37,77,77,77,73,73,73,73,63,63,63,59,59,59,52,45,45,21,77,77,77,77,67,67,52,52,52,52,35,20,43,82,63,63,59,91,91,91,61,0],"gold":117,"neow_bonus":"TEN_PERCENT_HP_BONUS","is_prod":false,"is_daily":false,"chose_seed":false,"campfire_upgraded":10,"win_rate":0,"timestamp":1548294348,"path_taken":["M","?","?","?","M","R","?","M","T","R","E","R","?","M","R","BOSS","M","?","M","$","M","R","E","R","T","M","E","R","?","M","R","BOSS","M","$","?","?","?","E","R","M","T","M","M","R","?","M","R","BOSS","R","$","E","BOSS"],"build_version":"2019-01-23","purchased_purges":1,"victory":false,"max_hp_per_floor":[77,77,77,77,77,77,77,77,77,77,77,77,77,77,77,77,77,77,77,77,77,77,77,77,77,77,77,77,77,77,77,77,77,77,77,77,77,77,77,77,77,77,77,77,77,77,91,91,91,91,91,91,91,91,91],"card_choices":[{"not_picked":["Noxious Fumes","Underhanded Strike"],"picked":"Flying Knee","floor":1},{"not_picked":["Quick Slash","Slice"],"picked":"Backflip","floor":4},{"not_picked":["Sucker Punch","Flying Knee"],"picked":"Footwork","floor":5},{"not_picked":["Deadly Poison","Choke"],"picked":"Poisoned Stab","floor":8},{"not_picked":["Choke","Expertise"],"picked":"Dagger Throw","floor":11},{"not_picked":["All Out Attack","Bouncing Flask+1"],"picked":"Deflect+1","floor":13},{"not_picked":["Setup+1","Finisher"],"picked":"Poisoned Stab","floor":14},{"not_picked":["Unload","After Image+1"],"picked":"Phantasmal Killer+1","floor":16},{"not_picked":["Noxious Fumes+1","Blade Dance+1"],"picked":"Dagger Throw+1","floor":18},{"not_picked":["PiercingWail+1","Expertise+1"],"picked":"Prepared+1","floor":20},{"not_picked":["Leg Sweep+1","Accuracy+1"],"picked":"Dodge and Roll+1","floor":22},{"not_picked":["Noxious Fumes+1","Expertise+1"],"picked":"Glass Knife","floor":24},{"not_picked":["Tactician+1","Quick Slash+1","Underhanded Strike"],"picked":"SKIP","floor":27},{"not_picked":["Slice","Poisoned Stab+1"],"picked":"Dagger Spray","floor":28},{"not_picked":["Catalyst+1","Bane"],"picked":"Well Laid Plans+1","floor":30},{"not_picked":["Calculated Gamble+1","Backstab"],"picked":"Predator","floor":31},{"not_picked":["Glass Knife","Bullet Time+1"],"picked":"Corpse Explosion+1","floor":33},{"not_picked":["Deflect+1","Flying Knee+1","Quick Slash+1"],"picked":"SKIP","floor":35},{"not_picked":["Panacea+1","Enlightenment+1"],"picked":"Jack Of All Trades+1","floor":37},{"not_picked":["Bane+1","Dagger Spray+1"],"picked":"Caltrops+1","floor":40},{"not_picked":["Deflect+1","Cloak And Dagger+1","Dagger Spray+1"],"picked":"SKIP","floor":42},{"not_picked":["All Out Attack","Underhanded Strike+1","Outmaneuver+1"],"picked":"SKIP","floor":44},{"not_picked":["Deflect+1","Bullet Time+1"],"picked":"PiercingWail+1","floor":45},{"not_picked":["Quick Slash","Underhanded Strike"],"picked":"PiercingWail+1","floor":48},{"not_picked":["Underhanded Strike+1","Prepared+1"],"picked":"PiercingWail+1","floor":54}],"player_experience":638743,"relics_obtained":[{"floor":9,"key":"Frozen Egg 2"},{"floor":11,"key":"Toxic Egg 2"},{"floor":24,"key":"Dodecahedron"},{"floor":28,"key":"Orichalcum"},{"floor":40,"key":"Vajra"},{"floor":43,"key":"Pantograph"},{"floor":47,"key":"Mango"},{"floor":54,"key":"Snake Skull"}],"event_choices":[{"damage_healed":0,"gold_gain":0,"player_choice":"Entered Light","damage_taken":15,"max_hp_gain":0,"max_hp_loss":0,"event_name":"Shining Light","floor":2,"gold_loss":0,"cards_upgraded":["Neutralize","Defend_G"]},{"cards_removed":["Strike_G"],"damage_healed":0,"gold_gain":0,"player_choice":"Offered Basic","damage_taken":0,"max_hp_gain":0,"max_hp_loss":0,"event_name":"Bonfire Elementals","floor":3,"gold_loss":0},{"damage_healed":0,"gold_gain":75,"player_choice":"Touch","damage_taken":7,"max_hp_gain":0,"max_hp_loss":0,"event_name":"FaceTrader","floor":7,"gold_loss":0},{"damage_healed":0,"gold_gain":0,"player_choice":"Copied","damage_taken":0,"max_hp_gain":0,"max_hp_loss":0,"event_name":"Duplicator","floor":19,"gold_loss":0,"cards_obtained":["Deflect"]},{"damage_healed":0,"gold_gain":0,"player_choice":"Memory 1","damage_taken":0,"max_hp_gain":0,"max_hp_loss":0,"event_name":"SensoryStone","floor":37,"gold_loss":0},{"damage_healed":0,"gold_gain":0,"player_choice":"Embrace Madness","damage_taken":10,"max_hp_gain":0,"max_hp_loss":0,"event_name":"Winding Halls","floor":38,"gold_loss":0,"cards_obtained":["Madness","Madness"]},{"damage_healed":0,"gold_gain":0,"player_choice":"Ignored","damage_taken":0,"max_hp_gain":0,"max_hp_loss":0,"event_name":"Tomb of Lord Red Mask","floor":39,"gold_loss":0},{"damage_healed":0,"gold_gain":0,"player_choice":"Fight","damage_taken":0,"max_hp_gain":0,"max_hp_loss":0,"event_name":"MindBloom","floor":47,"gold_loss":0}],"is_beta":false,"boss_relics":[{"not_picked":["WristBlade","Snecko Eye"],"picked":"Philosopher\u0027s Stone"},{"not_picked":["Coffee Dripper","Runic Dome"],"picked":"Sozu"}],"items_purged_floors":[21],"is_endless":false,"potions_floor_spawned":[5,13,14,16,18,20,33,40,45,48,54],"killed_by":"The Heart","ascension_level":0}