{"gold_per_floor":[119,119,138,138,138,166,166,25,25,45,78,92,111,126,126,126],"floor_reached":16,"playtime":703,"items_purged":[],"score":260,"play_id":"ac0d2f3f-3f66-4092-82c3-927c566986f0","local_time":"20190605160754","is_ascension_mode":true,"campfire_choices":[{"data":"Zap","floor":7.0,"key":"SMITH"},{"data":"Creative AI","floor":15.0,"key":"SMITH"}],"neow_cost":"NONE","seed_source_timestamp":409655706281935,"circlet_count":0,"master_deck":["AscendersBane","Strike_B","Strike_B","Strike_B","Strike_B","Defend_B","Defend_B","Defend_B","Defend_B","Zap+1","Dualcast","Loop+1","Regret","Conserve Battery","Echo Form","Coolheaded","Glacier","Compile Driver","Self Repair","Creative AI+1","Cold Snap"],"special_seed":0,"relics":["Cracked Core","NeowsBlessing","Dream Catcher","Calipers","Potion Belt","Blue Candle","Boot"],"potions_floor_usage":[],"damage_taken":[{"damage":0.0,"enemies":"Small Slimes","floor":1.0,"turns":1.0},{"damage":0.0,"enemies":"Cultist","floor":3.0,"turns":1.0},{"damage":0.0,"enemies":"Gremlin Nob","floor":6.0,"turns":1.0},{"damage":8.0,"enemies":"Jaw Worm","floor":10.0,"turns":5.0},{"damage":25.0,"enemies":"3 Sentries","floor":11.0,"turns":8.0},{"damage":12.0,"enemies":"3 Louse","floor":12.0,"turns":4.0},{"damage":1.0,"enemies":"2 Fungi Beasts","floor":13.0,"turns":5.0},{"damage":27.0,"enemies":"Lots of Slimes","floor":14.0,"turns":5.0},{"damage":12,"enemies":"Hexaghost","floor":16,"turns":4}],"seed_played":"6178142346879324126","potions_obtained":[{"floor":3.0,"key":"LiquidBronze"},{"floor":11.0,"key":"Dexterity Potion"},{"floor":12.0,"key":"Dexterity Potion"},{"floor":14.0,"key":"Strength Potion"}],"is_trial":false,"path_per_floor":["M","?","M","?","?","E","R","$","T","M","E","M","M","M","R","B"],"character_chosen":"DEFECT","items_purchased":["Echo Form","Coolheaded"],"campfire_rested":0,"item_purchase_floors":[8,8],"current_hp_per_floor":[64,64,64,64,64,64,64,64,64,56,31,19,32,12,12,0],"gold":126,"neow_bonus":"THREE_ENEMY_KILL","is_prod":false,"is_daily":false,"chose_seed":false,"campfire_upgraded":2,"win_rate":0,"timestamp":1559743674,"path_taken":["M","?","?","?","?","E","R","$","T","M","E","M","M","M","R","BOSS"],"build_version":"2019-01-23","purchased_purges":0,"victory":false,"max_hp_per_floor":[71,71,71,71,71,71,71,71,71,71,71,71,71,71,71,71],"card_choices":[{"not_picked":["Go for the Eyes","Stack"],"picked":"Hologram","floor":1.0},{"not_picked":["Coolheaded","Recycle"],"picked":"Loop","floor":3.0},{"not_picked":["Hello World","Go for the Eyes"],"picked":"Conserve Battery","floor":6.0},{"not_picked":["Compile Driver","Static Discharge"],"picked":"Glacier","floor":10.0},{"not_picked":["Gash","Reinforced Body"],"picked":"Compile Driver","floor":11.0},{"not_picked":["Reinforced Body","Streamline"],"picked":"Self Repair","floor":12.0},{"not_picked":["Compile Driver","Cold Snap"],"picked":"Creative AI","floor":13.0},{"not_picked":["Fusion","Darkness"],"picked":"Cold Snap","floor":14.0}],"player_experience":456022,"relics_obtained":[{"floor":6.0,"key":"Potion Belt"},{"floor":9.0,"key":"Blue Candle"},{"floor":11.0,"key":"Boot"}],"event_choices":[{"cards_removed":["Hologram"],"damage_healed":0.0,"max_hp_gain":0.0,"max_hp_loss":0.0,"gold_gain":0.0,"event_name":"WeMeetAgain","player_choice":"Gave Card","floor":2.0,"gold_loss":0.0,"damage_taken":0.0,"relics_obtained":["Dream Catcher"]},{"damage_healed":0.0,"max_hp_gain":0.0,"max_hp_loss":0.0,"gold_gain":0.0,"event_name":"Big Fish","player_choice":"Box","floor":4.0,"gold_loss":0.0,"damage_taken":0.0,"relics_obtained":["Calipers"],"cards_obtained":["Regret"]},{"damage_healed":0.0,"max_hp_gain":0.0,"max_hp_loss":0.0,"gold_gain":0.0,"event_name":"Living Wall","player_choice":"Grow","floor":5.0,"gold_loss":0.0,"damage_taken":0.0,"cards_upgraded":["Loop"]}],"is_beta":false,"boss_relics":[],"items_purged_floors":[],"is_endless":false,"potions_floor_spawned":[3,11,12,14],"killed_by":"Hexaghost","ascension_level":18}