{"gold_per_floor":[113,123,139,139,165,200,200,200,200,225,225,241,261,271,271,368,368,379,379,389,42,52,52,83,83,83,118,151,151,168,188,188,290,290,310,326,342,564,564,264,264,296,319,349,349,39,39,53,53,53],"floor_reached":51,"playtime":3883,"items_purged":["Injury"],"score":1120,"play_id":"e2c394fc-81cc-46b5-a0d3-338920481f44","local_time":"20180915202133","is_ascension_mode":true,"campfire_choices":[{"floor":7,"key":"REST"},{"floor":11,"key":"REST"},{"data":"Glass Knife","floor":15,"key":"SMITH"},{"data":"Panacea","floor":23,"key":"SMITH"},{"data":"Glass Knife","floor":25,"key":"SMITH"},{"data":"1","floor":29,"key":"LIFT"},{"floor":32,"key":"REST"},{"data":"2","floor":41,"key":"LIFT"},{"floor":45,"key":"REST"},{"floor":49,"key":"REST"}],"neow_cost":"","seed_source_timestamp":778433524913125,"circlet_count":0,"master_deck":["Defend_G","Defend_G","Defend_G","Defend_G+1","Defend_G+1","Strike_G","Strike_G","Strike_G","Strike_G","Strike_G","Survivor","Neutralize","Flying Knee","Deflect","Riddle With Holes","Flying Knee","Backflip","Glass Knife+1","Glass Knife+1","Cloak And Dagger","Leg Sweep","Crippling Poison+1","Panacea+1","All Out Attack+1","Infinite Blades","Blade Dance","Adrenaline","Finisher+1","Footwork+1","Night Terror","Blade Dance+1","Well Laid Plans","Skewer+1","Footwork+1","Dodge and Roll+1"],"relics":["Ring of the Snake","Art of War","Pen Nib","Matryoshka","Ornamental Fan","War Paint","Mercury Hourglass","Cursed Key","Molten Egg 2","Boot","Omamori","Bottled Flame","Red Mask","Girya","Sozu","Bag of Preparation","FossilizedHelix","Oddly Smooth Stone","Vajra","Ice Cream"],"potions_floor_usage":[10,16,16,16,28,33,33,42],"damage_taken":[{"damage":2,"enemies":"Cultist","floor":1,"turns":4},{"damage":1,"enemies":"2 Louse","floor":2,"turns":3},{"damage":3,"enemies":"Jaw Worm","floor":3,"turns":3},{"damage":40,"enemies":"Lagavulin","floor":6,"turns":8},{"damage":6,"enemies":"3 Sentries","floor":10,"turns":9},{"damage":0,"enemies":"Looter","floor":12,"turns":2},{"damage":0,"enemies":"2 Fungi Beasts","floor":13,"turns":3},{"damage":0,"enemies":"Blue Slaver","floor":14,"turns":3},{"damage":30,"enemies":"Hexaghost","floor":16,"turns":7},{"damage":0,"enemies":"3 Byrds","floor":18,"turns":4},{"damage":0,"enemies":"Spheric Guardian","floor":20,"turns":3},{"damage":4,"enemies":"Snecko","floor":22,"turns":5},{"damage":10,"enemies":"Book of Stabbing","floor":24,"turns":6},{"damage":4,"enemies":"Masked Bandits","floor":27,"turns":3},{"damage":0,"enemies":"Gremlin Leader","floor":28,"turns":4},{"damage":0,"enemies":"Centurion and Healer","floor":30,"turns":3},{"damage":0,"enemies":"Cultist and Chosen","floor":31,"turns":3},{"damage":47,"enemies":"Champ","floor":33,"turns":8},{"damage":0,"enemies":"3 Shapes","floor":35,"turns":3},{"damage":0,"enemies":"Orb Walker","floor":36,"turns":2},{"damage":2,"enemies":"3 Darklings","floor":37,"turns":3},{"damage":47,"enemies":"Giant Head","floor":42,"turns":8},{"damage":0,"enemies":"2 Orb Walkers","floor":44,"turns":3},{"damage":0,"enemies":"Maw","floor":48,"turns":6},{"damage":14,"enemies":"Donu and Deca","floor":50,"turns":9}],"seed_played":"7633677689276609647","potions_obtained":[{"floor":3,"key":"SkillPotion"},{"floor":10,"key":"Poison Potion"},{"floor":13,"key":"Strength Potion"},{"floor":14,"key":"EntropicBrew"},{"floor":27,"key":"Block Potion"},{"floor":31,"key":"LiquidBronze"},{"floor":33,"key":"Explosive Potion"}],"is_trial":false,"path_per_floor":["M","M","M","?","T","E","R","?","T","E","R","M","M","M","R","B",null,"M","?","M","$","M","R","E","R","T","?","E","R","M","M","R","B",null,"M","M","M","?","?","$","R","E","T","E","R","$","?","M","R","B"],"character_chosen":"THE_SILENT","items_purchased":["Panacea","Molten Egg 2","Bag of Preparation","Well Laid Plans","Ice Cream"],"campfire_rested":5,"item_purchase_floors":[21,21,40,40,46],"current_hp_per_floor":[61,60,57,57,57,17,38,38,38,32,53,53,53,53,53,23,58,58,58,58,58,54,54,44,44,44,40,40,40,40,40,61,14,56,56,56,54,54,54,54,54,7,7,7,28,28,28,28,49,35],"gold":53,"neow_bonus":"","is_prod":false,"is_daily":false,"chose_seed":false,"campfire_upgraded":3,"win_rate":0,"timestamp":1537057293,"path_taken":["M","?","M","?","?","E","R","?","T","E","R","M","?","M","R","BOSS","M","?","M","$","M","R","E","R","T","?","E","R","M","M","R","BOSS","M","M","?","?","?","$","R","E","T","E","R","$","?","M","R","BOSS"],"build_version":"2018-09-06","purchased_purges":1,"victory":true,"max_hp_per_floor":[70,70,70,70,70,70,70,70,70,70,70,70,70,70,70,70,70,70,70,70,70,70,70,70,70,70,70,70,70,70,70,70,70,70,70,70,70,70,70,70,70,70,70,70,70,70,70,70,70,70],"card_choices":[{"not_picked":["Dodge and Roll","Noxious Fumes"],"picked":"Poisoned Stab","floor":1},{"not_picked":["Heel Hook","Slice"],"picked":"Flying Knee","floor":2},{"not_picked":["Riddle With Holes","Heel Hook"],"picked":"Deflect","floor":3},{"not_picked":["Outmaneuver","Sucker Punch"],"picked":"Flying Knee","floor":6},{"not_picked":["Underhanded Strike","Quick Slash","Poisoned Stab"],"picked":"SKIP","floor":10},{"not_picked":["Bane","Masterful Stab"],"picked":"Backflip","floor":12},{"not_picked":["Bane","PiercingWail","Well Laid Plans"],"picked":"SKIP","floor":13},{"not_picked":["Deadly Poison","Slice"],"picked":"Glass Knife","floor":14},{"not_picked":["Phantasmal Killer","Envenom"],"picked":"Glass Knife","floor":16},{"not_picked":["Sucker Punch","Backflip"],"picked":"Cloak And Dagger","floor":18},{"not_picked":["Slice","Underhanded Strike"],"picked":"Crippling Poison+1","floor":20},{"not_picked":["Expertise","Riddle With Holes+1"],"picked":"All Out Attack+1","floor":22},{"not_picked":["Escape Plan+1","Bouncing Flask"],"picked":"Infinite Blades","floor":24},{"not_picked":["Bane+1","PiercingWail"],"picked":"Blade Dance","floor":27},{"not_picked":["Poisoned Stab+1","Flying Knee+1"],"picked":"Adrenaline","floor":28},{"not_picked":["Predator+1","Caltrops"],"picked":"Finisher+1","floor":30},{"not_picked":["Finisher+1","Crippling Poison"],"picked":"Footwork+1","floor":31},{"not_picked":["Adrenaline","Tools of the Trade"],"picked":"Night Terror","floor":33},{"not_picked":["Distraction+1","Flying Knee+1"],"picked":"Blade Dance+1","floor":35},{"not_picked":["Bouncing Flask","Blade Dance","Outmaneuver+1"],"picked":"SKIP","floor":36},{"not_picked":["Poisoned Stab+1","Deflect+1","Riddle With Holes+1"],"picked":"SKIP","floor":37},{"not_picked":["Calculated Gamble+1","Catalyst+1"],"picked":"Skewer+1","floor":42},{"not_picked":["Bouncing Flask","Noxious Fumes"],"picked":"Footwork+1","floor":44},{"not_picked":["Tactician+1","Cloak And Dagger"],"picked":"Dodge and Roll+1","floor":48}],"player_experience":436366,"relics_obtained":[{"floor":5,"key":"Art of War"},{"floor":6,"key":"Pen Nib"},{"floor":9,"key":"Ornamental Fan"},{"floor":9,"key":"War Paint"},{"floor":10,"key":"Mercury Hourglass"},{"floor":24,"key":"Boot"},{"floor":26,"key":"Omamori"},{"floor":26,"key":"Bottled Flame"},{"floor":27,"key":"Red Mask"},{"floor":28,"key":"Girya"},{"floor":42,"key":"FossilizedHelix"},{"floor":43,"key":"Oddly Smooth Stone"},{"floor":44,"key":"Vajra"}],"event_choices":[{"event_name":"Match and Keep!","player_choice":"1 cards matched","floor":4,"damage_taken":0},{"event_name":"Dead Adventurer","player_choice":"Searched \u00271\u0027 times","floor":8,"damage_taken":0},{"event_name":"The Library","player_choice":"Read","floor":19,"damage_taken":0},{"event_name":"Masked Bandits","player_choice":"Fought Bandits","floor":27,"damage_taken":0},{"event_name":"Tomb of Lord Red Mask","player_choice":"Wore Mask","floor":38,"damage_taken":0},{"event_name":"Mysterious Sphere","player_choice":"Ignore","floor":39,"damage_taken":0},{"event_name":"Falling","player_choice":"Removed Attack","floor":47,"damage_taken":0}],"is_beta":false,"boss_relics":[{"not_picked":["Velvet Choker","Orrery"],"picked":"Cursed Key"},{"not_picked":["Philosopher\u0027s Stone","Tiny House"],"picked":"Sozu"}],"items_purged_floors":[40],"is_endless":false,"potions_floor_spawned":[3,10,13,14,27,31,33,36,37,44,48],"ascension_level":9}