{"gold_per_floor":[118,132,132,146,165,165,190,190,213,231,243,278,278,293,293,396,396,410,421,130,159,169,197,197,211,211,224,224,239,250,270,270,374,374,390,405,7,18,31,31,59,76,102,134,149,149,160,186,186,186],"floor_reached":51,"playtime":5834,"items_purged":[],"score":904,"play_id":"cc4348be-09c2-4d58-a80a-1ea24d8c3285","local_time":"20180629224344","is_ascension_mode":false,"campfire_choices":[{"floor":6,"key":"REST"},{"data":"Shockwave","floor":13,"key":"SMITH"},{"data":"Perfected Strike","floor":15,"key":"SMITH"},{"floor":24,"key":"REST"},{"floor":32,"key":"REST"},{"floor":40,"key":"REST"},{"floor":46,"key":"REST"},{"floor":49,"key":"REST"}],"neow_cost":"FIFTY_PERCENT_DAMAGE","seed_source_timestamp":353413809713151,"circlet_count":0,"master_deck":["Strike_R","Strike_R","Strike_R","Strike_R","Strike_R","Defend_R","Defend_R","Bash+1","Iron Wave+1","Perfected Strike","Pommel Strike","Rupture","Shockwave+1","Shockwave","Fiend Fire","Twin Strike","Perfected Strike+1","Sword Boomerang","Demon Form","Brutality","Bloodletting","Perfected Strike+1","Blood for Blood","Battle Trance","Battle Trance+1","Pummel+1","Blood for Blood","Pommel Strike","Rage+1","Spot Weakness","Inflame","Berserk","Cleave+1","Perfected Strike+1","Flex+1","Perfected Strike+1","Inflame","Limit Break","Perfected Strike+1"],"relics":["Burning Blood","Ancient Tea Set","Boot","Oddly Smooth Stone","Dodecahedron","Fusion Hammer","Bag of Marbles","Red Mask","Kunai","Mercury Hourglass","Enchiridion","Runic Pyramid","Bottled Flame","Happy Flower","Lantern","Dream Catcher","Darkstone Periapt","Bag of Preparation"],"potions_floor_usage":[16,16,16,23,33,33,33,48,50,50,50],"damage_taken":[{"damage":8,"enemies":"2 Louse","floor":1,"turns":3},{"damage":0,"enemies":"Cultist","floor":2,"turns":2},{"damage":11,"enemies":"Jaw Worm","floor":4,"turns":2},{"damage":8,"enemies":"3 Louse","floor":5,"turns":5},{"damage":10,"enemies":"Gremlin Nob","floor":7,"turns":3},{"damage":0,"enemies":"Exordium Wildlife","floor":10,"turns":2},{"damage":5,"enemies":"Blue Slaver","floor":11,"turns":3},{"damage":8,"enemies":"3 Sentries","floor":12,"turns":4},{"damage":11,"enemies":"Lots of Slimes","floor":14,"turns":4},{"damage":0,"enemies":"Slime Boss","floor":16,"turns":3},{"damage":17,"enemies":"2 Thieves","floor":18,"turns":3},{"damage":1,"enemies":"Chosen","floor":19,"turns":3},{"damage":16,"floor":21,"turns":4},{"damage":12,"enemies":"Sentry and Sphere","floor":22,"turns":3},{"damage":16,"enemies":"Book of Stabbing","floor":23,"turns":3},{"damage":9,"enemies":"Cultist and Chosen","floor":25,"turns":3},{"damage":0,"enemies":"Snake Plant","floor":27,"turns":1},{"damage":18,"enemies":"Centurion and Healer","floor":29,"turns":3},{"damage":8,"enemies":"Snecko","floor":30,"turns":3},{"damage":3,"enemies":"Chosen and Byrds","floor":31,"turns":3},{"damage":7,"enemies":"Champ","floor":33,"turns":5},{"damage":20,"enemies":"3 Darklings","floor":35,"turns":3},{"damage":6,"enemies":"3 Shapes","floor":36,"turns":3},{"damage":0,"enemies":"Sphere and 2 Shapes","floor":38,"turns":2},{"damage":17,"enemies":"4 Shapes","floor":39,"turns":2},{"damage":5,"enemies":"2 Orb Walkers","floor":41,"turns":3},{"damage":0,"enemies":"3 Darklings","floor":42,"turns":2},{"damage":12,"enemies":"Nemesis","floor":44,"turns":3},{"damage":15,"enemies":"Maw","floor":45,"turns":5},{"damage":0,"enemies":"Sphere and 2 Shapes","floor":47,"turns":2},{"damage":0,"enemies":"2 Orb Walkers","floor":48,"turns":2},{"damage":34,"enemies":"Donu and Deca","floor":50,"turns":5}],"seed_played":"-8479198212733371804","potions_obtained":[{"floor":4,"key":"AttackPotion"},{"floor":5,"key":"Swift Potion"},{"floor":10,"key":"FearPotion"},{"floor":16,"key":"FairyPotion"},{"floor":21,"key":"Strength Potion"},{"floor":22,"key":"Dexterity Potion"},{"floor":27,"key":"Strength Potion"},{"floor":29,"key":"Swift Potion"},{"floor":35,"key":"FearPotion"},{"floor":38,"key":"PowerPotion"},{"floor":39,"key":"Poison Potion"},{"floor":45,"key":"Block Potion"},{"floor":48,"key":"AttackPotion"}],"is_trial":false,"path_per_floor":["M","M","?","M","M","R","E","?","T","M","M","E","R","M","R","B",null,"M","M","$","?","M","E","R","M","T","M","?","M","M","M","R","B",null,"M","M","$","M","M","R","E","M","T","E","M","R","M","E","R","B"],"character_chosen":"IRONCLAD","items_purchased":["Blood for Blood","Bag of Marbles","Battle Trance","Bottled Flame","Happy Flower"],"campfire_rested":6,"item_purchase_floors":[20,20,20,37,37],"current_hp_per_floor":[38,44,28,23,21,45,41,41,41,47,48,46,46,41,41,47,80,69,74,74,64,58,48,72,69,69,75,59,47,45,48,72,71,80,66,66,66,72,61,80,80,80,80,74,65,80,80,80,80,52],"gold":186,"neow_bonus":"TRANSFORM_TWO_CARDS","is_prod":false,"is_daily":false,"chose_seed":false,"campfire_upgraded":2,"win_rate":0.0,"timestamp":1530326624,"path_taken":["M","M","?","M","M","R","E","?","T","M","M","E","R","M","R","BOSS","M","M","$","?","M","E","R","M","T","M","?","M","M","M","R","BOSS","M","M","$","M","M","R","E","M","T","E","M","R","M","E","R","BOSS"],"build_version":"2018-06-28","purchased_purges":0,"victory":true,"max_hp_per_floor":[80,80,80,80,80,80,80,80,80,80,80,80,80,80,80,80,80,80,80,80,80,80,80,80,80,80,80,80,80,80,80,80,80,80,80,80,80,80,80,80,80,80,80,80,80,80,80,80,80,80],"card_choices":[{"not_picked":["Anger","Pummel"],"picked":"Pommel Strike","floor":1},{"not_picked":["Hemokinesis","Iron Wave"],"picked":"Rupture","floor":2},{"not_picked":["Heavy Blade","Rupture"],"picked":"Shockwave","floor":4},{"not_picked":["Clothesline","Thunderclap"],"picked":"Shockwave","floor":5},{"not_picked":["Headbutt","Combust"],"picked":"Fiend Fire","floor":7},{"not_picked":["Pommel Strike","Iron Wave"],"picked":"Twin Strike","floor":10},{"not_picked":["Blood for Blood","Rupture"],"picked":"Perfected Strike","floor":11},{"not_picked":["Entrench","Body Slam"],"picked":"Sword Boomerang","floor":12},{"not_picked":["True Grit","Heavy Blade"],"picked":"Demon Form","floor":14},{"not_picked":["Impervious","Demon Form"],"picked":"Brutality","floor":16},{"not_picked":["Pommel Strike","Rampage"],"picked":"Bloodletting","floor":18},{"not_picked":["Cleave+1","Flex"],"picked":"Perfected Strike+1","floor":19},{"not_picked":["Clothesline+1","Clash"],"picked":"Battle Trance+1","floor":21},{"not_picked":["Flame Barrier","Power Through"],"picked":"Pummel+1","floor":22},{"not_picked":["Flex","Hemokinesis+1"],"picked":"Blood for Blood","floor":23},{"not_picked":["Heavy Blade+1","Corruption+1"],"picked":"Pommel Strike","floor":25},{"not_picked":["Dual Wield","Thunderclap","Searing Blow"],"picked":"SKIP","floor":27},{"not_picked":["Burning Pact","Fiend Fire"],"picked":"Rage+1","floor":29},{"not_picked":["Corruption","Cleave"],"picked":"Spot Weakness","floor":30},{"not_picked":["Warcry","Power Through"],"picked":"Inflame","floor":31},{"not_picked":["Demon Form","Brutality"],"picked":"Berserk","floor":33},{"not_picked":["Anger+1","Flame Barrier"],"picked":"Cleave+1","floor":35},{"not_picked":["Sword Boomerang","Intimidate","Anger"],"picked":"SKIP","floor":36},{"not_picked":["Iron Wave+1","Anger","Metallicize"],"picked":"SKIP","floor":38},{"not_picked":["True Grit","Heavy Blade+1","Power Through+1"],"picked":"SKIP","floor":39},{"not_picked":["Feel No Pain","Sword Boomerang"],"picked":"Perfected Strike+1","floor":41},{"not_picked":["Uppercut","Clash"],"picked":"Flex+1","floor":42},{"not_picked":["Thunderclap","Clash","Feed"],"picked":"SKIP","floor":44},{"not_picked":["Heavy Blade+1","Clothesline"],"picked":"Perfected Strike+1","floor":45},{"not_picked":["Shrug It Off+1","Heavy Blade"],"picked":"Inflame","floor":46},{"not_picked":["Heavy Blade","Searing Blow","Sword Boomerang"],"picked":"SKIP","floor":47},{"not_picked":["Sever Soul+1","Shrug It Off+1"],"picked":"Limit Break","floor":48},{"not_picked":["Cleave+1","Rage+1"],"picked":"Perfected Strike+1","floor":49}],"player_experience":18840,"relics_obtained":[{"floor":7,"key":"Ancient Tea Set"},{"floor":9,"key":"Oddly Smooth Stone"},{"floor":12,"key":"Dodecahedron"},{"floor":21,"key":"Red Mask"},{"floor":23,"key":"Kunai"},{"floor":26,"key":"Mercury Hourglass"},{"floor":28,"key":"Enchiridion"},{"floor":41,"key":"Lantern"},{"floor":43,"key":"Dream Catcher"},{"floor":44,"key":"Darkstone Periapt"},{"floor":48,"key":"Bag of Preparation"}],"event_choices":[{"event_name":"Shining Light","player_choice":"Entered Light","floor":3,"damage_taken":0},{"event_name":"Dead Adventurer","player_choice":"Searched \u00272\u0027 times","floor":8,"damage_taken":0},{"event_name":"Masked Bandits","player_choice":"Fought over 130 gold","floor":21,"damage_taken":0},{"event_name":"Cursed Tome","player_choice":"Obtained Book","floor":28,"damage_taken":0}],"boss_relics":[{"not_picked":["Lizard Tail","Calling Bell"],"picked":"Fusion Hammer"},{"not_picked":["Runic Dome","Eternal Feather"],"picked":"Runic Pyramid"}],"items_purged_floors":[],"is_endless":false,"potions_floor_spawned":[4,5,10,12,16,21,22,27,29,30,35,38,39,45,48],"ascension_level":0}