{"gold_per_floor":[119,119,119,139,139,168,185,185,211,211,60,75,93,111,111,111],"floor_reached":16,"playtime":941,"items_purged":[],"score":117,"play_id":"7a416dd4-5778-468b-85f1-9954b7f6bcd9","local_time":"20191008200826","is_ascension_mode":true,"campfire_choices":[{"floor":8,"key":"REST"},{"data":"Blur","floor":10,"key":"SMITH"},{"data":"Neutralize","floor":15,"key":"SMITH"}],"neow_cost":"TEN_PERCENT_HP_LOSS","seed_source_timestamp":2328342749534400,"circlet_count":0,"master_deck":["Strike_G","Strike_G","Strike_G","Strike_G","Defend_G","Defend_G","Defend_G","Defend_G","Survivor","Neutralize+1","Flying Knee","Escape Plan","Blur+1","Sucker Punch","PiercingWail","Footwork"],"relics":["Ring of the Snake","Bag of Preparation","Ice Cream","Anchor","Vajra"],"potions_floor_usage":[12,16],"damage_taken":[{"damage":4,"enemies":"Cultist","floor":1,"turns":6},{"damage":1,"enemies":"Small Slimes","floor":4,"turns":3},{"damage":38,"enemies":"Gremlin Nob","floor":6,"turns":5},{"damage":0,"enemies":"2 Louse","floor":7,"turns":2},{"damage":3,"enemies":"Gremlin Gang","floor":12,"turns":6},{"damage":0,"enemies":"Large Slime","floor":13,"turns":5},{"damage":0,"enemies":"Blue Slaver","floor":14,"turns":4},{"damage":44,"enemies":"Hexaghost","floor":16,"turns":16}],"seed_played":"5531419035744053653","potions_obtained":[{"floor":4,"key":"PowerPotion"},{"floor":6,"key":"GhostInAJar"},{"floor":7,"key":"Regen Potion"}],"is_trial":false,"path_per_floor":["M","?","?","M","?","E","M","R","T","R","$","M","M","M","R","B"],"character_chosen":"THE_SILENT","items_purchased":["Vajra"],"campfire_rested":1,"item_purchase_floors":[11],"current_hp_per_floor":[59,64,52,51,51,13,13,33,33,33,33,44,44,44,44,0],"gold":111,"neow_bonus":"REMOVE_TWO","is_prod":false,"is_daily":false,"chose_seed":false,"campfire_upgraded":2,"win_rate":0,"timestamp":1570579706,"path_taken":["M","?","?","M","?","E","M","R","T","R","$","M","M","M","R","BOSS"],"build_version":"2019-07-17","purchased_purges":0,"victory":false,"max_hp_per_floor":[63,68,68,68,68,68,68,68,68,68,68,68,68,68,68,68],"card_choices":[{"not_picked":["Sucker Punch","Prepared"],"picked":"Flying Knee","floor":1},{"not_picked":["Acrobatics","Distraction"],"picked":"Escape Plan","floor":4},{"not_picked":["Acrobatics","Eviscerate"],"picked":"Blur","floor":6},{"not_picked":["Endless Agony","Eviscerate","Slice"],"picked":"SKIP","floor":7},{"not_picked":["Bane","Venomology"],"picked":"Sucker Punch","floor":12},{"not_picked":["Bane","Dagger Throw"],"picked":"PiercingWail","floor":13},{"not_picked":["Quick Slash","Cloak And Dagger"],"picked":"Footwork","floor":14}],"player_experience":355354,"relics_obtained":[{"floor":6,"key":"Ice Cream"},{"floor":9,"key":"Anchor"}],"event_choices":[{"damage_healed":0,"gold_gain":0,"player_choice":"Donut","damage_taken":0,"max_hp_gain":5,"max_hp_loss":0,"event_name":"Big Fish","floor":2,"gold_loss":0},{"damage_healed":0,"gold_gain":0,"player_choice":"Success","damage_taken":12,"relics_obtained":["Bag of Preparation"],"max_hp_gain":0,"max_hp_loss":0,"event_name":"Scrap Ooze","floor":3,"gold_loss":0},{"damage_healed":0,"gold_gain":0,"player_choice":"Ignored","damage_taken":0,"max_hp_gain":0,"max_hp_loss":0,"event_name":"Shining Light","floor":5,"gold_loss":0}],"is_beta":false,"boss_relics":[],"items_purged_floors":[],"is_endless":false,"potions_floor_spawned":[4,6,7],"killed_by":"Hexaghost","ascension_level":3}