{"gold_per_floor":[110,121,121,121,138,138,165,185,208,232,269,298,310,333,345,453,465,490,515,538,566,595,607,644,672,735,761,805,817,846,1058,1070,1185,1197,1227,825,845,858,471,471,501,511,511,526,526,172,204,220,220,220,220,220,26,61,61],"floor_reached":56,"playtime":3152,"items_purged":["Strike_R","Strike_R"],"score":1313,"play_id":"b987b1d1-6a7a-43b9-85e3-0a1612f47f5f","local_time":"20190312211321","is_ascension_mode":false,"campfire_choices":[{"data":"Inflame","floor":6.0,"key":"SMITH"},{"data":"Barricade","floor":13.0,"key":"SMITH"},{"data":"Ghostly Armor","floor":15.0,"key":"SMITH"},{"data":"Body Slam","floor":23.0,"key":"SMITH"},{"data":"Double Tap","floor":29.0,"key":"SMITH"},{"data":"Entrench","floor":32.0,"key":"SMITH"},{"floor":40.0,"key":"RECALL"},{"data":"Power Through","floor":45.0,"key":"SMITH"},{"floor":49,"key":"REST"},{"data":"Impervious","floor":52,"key":"SMITH"}],"neow_cost":"NONE","seed_source_timestamp":4319118830202205,"circlet_count":0,"master_deck":["Strike_R+1","Strike_R+1","Strike_R","Defend_R","Defend_R","Defend_R","Defend_R","Bash+1","Impervious+1","Thunderclap","Inflame+1","Headbutt+1","Barricade+1","Ghostly Armor+1","Double Tap+1","Headbutt+1","Body Slam","Body Slam+1","Uppercut+1","Whirlwind+1","Ghostly Armor+1","Power Through+1","Entrench+1","Offering","Thinking Ahead","Battle Trance+1","Shrug It Off","Shrug It Off+1"],"special_seed":0,"relics":["Burning Blood","Whetstone","Odd Mushroom","Pen Nib","MawBank","Boot","Sozu","Orichalcum","Potion Belt","Runic Dome","Bronze Scales","Ice Cream","Dodecahedron","Bag of Marbles","Oddly Smooth Stone","ClockworkSouvenir","Omamori","Centennial Puzzle","Blood Vial"],"potions_floor_usage":[55],"damage_taken":[{"damage":4.0,"enemies":"Jaw Worm","floor":1.0,"turns":4.0},{"damage":7.0,"enemies":"Small Slimes","floor":2.0,"turns":4.0},{"damage":1.0,"enemies":"Cultist","floor":5.0,"turns":3.0},{"damage":21.0,"enemies":"3 Sentries","floor":7.0,"turns":8.0},{"damage":23.0,"enemies":"The Mushroom Lair","floor":8.0,"turns":3.0},{"damage":20.0,"enemies":"Gremlin Nob","floor":11.0,"turns":4.0},{"damage":8.0,"enemies":"Lots of Slimes","floor":12.0,"turns":4.0},{"damage":0.0,"enemies":"3 Louse","floor":14.0,"turns":3.0},{"damage":18.0,"enemies":"Hexaghost","floor":16.0,"turns":10.0},{"damage":5.0,"enemies":"2 Thieves","floor":18.0,"turns":4.0},{"damage":5.0,"enemies":"Chosen","floor":19.0,"turns":3.0},{"damage":25.0,"enemies":"Centurion and Healer","floor":20.0,"turns":5.0},{"damage":0.0,"enemies":"Snecko","floor":21.0,"turns":4.0},{"damage":15.0,"enemies":"Snake Plant","floor":22.0,"turns":5.0},{"damage":19.0,"enemies":"Slavers","floor":24.0,"turns":3.0},{"damage":5.0,"enemies":"Cultist and Chosen","floor":25.0,"turns":4.0},{"damage":0.0,"enemies":"Sentry and Sphere","floor":27.0,"turns":4.0},{"damage":11.0,"enemies":"Gremlin Leader","floor":28.0,"turns":5.0},{"damage":0.0,"enemies":"Snecko","floor":30.0,"turns":2.0},{"damage":38.0,"enemies":"Automaton","floor":33.0,"turns":10.0},{"damage":6.0,"enemies":"3 Darklings","floor":35.0,"turns":3.0},{"damage":0.0,"enemies":"Orb Walker","floor":37.0,"turns":3.0},{"damage":6.0,"enemies":"3 Darklings","floor":38.0,"turns":1.0},{"damage":26.0,"enemies":"Nemesis","floor":41.0,"turns":5.0},{"damage":0.0,"enemies":"Maw","floor":42.0,"turns":8.0},{"damage":6.0,"enemies":"Jaw Worm Horde","floor":44.0,"turns":2.0},{"damage":19.0,"enemies":"Reptomancer","floor":47.0,"turns":4.0},{"damage":8,"enemies":"Sphere and 2 Shapes","floor":48,"turns":5},{"damage":27,"enemies":"Awakened One","floor":50,"turns":6},{"damage":26,"enemies":"Shield and Spear","floor":54,"turns":4},{"damage":0,"enemies":"The Heart","floor":55,"turns":6}],"seed_played":"6753047323675518057","potions_obtained":[{"floor":2.0,"key":"FearPotion"},{"floor":11.0,"key":"GamblersBrew"},{"floor":14.0,"key":"Poison Potion"},{"floor":16.0,"key":"SpeedPotion"}],"is_trial":false,"path_per_floor":["M","M","$","?","M","R","E","?","T","T","E","M","R","M","R","B",null,"M","M","M","M","M","R","E","M","T","M","E","R","M","?","R","B",null,"M","$","M","M","$","R","E","M","T","M","R","$","E","M","R","B",null,"R","$","E","B",null],"character_chosen":"IRONCLAD","items_purchased":["Bronze Scales","Thinking Ahead","Ice Cream","Oddly Smooth Stone","ClockworkSouvenir","Centennial Puzzle","Shrug It Off"],"campfire_rested":1,"item_purchase_floors":[36,36,39,46,46,53,53],"current_hp_per_floor":[80,79,79,63,68,68,53,36,36,36,22,20,20,26,26,14,80,80,80,61,67,58,58,45,46,46,52,47,47,53,53,53,21,80,80,80,80,80,80,80,60,66,66,66,66,66,53,51,75,54,80,80,80,60,68],"gold":61,"neow_bonus":"ONE_RANDOM_RARE_CARD","is_prod":false,"is_daily":false,"chose_seed":false,"campfire_upgraded":8,"win_rate":0,"timestamp":1552439601,"path_taken":["M","M","$","?","M","R","E","?","T","?","E","M","R","?","R","BOSS","M","M","M","M","M","R","E","M","T","M","E","R","M","?","R","BOSS","M","$","?","M","$","R","E","M","T","M","R","$","E","M","R","BOSS","R","$","E","BOSS"],"build_version":"2019-01-23","purchased_purges":2,"victory":true,"max_hp_per_floor":[80,80,80,80,80,80,80,80,80,80,80,80,80,80,80,80,80,80,80,80,80,80,80,80,80,80,80,80,80,80,80,80,80,80,80,80,80,80,80,80,80,80,80,80,80,80,80,80,80,80,80,80,80,80,80],"card_choices":[{"not_picked":["Clash","Havoc"],"picked":"Thunderclap","floor":1.0},{"not_picked":["Perfected Strike","Anger"],"picked":"Inflame","floor":2.0},{"not_picked":["Shrug It Off","Combust"],"picked":"Headbutt","floor":5.0},{"not_picked":["Anger","Thunderclap"],"picked":"Barricade","floor":7.0},{"not_picked":["Perfected Strike","Reckless Charge"],"picked":"Ghostly Armor","floor":8.0},{"not_picked":["Fire Breathing","Fiend Fire","Flex"],"picked":"SKIP","floor":11.0},{"not_picked":["Evolve","Headbutt","Pommel Strike"],"picked":"SKIP","floor":12.0},{"not_picked":["Blood for Blood","Havoc","Headbutt"],"picked":"SKIP","floor":14.0},{"not_picked":["Dark Embrace","Fiend Fire"],"picked":"Double Tap","floor":16.0},{"not_picked":["True Grit+1","Sever Soul"],"picked":"Headbutt+1","floor":18.0},{"not_picked":["Warcry","True Grit"],"picked":"Body Slam","floor":19.0},{"not_picked":["Heavy Blade","Sword Boomerang"],"picked":"Body Slam","floor":20.0},{"not_picked":["Flex","Sever Soul"],"picked":"Uppercut+1","floor":21.0},{"not_picked":["Perfected Strike","Shrug It Off+1"],"picked":"Whirlwind+1","floor":22.0},{"not_picked":["Pummel","Corruption"],"picked":"Ghostly Armor+1","floor":24.0},{"not_picked":["Perfected Strike","Rupture+1"],"picked":"Power Through","floor":25.0},{"not_picked":["Iron Wave+1","Sentinel","Armaments"],"picked":"SKIP","floor":27.0},{"not_picked":["Pommel Strike","Reckless Charge+1","Thunderclap+1"],"picked":"SKIP","floor":28.0},{"not_picked":["Body Slam+1","Shrug It Off"],"picked":"Entrench","floor":30.0},{"not_picked":["Barricade","Juggernaut"],"picked":"Offering","floor":33.0},{"not_picked":["Warcry+1","Armaments","Clothesline"],"picked":"SKIP","floor":35.0},{"not_picked":["Feel No Pain+1","Havoc","Twin Strike+1"],"picked":"SKIP","floor":37.0},{"not_picked":["Wild Strike","True Grit","Sword Boomerang+1"],"picked":"SKIP","floor":38.0},{"not_picked":["Inflame+1","Rampage+1","Evolve+1"],"picked":"SKIP","floor":41.0},{"not_picked":["Second Wind+1","Rupture+1","Limit Break"],"picked":"SKIP","floor":42.0},{"not_picked":["Bloodletting+1","Havoc","Sword Boomerang+1"],"picked":"SKIP","floor":44.0},{"not_picked":["Clash","Warcry"],"picked":"Battle Trance+1","floor":47.0},{"not_picked":["Anger","Headbutt+1","Sever Soul"],"picked":"SKIP","floor":48},{"not_picked":["Searing Blow+1","Dual Wield+1"],"picked":"Shrug It Off+1","floor":54}],"player_experience":719208,"relics_obtained":[{"floor":7.0,"key":"Whetstone"},{"floor":8.0,"key":"Odd Mushroom"},{"floor":9.0,"key":"Pen Nib"},{"floor":10.0,"key":"MawBank"},{"floor":11.0,"key":"Boot"},{"floor":24.0,"key":"Orichalcum"},{"floor":28.0,"key":"Potion Belt"},{"floor":41.0,"key":"Dodecahedron"},{"floor":43.0,"key":"Bag of Marbles"},{"floor":47.0,"key":"Omamori"},{"floor":54,"key":"Blood Vial"}],"event_choices":[{"damage_healed":0.0,"max_hp_gain":0.0,"max_hp_loss":0.0,"gold_gain":0.0,"event_name":"Shining Light","player_choice":"Entered Light","floor":4.0,"gold_loss":0.0,"damage_taken":16.0,"cards_upgraded":["Strike_R","Bash"]},{"damage_healed":0.0,"max_hp_gain":0.0,"max_hp_loss":0.0,"gold_gain":0.0,"event_name":"Mushrooms","player_choice":"Fought Mushrooms","floor":8.0,"gold_loss":0.0,"damage_taken":0.0},{"damage_healed":0.0,"max_hp_gain":0.0,"max_hp_loss":0.0,"gold_gain":250.0,"event_name":"The Joust","player_choice":"Bet on Owner","floor":31.0,"gold_loss":50.0,"damage_taken":0.0}],"is_beta":false,"boss_relics":[{"not_picked":["Velvet Choker","Ectoplasm"],"picked":"Sozu"},{"not_picked":["Snecko Eye","Runic Pyramid"],"picked":"Runic Dome"}],"items_purged_floors":[36,39],"is_endless":false,"potions_floor_spawned":[2,11,14,16,20,21,22,33,38,41,42,48],"ascension_level":0}