{"gold_per_floor":[114,125,300,31,31,31,59,59,59,70,90,118,118,118,118,221,271,286,302,132,144,144,144,176,188,200,227,266,293,405,16,16,113,113,130,146,0,0,16,16,28,28,28,28,128,7,7,25,25,25],"floor_reached":51,"playtime":4354,"items_purged":["Doubt","Defend_G","Defend_G"],"score":693,"play_id":"22150385-a69a-4037-a53f-20882d4186c0","local_time":"20191009224258","is_ascension_mode":false,"campfire_choices":[{"data":"Apotheosis","floor":6.0,"key":"SMITH"},{"floor":13.0,"key":"REST"},{"data":"Noxious Fumes","floor":15.0,"key":"SMITH"},{"floor":23.0,"key":"REST"},{"floor":32.0,"key":"REST"},{"floor":40.0,"key":"DIG"},{"floor":42.0,"key":"DIG"},{"floor":44.0,"key":"DIG"},{"floor":47.0,"key":"DIG"},{"floor":49,"key":"DIG"}],"neow_cost":"NONE","seed_source_timestamp":0,"circlet_count":0,"master_deck":["Defend_G","Defend_G+1","Defend_G","Survivor","Neutralize","Leg Sweep","Flying Knee","Apotheosis+1","Noxious Fumes+1","Expertise","Cloak And Dagger","Envenom","Backflip","Skewer","Blur","Die Die Die","Blade Dance","Bite","Bite","Bite","Bite","Bite","Terror","After Image","Accuracy","Cloak And Dagger","Storm of Steel","Accuracy"],"special_seed":0,"relics":["Ring of the Serpent","Strawberry","Mango","Dodecahedron","Regal Pillow","Tiny House","Mummified Hand","MawBank","PreservedInsect","Incense Burner","Shovel","Pear","Bag of Preparation","Red Mask","Snake Skull","Dream Catcher","FossilizedHelix","Ice Cream","Potion Belt","Sundial","Blood Vial"],"potions_floor_usage":[50],"damage_taken":[{"damage":0.0,"enemies":"2 Louse","floor":1.0,"turns":3.0},{"damage":0.0,"enemies":"Jaw Worm","floor":2.0,"turns":6.0},{"damage":12.0,"enemies":"Lagavulin","floor":7.0,"turns":10.0},{"damage":0.0,"enemies":"Small Slimes","floor":10.0,"turns":3.0},{"damage":1.0,"enemies":"Blue Slaver","floor":11.0,"turns":5.0},{"damage":10.0,"enemies":"3 Sentries","floor":12.0,"turns":8.0},{"damage":18.0,"enemies":"Slime Boss","floor":16.0,"turns":11.0},{"damage":0.0,"enemies":"2 Thieves","floor":18.0,"turns":4.0},{"damage":9.0,"enemies":"3 Byrds","floor":19.0,"turns":7.0},{"damage":20.0,"enemies":"Cultist and Chosen","floor":21.0,"turns":8.0},{"damage":40.0,"enemies":"Book of Stabbing","floor":24.0,"turns":8.0},{"damage":26.0,"enemies":"Sentry and Sphere","floor":27.0,"turns":14.0},{"damage":62.0,"enemies":"Slavers","floor":28.0,"turns":10.0},{"damage":2.0,"enemies":"Centurion and Healer","floor":29.0,"turns":7.0},{"damage":15.0,"enemies":"Colosseum Slavers","floor":30.0,"turns":6.0},{"damage":17.0,"enemies":"Colosseum Nobs","floor":30.0,"turns":4.0},{"damage":6.0,"enemies":"Automaton","floor":33.0,"turns":9.0},{"damage":2.0,"enemies":"Orb Walker","floor":35.0,"turns":4.0},{"damage":21.0,"enemies":"3 Darklings","floor":36.0,"turns":4.0},{"damage":1.0,"enemies":"Maw","floor":39.0,"turns":7.0},{"damage":0.0,"enemies":"Transient","floor":41.0,"turns":5.0},{"damage":0.0,"enemies":"4 Shapes","floor":48.0,"turns":3.0},{"damage":29,"enemies":"Awakened One","floor":50,"turns":14}],"seed_played":"7821704813340701724","potions_obtained":[{"floor":1.0,"key":"SkillPotion"},{"floor":7.0,"key":"Explosive Potion"},{"floor":10.0,"key":"SteroidPotion"},{"floor":17.0,"key":"Fire Potion"},{"floor":19.0,"key":"GhostInAJar"},{"floor":24.0,"key":"Strength Potion"},{"floor":27.0,"key":"Weak Potion"},{"floor":29.0,"key":"Energy Potion"},{"floor":36.0,"key":"Explosive Potion"},{"floor":39.0,"key":"GhostInAJar"}],"is_trial":false,"path_per_floor":["M","M","?","$","?","R","E","$","T","M","M","E","R","?","R","B",null,"M","M","$","M","?","R","E","?","T","M","E","M","?","$","R","B",null,"M","M","?","T","M","R","M","R","T","R","?","$","R","M","R","B",null],"character_chosen":"THE_SILENT","items_purchased":["Apotheosis","Blur","Accuracy","Cloak And Dagger","Bag of Preparation","Accuracy","Energy Potion"],"campfire_rested":3,"item_purchase_floors":[4,20,31,31,31,46,46],"current_hp_per_floor":[77,77,77,77,77,77,79,79,79,79,78,68,91,91,91,73,96,96,87,87,67,67,96,56,56,56,60,24,45,52,52,77,77,77,77,59,59,59,77,77,77,77,77,77,77,77,77,77,77,77],"gold":25,"neow_bonus":"RANDOM_COMMON_RELIC","is_prod":false,"is_daily":false,"chose_seed":false,"campfire_upgraded":2,"win_rate":0,"timestamp":1570675378,"path_taken":["M","M","?","$","?","R","E","$","T","M","M","E","R","?","R","BOSS","M","M","$","M","?","R","E","?","T","M","E","M","?","$","R","BOSS","M","M","?","?","?","R","M","R","T","R","?","$","R","M","R","BOSS"],"build_version":"2019-07-17","purchased_purges":3,"victory":true,"max_hp_per_floor":[77,77,77,77,77,77,91,91,91,91,91,91,91,91,91,91,96,96,96,96,96,96,96,96,67,67,67,67,67,77,77,77,77,77,77,77,77,77,77,77,77,77,77,77,77,77,77,77,77,77],"card_choices":[{"not_picked":["Reflex","Prepared"],"picked":"Leg Sweep","floor":1.0},{"not_picked":["Blade Dance","Slice"],"picked":"Flying Knee","floor":2.0},{"not_picked":["Poisoned Stab","Bane"],"picked":"Noxious Fumes","floor":7.0},{"not_picked":["Eviscerate","Deflect"],"picked":"Expertise","floor":10.0},{"not_picked":["Phantasmal Killer","Deadly Poison","Accuracy"],"picked":"SKIP","floor":11.0},{"not_picked":["Endless Agony","Setup"],"picked":"Cloak And Dagger","floor":12.0},{"not_picked":["After Image","Adrenaline"],"picked":"Envenom","floor":16.0},{"not_picked":["Underhanded Strike+1","Riddle With Holes"],"picked":"Backflip","floor":18.0},{"not_picked":["Footwork","Dash+1"],"picked":"Skewer","floor":19.0},{"not_picked":["Expertise","Dodge and Roll"],"picked":"Die Die Die","floor":21.0},{"not_picked":["Prepared","Dagger Throw"],"picked":"Blade Dance","floor":24.0},{"not_picked":["Dagger Throw","Endless Agony","Flying Knee+1"],"picked":"SKIP","floor":27.0},{"not_picked":["Flying Knee","Quick Slash"],"picked":"Terror","floor":28.0},{"not_picked":["Dagger Throw","PiercingWail","Riddle With Holes"],"picked":"SKIP","floor":29.0},{"not_picked":["Acrobatics","Quick Slash"],"picked":"After Image","floor":30.0},{"not_picked":["Unload","Night Terror"],"picked":"Storm of Steel","floor":33.0},{"not_picked":["Bouncing Flask+1","Quick Slash","Riddle With Holes"],"picked":"SKIP","floor":35.0},{"not_picked":["Eviscerate+1","Tactician+1","Deadly Poison+1"],"picked":"SKIP","floor":36.0},{"not_picked":["Acrobatics+1","Quick Slash+1","Dash"],"picked":"SKIP","floor":39.0},{"not_picked":["Bane+1","Die Die Die","Finisher"],"picked":"SKIP","floor":41.0},{"not_picked":["Dagger Spray+1","Underhanded Strike+1","Quick Slash+1"],"picked":"SKIP","floor":48.0}],"player_experience":361227,"relics_obtained":[{"floor":7.0,"key":"Mango"},{"floor":9.0,"key":"Dodecahedron"},{"floor":12.0,"key":"Regal Pillow"},{"floor":24.0,"key":"MawBank"},{"floor":26.0,"key":"PreservedInsect"},{"floor":28.0,"key":"Incense Burner"},{"floor":30.0,"key":"Shovel"},{"floor":30.0,"key":"Pear"},{"floor":38.0,"key":"Snake Skull"},{"floor":40.0,"key":"Dream Catcher"},{"floor":42.0,"key":"FossilizedHelix"},{"floor":43.0,"key":"Ice Cream"},{"floor":44.0,"key":"Potion Belt"},{"floor":47.0,"key":"Sundial"},{"floor":49,"key":"Blood Vial"}],"event_choices":[{"damage_healed":0.0,"max_hp_gain":0.0,"max_hp_loss":0.0,"gold_gain":175.0,"event_name":"Liars Game","player_choice":"AGREE","floor":3.0,"gold_loss":0.0,"damage_taken":0.0,"cards_obtained":["Doubt"]},{"cards_removed":["Strike_G"],"damage_healed":0.0,"max_hp_gain":0.0,"max_hp_loss":0.0,"gold_gain":0.0,"event_name":"Living Wall","player_choice":"Forget","floor":5.0,"gold_loss":0.0,"damage_taken":0.0},{"damage_healed":0.0,"max_hp_gain":0.0,"max_hp_loss":0.0,"gold_gain":0.0,"event_name":"Shining Light","player_choice":"Ignored","floor":14.0,"gold_loss":0.0,"damage_taken":0.0},{"damage_healed":0.0,"max_hp_gain":0.0,"max_hp_loss":0.0,"gold_gain":0.0,"event_name":"The Mausoleum","player_choice":"Opened","floor":22.0,"gold_loss":0.0,"damage_taken":0.0,"relics_obtained":["Mummified Hand"]},{"damage_healed":0.0,"max_hp_gain":0.0,"max_hp_loss":29.0,"gold_gain":0.0,"event_name":"Vampires","player_choice":"Became a vampire","floor":25.0,"gold_loss":0.0,"damage_taken":0.0,"cards_obtained":["Bite","Bite","Bite","Bite","Bite"]},{"damage_healed":0.0,"max_hp_gain":0.0,"max_hp_loss":0.0,"gold_gain":0.0,"event_name":"Colosseum","player_choice":"Fight","floor":30.0,"gold_loss":0.0,"damage_taken":0.0},{"damage_healed":0.0,"max_hp_gain":0.0,"max_hp_loss":0.0,"gold_gain":0.0,"event_name":"Colosseum","player_choice":"Fought Nobs","floor":30.0,"gold_loss":0.0,"damage_taken":0.0},{"damage_healed":0.0,"max_hp_gain":0.0,"max_hp_loss":0.0,"gold_gain":0.0,"event_name":"Tomb of Lord Red Mask","player_choice":"Paid","floor":37.0,"gold_loss":146.0,"damage_taken":0.0,"relics_obtained":["Red Mask"]},{"damage_healed":0.0,"max_hp_gain":0.0,"max_hp_loss":0.0,"gold_gain":100.0,"event_name":"Golden Shrine","player_choice":"Pray","floor":45.0,"gold_loss":0.0,"damage_taken":0.0}],"is_beta":false,"boss_relics":[{"not_picked":["Calling Bell","Velvet Choker"],"picked":"Tiny House"},{"not_picked":["Empty Cage","Busted Crown"],"picked":"Ring of the Serpent"}],"items_purged_floors":[4,20,31],"is_endless":false,"potions_floor_spawned":[1,7,10,12,19,24,27,28,29,36,39],"ascension_level":0}