{"gold_per_floor":[15,31,31,44,44,82,82,82],"floor_reached":8,"playtime":375,"items_purged":[],"score":92,"play_id":"b1e834f1-f907-4bf8-8b16-6cd1d7d6e3dc","local_time":"20190604213722","is_ascension_mode":true,"campfire_choices":[{"floor":7,"key":"REST"}],"neow_cost":"NO_GOLD","seed_source_timestamp":1279537253828453,"circlet_count":0,"master_deck":["AscendersBane","Defend_G","Defend_G","Defend_G","Defend_G","Defend_G","Strike_G","Strike_G","Strike_G","Strike_G","Survivor","Neutralize","A Thousand Cuts","Dagger Spray","Backflip","PiercingWail","Cloak And Dagger"],"special_seed":0,"relics":["Ring of the Snake","Golden Idol","Blue Candle"],"potions_floor_usage":[6],"damage_taken":[{"damage":1.0,"enemies":"Small Slimes","floor":1.0,"turns":4.0},{"damage":6.0,"enemies":"Jaw Worm","floor":2.0,"turns":5.0},{"damage":12,"enemies":"Cultist","floor":4,"turns":5},{"damage":32,"enemies":"Lagavulin","floor":6,"turns":9},{"damage":28,"enemies":"3 Sentries","floor":8,"turns":6}],"seed_played":"-857095388202131181","potions_obtained":[{"floor":1.0,"key":"Strength Potion"}],"is_trial":false,"path_per_floor":["M","M","?","M","?","E","R","E"],"character_chosen":"THE_SILENT","items_purchased":[],"campfire_rested":1,"item_purchase_floors":[],"current_hp_per_floor":[62,56,49,37,37,5,24,0],"gold":82,"neow_bonus":"THREE_RARE_CARDS","is_prod":false,"is_daily":false,"chose_seed":false,"campfire_upgraded":0,"win_rate":0,"timestamp":1559698642,"path_taken":["M","M","?","M","?","E","R","E"],"build_version":"2019-01-23","purchased_purges":0,"victory":false,"max_hp_per_floor":[70,70,70,70,65,65,65,65],"card_choices":[{"not_picked":["Corpse Explosion","Phantasmal Killer"],"picked":"A Thousand Cuts","floor":0.0},{"not_picked":["Accuracy","Choke"],"picked":"Dagger Spray","floor":1.0},{"not_picked":["PiercingWail","Prepared"],"picked":"Backflip","floor":2.0},{"not_picked":["PiercingWail","Accuracy","Prepared"],"picked":"SKIP","floor":4},{"not_picked":["Accuracy","Prepared"],"picked":"PiercingWail","floor":4},{"not_picked":["Outmaneuver","Prepared"],"picked":"Cloak And Dagger","floor":6}],"player_experience":975489,"relics_obtained":[{"floor":6,"key":"Blue Candle"}],"event_choices":[{"cards_removed":["Strike_G"],"damage_healed":0.0,"max_hp_gain":0.0,"max_hp_loss":0.0,"gold_gain":0.0,"event_name":"Golden Wing","player_choice":"Card Removal","floor":3.0,"gold_loss":0.0,"damage_taken":7.0},{"damage_healed":0,"gold_gain":0,"player_choice":"Lose Max HP","damage_taken":0,"relics_obtained":["Golden Idol"],"max_hp_gain":0,"max_hp_loss":5,"event_name":"Golden Idol","floor":5,"gold_loss":0}],"is_beta":false,"boss_relics":[],"items_purged_floors":[],"is_endless":false,"potions_floor_spawned":[1],"killed_by":"3 Sentries","ascension_level":13}