{"gold_per_floor":[109,109,25,25,44,44,72,88,88,123,123,153,173,191,191,264,264,283,283,283,208,226,226,254,254,280,280,280,280,280,298,298,374,374,389,409,78,178,192,192,217,64,89,89,89,89,89,0,0,0],"floor_reached":51,"playtime":3753,"items_purged":["Pain"],"score":1463,"play_id":"44d56240-22ea-471d-9921-897acaec5eb0","local_time":"20190601230609","is_ascension_mode":true,"campfire_choices":[{"data":"Noxious Fumes","floor":6.0,"key":"SMITH"},{"floor":11.0,"key":"REST"},{"data":"Leg Sweep","floor":15.0,"key":"SMITH"},{"data":"After Image","floor":23.0,"key":"SMITH"},{"floor":25.0,"key":"REST"},{"data":"J.A.X.","floor":32.0,"key":"SMITH"},{"data":"Corpse Explosion","floor":40.0,"key":"SMITH"},{"data":"Footwork","floor":44,"key":"SMITH"},{"data":"Panache","floor":47,"key":"SMITH"},{"data":"Blur","floor":49,"key":"SMITH"}],"neow_cost":"NONE","seed_source_timestamp":85791986530009,"circlet_count":0,"master_deck":["AscendersBane","Defend_G","Defend_G+1","Defend_G","Defend_G","Defend_G+1","Survivor","Deadly Poison+1","Noxious Fumes+1","Backflip","Calculated Gamble","Leg Sweep+1","Dodge and Roll","Leg Sweep","Acrobatics","After Image+1","Bite","Bite","Bite","Bite","J.A.X.+1","Riddle With Holes+1","Corpse Explosion+1","Dash","Bouncing Flask","Backflip+1","Blur+1","Footwork+1","Leg Sweep","Panache+1"],"special_seed":0,"relics":["Ring of the Snake","NeowsBlessing","WarpedTongs","War Paint","Mummified Hand","Juzu Bracelet","Lantern","Snecko Eye","Art of War","Omamori","Cursed Key","Thread and Needle","StoneCalendar","Strawberry","Bag of Preparation","Red Mask"],"potions_floor_usage":[50],"damage_taken":[{"damage":0.0,"enemies":"2 Louse","floor":1.0,"turns":1.0},{"damage":0.0,"enemies":"Jaw Worm","floor":5.0,"turns":1.0},{"damage":2.0,"enemies":"Lagavulin","floor":7.0,"turns":1.0},{"damage":1.0,"enemies":"Cultist","floor":8.0,"turns":4.0},{"damage":35.0,"enemies":"3 Sentries","floor":10.0,"turns":8.0},{"damage":11.0,"enemies":"Lagavulin","floor":12.0,"turns":7.0},{"damage":1.0,"enemies":"Looter","floor":13.0,"turns":3.0},{"damage":2.0,"enemies":"Red Slaver","floor":14.0,"turns":4.0},{"damage":7.0,"enemies":"Hexaghost","floor":16.0,"turns":11.0},{"damage":5.0,"enemies":"Spheric Guardian","floor":18.0,"turns":5.0},{"damage":8.0,"enemies":"Chosen","floor":22.0,"turns":7.0},{"damage":33.0,"enemies":"Gremlin Leader","floor":24.0,"turns":11.0},{"damage":13.0,"enemies":"Snecko","floor":31.0,"turns":8.0},{"damage":63.0,"enemies":"Champ","floor":33.0,"turns":17.0},{"damage":9.0,"enemies":"Orb Walker","floor":35.0,"turns":5.0},{"damage":0.0,"enemies":"3 Shapes","floor":36.0,"turns":4.0},{"damage":6.0,"enemies":"Mind Bloom Boss Battle","floor":38.0,"turns":8.0},{"damage":15.0,"enemies":"Jaw Worm Horde","floor":39.0,"turns":4.0},{"damage":16,"enemies":"Reptomancer","floor":41,"turns":8},{"damage":27,"enemies":"Donu and Deca","floor":50,"turns":8}],"seed_played":"-9033606286776167704","potions_obtained":[{"floor":5.0,"key":"Regen Potion"},{"floor":7.0,"key":"Poison Potion"},{"floor":14.0,"key":"Explosive Potion"}],"is_trial":false,"path_per_floor":["M","?","$","?","M","R","E","M","T","E","R","E","M","M","R","B",null,"M","?","?","$","M","R","E","R","T","?","?","?","?","M","R","B",null,"M","M","$","?","M","R","E","$","T","R","?","?","R","?","R","B",null],"character_chosen":"THE_SILENT","items_purchased":["Noxious Fumes","Thread and Needle","Footwork","Leg Sweep"],"campfire_rested":2,"item_purchase_floors":[3,37,42,42],"current_hp_per_floor":[59,59,59,59,59,59,57,56,56,21,40,44,43,41,41,34,58,53,53,49,49,41,41,8,27,27,27,27,27,27,43,43,15,38,37,46,46,46,37,37,46,46,46,46,46,46,46,46,46,29],"gold":0,"neow_bonus":"THREE_ENEMY_KILL","is_prod":false,"is_daily":false,"chose_seed":false,"campfire_upgraded":8,"win_rate":0,"timestamp":1559423169,"path_taken":["M","?","$","?","?","R","E","M","T","E","R","E","M","M","R","BOSS","M","?","?","$","M","R","E","R","T","?","?","?","?","M","R","BOSS","M","M","$","?","M","R","E","$","T","R","?","?","R","?","R","BOSS"],"build_version":"2019-01-23","purchased_purges":1,"victory":true,"max_hp_per_floor":[66,66,66,66,66,66,66,66,66,66,66,66,66,66,66,66,66,66,66,66,66,66,66,66,66,66,66,46,46,46,46,46,46,46,46,46,46,46,46,46,53,53,53,53,53,53,53,53,53,53],"card_choices":[{"not_picked":["Heel Hook","Dagger Throw"],"picked":"Deadly Poison","floor":1.0},{"not_picked":["Accuracy","Blade Dance"],"picked":"Backflip","floor":5.0},{"not_picked":["Accuracy","Quick Slash","Tactician"],"picked":"SKIP","floor":7.0},{"not_picked":["Tactician","Concentrate"],"picked":"Calculated Gamble","floor":8.0},{"not_picked":["Sucker Punch","Tactician"],"picked":"Leg Sweep","floor":10.0},{"not_picked":["Quick Slash","Bane"],"picked":"Dodge and Roll","floor":12.0},{"not_picked":["Sucker Punch","Cloak And Dagger"],"picked":"Leg Sweep","floor":13.0},{"not_picked":["Bane","Riddle With Holes"],"picked":"Acrobatics","floor":14.0},{"not_picked":["Tools of the Trade","Adrenaline"],"picked":"After Image","floor":16.0},{"not_picked":["Deflect+1","Calculated Gamble+1","Poisoned Stab"],"picked":"SKIP","floor":18.0},{"not_picked":["Acrobatics","Slice","Quick Slash"],"picked":"SKIP","floor":22.0},{"not_picked":["Underhanded Strike","Sucker Punch","Masterful Stab"],"picked":"SKIP","floor":24.0},{"not_picked":["Poisoned Stab+1","Deadly Poison"],"picked":"Riddle With Holes+1","floor":31.0},{"not_picked":["Venomology","After Image"],"picked":"Corpse Explosion","floor":33.0},{"not_picked":["Escape Plan+1","Flechettes"],"picked":"Dash","floor":35.0},{"not_picked":["Dodge and Roll+1","Dagger Spray","Poisoned Stab"],"picked":"SKIP","floor":36.0},{"not_picked":["Blade Dance","Backstab"],"picked":"Bouncing Flask","floor":38.0},{"not_picked":["Sucker Punch","Quick Slash+1"],"picked":"Backflip+1","floor":39.0},{"not_picked":["Deadly Poison","Terror+1"],"picked":"Blur","floor":41}],"player_experience":415347,"relics_obtained":[{"floor":7.0,"key":"War Paint"},{"floor":9.0,"key":"Mummified Hand"},{"floor":10.0,"key":"Juzu Bracelet"},{"floor":12.0,"key":"Lantern"},{"floor":24.0,"key":"Art of War"},{"floor":26.0,"key":"Omamori"},{"floor":38.0,"key":"StoneCalendar"},{"floor":41,"key":"Strawberry"},{"floor":43,"key":"Bag of Preparation"}],"event_choices":[{"damage_healed":0.0,"max_hp_gain":0.0,"max_hp_loss":0.0,"gold_gain":0.0,"event_name":"Living Wall","player_choice":"Grow","floor":2.0,"gold_loss":0.0,"damage_taken":0.0,"cards_upgraded":["Deadly Poison"]},{"damage_healed":0.0,"max_hp_gain":0.0,"max_hp_loss":0.0,"gold_gain":0.0,"event_name":"Accursed Blacksmith","player_choice":"Rummage","floor":4.0,"gold_loss":0.0,"damage_taken":0.0,"relics_obtained":["WarpedTongs"],"cards_obtained":["Pain"]},{"damage_healed":0.0,"max_hp_gain":0.0,"max_hp_loss":0.0,"gold_gain":0.0,"event_name":"The Mausoleum","player_choice":"Ignored","floor":19.0,"gold_loss":0.0,"damage_taken":0.0},{"damage_healed":0.0,"max_hp_gain":0.0,"max_hp_loss":0.0,"gold_gain":0.0,"event_name":"The Woman in Blue","player_choice":"Bought 0 Potions","floor":20.0,"gold_loss":0.0,"damage_taken":0.0},{"damage_healed":0.0,"max_hp_gain":0.0,"max_hp_loss":0.0,"gold_gain":0.0,"event_name":"Cursed Tome","player_choice":"Ignored","floor":27.0,"gold_loss":0.0,"damage_taken":0.0},{"damage_healed":0.0,"max_hp_gain":0.0,"max_hp_loss":20.0,"gold_gain":0.0,"event_name":"Vampires","player_choice":"Became a vampire","floor":28.0,"gold_loss":0.0,"damage_taken":0.0,"cards_obtained":["Bite","Bite","Bite","Bite","Bite"]},{"damage_healed":0.0,"max_hp_gain":0.0,"max_hp_loss":0.0,"gold_gain":0.0,"event_name":"Drug Dealer","player_choice":"Obtain J.A.X.","floor":29.0,"gold_loss":0.0,"damage_taken":0.0,"cards_obtained":["J.A.X."]},{"cards_removed":["Neutralize"],"damage_healed":0.0,"max_hp_gain":0.0,"max_hp_loss":0.0,"gold_gain":0.0,"event_name":"Back to Basics","player_choice":"Elegance","floor":30.0,"gold_loss":0.0,"damage_taken":0.0},{"damage_healed":0.0,"max_hp_gain":0.0,"max_hp_loss":0.0,"gold_gain":0.0,"event_name":"MindBloom","player_choice":"Fight","floor":38.0,"gold_loss":0.0,"damage_taken":0.0},{"damage_healed":0,"gold_gain":0,"cards_transformed":["Bite"],"player_choice":"Transformed","damage_taken":0,"max_hp_gain":0,"max_hp_loss":0,"event_name":"Transmorgrifier","floor":45,"gold_loss":0,"cards_obtained":["Panache"]},{"damage_healed":0,"gold_gain":0,"player_choice":"Memory 1","damage_taken":0,"max_hp_gain":0,"max_hp_loss":0,"event_name":"SensoryStone","floor":46,"gold_loss":0},{"damage_healed":0,"gold_gain":0,"player_choice":"Paid","damage_taken":0,"relics_obtained":["Red Mask"],"max_hp_gain":0,"max_hp_loss":0,"event_name":"Tomb of Lord Red Mask","floor":48,"gold_loss":89}],"is_beta":false,"boss_relics":[{"not_picked":["Empty Cage","Lizard Tail"],"picked":"Snecko Eye"},{"not_picked":["WristBlade","HoveringKite"],"picked":"Cursed Key"}],"items_purged_floors":[21],"is_endless":false,"potions_floor_spawned":[5,7,8,10,14,18,35],"ascension_level":18}