{"gold_per_floor":[117,267,282,282,99,99,32,46,46,46,61,87,99,134,134,208,208,228,228,228,238,256,256],"floor_reached":23,"playtime":1384,"items_purged":["Doubt"],"score":352,"play_id":"1e47ab1b-4669-41a0-9016-4c1f16949679","local_time":"20190611221621","is_ascension_mode":true,"campfire_choices":[{"floor":6.0,"key":"REST"},{"floor":10.0,"key":"REST"},{"data":"Uppercut","floor":15.0,"key":"SMITH"}],"neow_cost":"PERCENT_DAMAGE","seed_source_timestamp":949707907844311,"circlet_count":0,"master_deck":["AscendersBane","Strike_R","Strike_R","Strike_R+1","Strike_R","Strike_R","Defend_R","Defend_R+1","Defend_R","Defend_R","Bash","Carnage","Feel No Pain","Uppercut+1","Inflame","Seeing Red","Shockwave+1","True Grit+1","Metallicize","Body Slam","Feed","True Grit+1","Writhe","Inflame+1"],"special_seed":0,"relics":["Burning Blood","Calipers","Toxic Egg 2","Pantograph","Busted Crown","Mummified Hand","Nloth\u0027s Gift"],"potions_floor_usage":[23,23],"damage_taken":[{"damage":9.0,"enemies":"Jaw Worm","floor":1.0,"turns":4.0},{"damage":18.0,"enemies":"2 Louse","floor":3.0,"turns":3.0},{"damage":0.0,"enemies":"Cultist","floor":8.0,"turns":3.0},{"damage":25.0,"enemies":"Lots of Slimes","floor":11.0,"turns":6.0},{"damage":4.0,"enemies":"Lagavulin","floor":12.0,"turns":7.0},{"damage":0.0,"enemies":"Large Slime","floor":13.0,"turns":6.0},{"damage":23.0,"enemies":"Gremlin Nob","floor":14.0,"turns":5.0},{"damage":21.0,"enemies":"The Guardian","floor":16.0,"turns":22.0},{"damage":30,"enemies":"Spheric Guardian","floor":18,"turns":6},{"damage":16,"enemies":"Shell Parasite","floor":21,"turns":6},{"damage":9,"enemies":"Snecko","floor":22,"turns":5},{"damage":37,"enemies":"Slavers","floor":23,"turns":3}],"seed_played":"-1665322143327326222","potions_obtained":[{"floor":1.0,"key":"EssenceOfSteel"},{"floor":11.0,"key":"SpeedPotion"},{"floor":13.0,"key":"AttackPotion"},{"floor":16.0,"key":"Fire Potion"}],"is_trial":false,"path_per_floor":["M","?","M","?","$","R","$","M","T","R","M","E","M","E","R","B",null,"M","?","?","M","M","E"],"character_chosen":"IRONCLAD","items_purchased":["Feel No Pain","Uppercut","Inflame"],"campfire_rested":2,"item_purchase_floors":[5,5,7],"current_hp_per_floor":[47,47,35,12,12,34,34,40,40,62,43,45,51,34,34,44,67,46,46,46,39,36,0],"gold":256,"neow_bonus":"ONE_RARE_RELIC","is_prod":false,"is_daily":false,"chose_seed":false,"campfire_upgraded":1,"win_rate":0,"timestamp":1560284181,"path_taken":["M","?","M","?","$","R","?","?","T","R","M","E","M","E","R","BOSS","M","?","?","?","?","E"],"build_version":"2019-01-23","purchased_purges":1,"victory":false,"max_hp_per_floor":[75,75,75,75,75,75,75,75,75,75,75,75,75,75,75,75,75,78,78,78,81,81,81],"card_choices":[{"not_picked":["Evolve","Perfected Strike"],"picked":"Carnage","floor":1.0},{"not_picked":["Havoc","Perfected Strike","Pummel"],"picked":"SKIP","floor":3.0},{"not_picked":["Flex","Rampage"],"picked":"Seeing Red","floor":8.0},{"not_picked":["Anger","Rupture"],"picked":"Shockwave+1","floor":11.0},{"not_picked":["Havoc+1","Barricade"],"picked":"True Grit+1","floor":12.0},{"not_picked":["Body Slam","Pummel"],"picked":"Metallicize","floor":13.0},{"not_picked":["Clothesline","Searing Blow"],"picked":"Body Slam","floor":14.0},{"not_picked":["Reaper","Offering+1"],"picked":"Feed","floor":16.0},{"not_picked":[],"picked":"True Grit+1","floor":18},{"not_picked":["Flex+1"],"picked":"SKIP","floor":21},{"not_picked":[],"picked":"Inflame+1","floor":22}],"player_experience":509991,"relics_obtained":[{"floor":9.0,"key":"Toxic Egg 2"},{"floor":12.0,"key":"Ornamental Fan"},{"floor":14.0,"key":"Pantograph"}],"event_choices":[{"damage_healed":0.0,"max_hp_gain":0.0,"max_hp_loss":0.0,"gold_gain":150.0,"event_name":"Liars Game","player_choice":"AGREE","floor":2.0,"gold_loss":0.0,"damage_taken":0.0,"cards_obtained":["Doubt"]},{"damage_healed":0.0,"max_hp_gain":0.0,"max_hp_loss":0.0,"gold_gain":0.0,"event_name":"Shining Light","player_choice":"Entered Light","floor":4.0,"gold_loss":0.0,"damage_taken":23.0,"cards_upgraded":["Defend_R","Strike_R"]},{"damage_healed":0,"gold_gain":0,"player_choice":"Opened","damage_taken":0,"relics_obtained":["Mummified Hand"],"max_hp_gain":0,"max_hp_loss":0,"event_name":"The Mausoleum","floor":19,"gold_loss":0,"cards_obtained":["Writhe"]},{"damage_healed":0,"gold_gain":0,"player_choice":"Traded Relic","damage_taken":0,"relics_obtained":["Nloth\u0027s Gift"],"max_hp_gain":0,"max_hp_loss":0,"event_name":"N\u0027loth","floor":20,"relics_lost":["Ornamental Fan"],"gold_loss":0}],"is_beta":false,"boss_relics":[{"not_picked":["Runic Cube","Pandora\u0027s Box"],"picked":"Busted Crown"}],"items_purged_floors":[5],"is_endless":false,"potions_floor_spawned":[1,11,13,16,18,22],"killed_by":"Slavers","ascension_level":15}