{"gold_per_floor":[116,129,129,129,148,148,148,148,148,148,165,221,221,64,64,163,163,179,129,129,149,167,167,167,187,210,243,42,42,77,96,96,199,199,214,233,24,24,38,64,84,134,134,134,150,150,168,195,195,195,195,195,18,48,48],"floor_reached":56,"playtime":3576,"items_purged":["Strike_R","Pain"],"score":1369,"play_id":"5fae3f95-d3a1-4e8c-aea9-f65147b7cea2","local_time":"20190413215755","is_ascension_mode":false,"campfire_choices":[{"data":"Shockwave","floor":6,"key":"SMITH"},{"data":"Bash","floor":8,"key":"SMITH"},{"data":"Corruption","floor":15,"key":"SMITH"},{"data":"Parasite","floor":23,"key":"PURGE"},{"data":"Offering","floor":32,"key":"SMITH"},{"data":"Offering","floor":44,"key":"SMITH"},{"data":"Demon Form","floor":46,"key":"SMITH"},{"floor":49,"key":"RECALL"},{"data":"Battle Trance","floor":52,"key":"SMITH"}],"neow_cost":"TEN_PERCENT_HP_LOSS","seed_source_timestamp":0,"circlet_count":0,"master_deck":["Strike_R","Strike_R","Defend_R","Defend_R","Defend_R","Defend_R+1","Bash+1","Battle Trance+1","Shockwave+1","Second Wind","Seeing Red","Entrench+1","Corruption+1","Seeing Red","Offering+1","Disarm+1","Corruption+1","Warcry+1","Dropkick","Inflame+1","Offering+1","Infernal Blade","Warcry","Madness","Madness","Seeing Red+1","Demon Form+1","Battle Trance+1","Power Through","Feel No Pain","Apotheosis"],"relics":["Burning Blood","Dead Branch","Smiling Mask","Letter Opener","Tiny Chest","Calling Bell","Peace Pipe","Mummified Hand","Lantern","Spirit Poop","Du-Vu Doll","Medical Kit","MutagenicStrength","Ginger","Mark of Pain","Toolbox","Dream Catcher","Art of War","Charon\u0027s Ashes","Vajra","Bag of Preparation"],"potions_floor_usage":[55,55],"damage_taken":[{"damage":1,"enemies":"Cultist","floor":1,"turns":3},{"damage":5,"enemies":"2 Louse","floor":2,"turns":3},{"damage":2,"enemies":"Small Slimes","floor":5,"turns":6},{"damage":9,"enemies":"2 Fungi Beasts","floor":11,"turns":4},{"damage":16,"enemies":"3 Sentries","floor":12,"turns":6},{"damage":8,"enemies":"The Guardian","floor":16,"turns":3},{"damage":6,"enemies":"2 Thieves","floor":18,"turns":1},{"damage":6,"enemies":"Spheric Guardian","floor":21,"turns":2},{"damage":6,"enemies":"3 Cultists","floor":22,"turns":2},{"damage":6,"enemies":"Cultist and Chosen","floor":25,"turns":2},{"damage":14,"enemies":"Gremlin Leader","floor":27,"turns":4},{"damage":6,"enemies":"Slavers","floor":30,"turns":3},{"damage":0,"enemies":"Snake Plant","floor":31,"turns":3},{"damage":6,"enemies":"Automaton","floor":33,"turns":3},{"damage":6,"enemies":"3 Shapes","floor":35,"turns":1},{"damage":6,"enemies":"Orb Walker","floor":36,"turns":1},{"damage":6,"enemies":"Sphere and 2 Shapes","floor":39,"turns":1},{"damage":6,"enemies":"Reptomancer","floor":40,"turns":1},{"damage":6,"enemies":"4 Shapes","floor":41,"turns":1},{"damage":6,"enemies":"Spire Growth","floor":45,"turns":2},{"damage":6,"enemies":"3 Darklings","floor":47,"turns":2},{"damage":0,"enemies":"Nemesis","floor":48,"turns":3},{"damage":25,"enemies":"Awakened One","floor":50,"turns":5},{"damage":6,"enemies":"Shield and Spear","floor":54,"turns":2},{"damage":25,"enemies":"The Heart","floor":55,"turns":3}],"seed_played":"5195854280559570815","potions_obtained":[{"floor":5,"key":"PowerPotion"},{"floor":11,"key":"SmokeBomb"},{"floor":21,"key":"Energy Potion"},{"floor":30,"key":"FearPotion"}],"is_trial":false,"path_per_floor":["M","M","?","?","M","R","?","R","T","$","M","E","?","$","R","B",null,"M","$","?","M","M","R","?","M","T","E","$","?","E","M","R","B",null,"M","M","$","?","M","E","M","T","T","R","M","R","M","E","R","B",null,"R","$","E","B",null],"character_chosen":"IRONCLAD","items_purchased":["Corruption","Seeing Red","Medical Kit","Toolbox","Apotheosis"],"campfire_rested":0,"item_purchase_floors":[14,14,28,37,53],"current_hp_per_floor":[72,72,65,65,69,69,66,66,66,66,63,53,39,39,39,37,72,72,72,72,72,72,69,69,69,69,61,61,61,61,67,67,67,69,69,69,69,60,60,60,60,60,60,60,60,60,60,66,66,47,69,69,69,69,50],"gold":48,"neow_bonus":"ONE_RARE_RELIC","is_prod":false,"is_daily":false,"chose_seed":true,"campfire_upgraded":7,"win_rate":0,"timestamp":1555207075,"path_taken":["M","M","?","?","M","R","?","R","T","$","M","E","?","$","R","BOSS","M","$","?","M","?","R","?","M","T","E","$","?","E","M","R","BOSS","M","M","$","?","M","E","M","?","T","R","M","R","?","E","R","BOSS","R","$","E","BOSS"],"build_version":"2019-01-23","purchased_purges":2,"victory":true,"max_hp_per_floor":[72,72,72,72,72,72,72,72,72,72,72,72,72,72,72,72,72,72,72,72,72,72,69,69,69,69,69,69,69,69,69,69,69,69,69,69,69,69,69,69,69,69,69,69,69,69,69,69,69,69,69,69,69,69,69],"card_choices":[{"not_picked":["Anger","Sword Boomerang"],"picked":"Battle Trance","floor":1},{"not_picked":["Combust","Body Slam"],"picked":"Shockwave","floor":2},{"not_picked":["Iron Wave","Flex"],"picked":"Second Wind","floor":5},{"not_picked":["Flex","Infernal Blade"],"picked":"Seeing Red","floor":11},{"not_picked":["Pommel Strike","Clash"],"picked":"Entrench","floor":12},{"not_picked":["Reaper","Dark Embrace"],"picked":"Offering","floor":16},{"not_picked":["Heavy Blade","Twin Strike"],"picked":"Disarm+1","floor":18},{"not_picked":["Double Tap","Power Through"],"picked":"Corruption+1","floor":21},{"not_picked":["Reckless Charge","Perfected Strike"],"picked":"Warcry+1","floor":22},{"not_picked":["Clothesline","Disarm","Pommel Strike"],"picked":"SKIP","floor":25},{"not_picked":["Corruption+1","Pommel Strike"],"picked":"Inflame+1","floor":27},{"not_picked":["True Grit","Thunderclap","Cleave"],"picked":"SKIP","floor":30},{"not_picked":["Iron Wave","Thunderclap","Anger+1"],"picked":"SKIP","floor":31},{"not_picked":["Fiend Fire","Immolate"],"picked":"Offering","floor":33},{"not_picked":["Cleave","Corruption+1"],"picked":"Infernal Blade","floor":35},{"not_picked":["Havoc","Whirlwind"],"picked":"Warcry","floor":36},{"not_picked":["Cleave+1","Uppercut+1"],"picked":"Seeing Red+1","floor":39},{"not_picked":["Havoc+1","Warcry"],"picked":"Demon Form","floor":40},{"not_picked":["Perfected Strike+1","Sword Boomerang"],"picked":"Battle Trance+1","floor":41},{"not_picked":["Hemokinesis+1","Rage"],"picked":"Power Through","floor":45},{"not_picked":["Inflame+1","Heavy Blade+1","Bloodletting"],"picked":"SKIP","floor":47},{"not_picked":["Sentinel","Blood for Blood+1"],"picked":"Feel No Pain","floor":48},{"not_picked":["True Grit+1","Battle Trance+1","Cleave+1"],"picked":"SKIP","floor":54}],"player_experience":798577,"relics_obtained":[{"floor":9,"key":"Letter Opener"},{"floor":12,"key":"Tiny Chest"},{"floor":17,"key":"Peace Pipe"},{"floor":17,"key":"Mummified Hand"},{"floor":17,"key":"Lantern"},{"floor":27,"key":"Du-Vu Doll"},{"floor":30,"key":"Ginger"},{"floor":40,"key":"Dream Catcher"},{"floor":42,"key":"Art of War"},{"floor":43,"key":"Charon\u0027s Ashes"},{"floor":48,"key":"Vajra"},{"floor":54,"key":"Bag of Preparation"}],"event_choices":[{"cards_removed":["Strike_R"],"damage_healed":0,"gold_gain":0,"player_choice":"Card Removal","damage_taken":7,"max_hp_gain":0,"max_hp_loss":0,"event_name":"Golden Wing","floor":3,"gold_loss":0},{"cards_removed":["Strike_R"],"damage_healed":0,"gold_gain":0,"player_choice":"Forget","damage_taken":0,"max_hp_gain":0,"max_hp_loss":0,"event_name":"Living Wall","floor":4,"gold_loss":0},{"damage_healed":0,"gold_gain":0,"player_choice":"Success","damage_taken":3,"relics_obtained":["Smiling Mask"],"max_hp_gain":0,"max_hp_loss":0,"event_name":"Scrap Ooze","floor":7,"gold_loss":0},{"damage_healed":0,"gold_gain":0,"player_choice":"Entered Light","damage_taken":14,"max_hp_gain":0,"max_hp_loss":0,"event_name":"Shining Light","floor":13,"gold_loss":0,"cards_upgraded":["Entrench","Defend_R"]},{"cards_removed":["Injury"],"damage_healed":0,"gold_gain":0,"player_choice":"Offered Curse","damage_taken":0,"relics_obtained":["Spirit Poop"],"max_hp_gain":0,"max_hp_loss":0,"event_name":"Bonfire Elementals","floor":20,"gold_loss":0},{"damage_healed":0,"gold_gain":0,"player_choice":"Read","damage_taken":0,"max_hp_gain":0,"max_hp_loss":0,"event_name":"The Library","floor":24,"gold_loss":0,"cards_obtained":["Dropkick"]},{"damage_healed":0,"gold_gain":0,"player_choice":"Inject Mutagens","damage_taken":0,"relics_obtained":["MutagenicStrength"],"max_hp_gain":0,"max_hp_loss":0,"event_name":"Drug Dealer","floor":29,"gold_loss":0},{"damage_healed":0,"gold_gain":0,"player_choice":"Embrace Madness","damage_taken":9,"max_hp_gain":0,"max_hp_loss":0,"event_name":"Winding Halls","floor":38,"gold_loss":0,"cards_obtained":["Madness","Madness"]}],"is_beta":false,"boss_relics":[{"not_picked":["Runic Dome","Busted Crown"],"picked":"Calling Bell"},{"not_picked":["Eternal Feather","Sozu"],"picked":"Mark of Pain"}],"items_purged_floors":[14,19],"is_endless":false,"potions_floor_spawned":[5,11,21,27,30,31,36,39,41,45,47,54],"ascension_level":0}