{"gold_per_floor":[214,289,289,307,327,327,357,367,367,394,413,423,423,458,458,458],"floor_reached":16,"playtime":649,"items_purged":[],"score":220,"play_id":"366e164a-cc94-4492-858d-ffb60b30a578","local_time":"20190623211104","is_ascension_mode":true,"campfire_choices":[{"floor":6,"key":"REST"},{"floor":13,"key":"REST"},{"data":"Bash","floor":15,"key":"SMITH"}],"neow_cost":"NONE","seed_source_timestamp":304300584831851,"circlet_count":0,"master_deck":["AscendersBane","Strike_R","Strike_R","Strike_R","Strike_R","Strike_R","Defend_R","Defend_R","Defend_R","Defend_R","Bash+1","Hemokinesis","Pain","Iron Wave","Power Through","Immolate","Ghostly Armor","Combust","Flame Barrier","Thunderclap+1"],"relics":["Burning Blood","WarpedTongs","Bird Faced Urn","Ice Cream","Charon\u0027s Ashes","Molten Egg 2"],"potions_floor_usage":[16],"damage_taken":[{"damage":1,"enemies":"Cultist","floor":1,"turns":3},{"damage":11,"enemies":"Small Slimes","floor":4,"turns":3},{"damage":10,"enemies":"Jaw Worm","floor":5,"turns":3},{"damage":49,"enemies":"3 Sentries","floor":7,"turns":10},{"damage":1,"enemies":"Gremlin Gang","floor":8,"turns":1},{"damage":29,"enemies":"Lagavulin","floor":10,"turns":7},{"damage":2,"enemies":"Exordium Wildlife","floor":11,"turns":3},{"damage":3,"enemies":"2 Fungi Beasts","floor":12,"turns":4},{"damage":19,"enemies":"Gremlin Nob","floor":14,"turns":4},{"damage":30,"enemies":"Hexaghost","floor":16,"turns":9}],"seed_played":"-4647440030062131792","potions_obtained":[{"floor":5,"key":"Ancient Potion"},{"floor":8,"key":"SpeedPotion"}],"is_trial":false,"path_per_floor":["M","?","?","M","M","R","E","M","T","E","M","M","R","E","R","B"],"character_chosen":"IRONCLAD","items_purchased":[],"campfire_rested":2,"item_purchase_floors":[],"current_hp_per_floor":[73,62,62,57,53,75,32,37,37,14,18,21,43,30,30,0],"gold":458,"neow_bonus":"HUNDRED_GOLD","is_prod":false,"is_daily":false,"chose_seed":false,"campfire_upgraded":1,"win_rate":0,"timestamp":1561338664,"path_taken":["M","?","?","M","M","R","E","M","T","E","M","?","R","E","R","BOSS"],"build_version":"2019-01-23","purchased_purges":0,"victory":false,"max_hp_per_floor":[75,75,75,75,75,75,75,75,75,75,75,75,75,75,75,75],"card_choices":[{"not_picked":["Iron Wave","Flex"],"picked":"Hemokinesis","floor":1},{"not_picked":["Cleave","Warcry"],"picked":"Iron Wave","floor":4},{"not_picked":["Cleave","Headbutt"],"picked":"Power Through","floor":5},{"not_picked":["Sword Boomerang","Clothesline"],"picked":"Immolate","floor":7},{"not_picked":["Sword Boomerang","Cleave","Corruption"],"picked":"SKIP","floor":8},{"not_picked":["Flex","Iron Wave"],"picked":"Ghostly Armor","floor":10},{"not_picked":["Heavy Blade","Iron Wave"],"picked":"Combust","floor":11},{"not_picked":["Headbutt","Havoc"],"picked":"Flame Barrier","floor":12},{"not_picked":["Pummel","Cleave"],"picked":"Thunderclap","floor":14}],"player_experience":1046165,"relics_obtained":[{"floor":7,"key":"Bird Faced Urn"},{"floor":9,"key":"Ice Cream"},{"floor":10,"key":"Charon\u0027s Ashes"},{"floor":14,"key":"Molten Egg 2"}],"event_choices":[{"damage_healed":0,"gold_gain":75,"player_choice":"Gather Gold","damage_taken":11,"max_hp_gain":0,"max_hp_loss":0,"event_name":"World of Goop","floor":2,"gold_loss":0},{"damage_healed":0,"gold_gain":0,"player_choice":"Rummage","damage_taken":0,"relics_obtained":["WarpedTongs"],"max_hp_gain":0,"max_hp_loss":0,"event_name":"Accursed Blacksmith","floor":3,"gold_loss":0,"cards_obtained":["Pain"]}],"is_beta":false,"boss_relics":[],"items_purged_floors":[],"is_endless":false,"potions_floor_spawned":[5,8,11,12],"killed_by":"Hexaghost","ascension_level":16}