{"gold_per_floor":[117,42,62,62,17,48,58,73,73,73,106,106,123,123],"floor_reached":14,"playtime":514,"items_purged":[],"score":219,"play_id":"9e1bebef-3096-43c0-a497-8b3acccea1ef","local_time":"20191006194719","is_ascension_mode":true,"campfire_choices":[{"data":"Regret","floor":10,"key":"PURGE"},{"floor":12,"key":"REST"}],"neow_cost":"NONE","seed_source_timestamp":1143553680182600,"circlet_count":0,"master_deck":["AscendersBane","Strike_G","Strike_G","Strike_G","Strike_G","Defend_G","Defend_G+1","Defend_G","Defend_G","Defend_G","Survivor+1","Neutralize","Quick Slash","PiercingWail","Quick Slash","Dodge and Roll","Dodge and Roll","Poisoned Stab"],"relics":["Ring of the Snake","NeowsBlessing","War Paint","Peace Pipe","The Courier","Akabeko"],"potions_floor_usage":[11,11],"damage_taken":[{"damage":0,"enemies":"Small Slimes","floor":1,"turns":1},{"damage":0,"enemies":"Jaw Worm","floor":3,"turns":1},{"damage":0,"enemies":"Lagavulin","floor":6,"turns":1},{"damage":3,"enemies":"Cultist","floor":7,"turns":5},{"damage":9,"enemies":"Looter","floor":8,"turns":5},{"damage":38,"enemies":"Gremlin Nob","floor":11,"turns":5},{"damage":3,"enemies":"Exordium Wildlife","floor":13,"turns":4},{"damage":30,"enemies":"Lagavulin","floor":14,"turns":8}],"seed_played":"7389950903533037932","potions_obtained":[{"floor":6,"key":"Explosive Potion"},{"floor":7,"key":"Poison Potion"}],"is_trial":false,"path_per_floor":["M","?","M","?","$","E","M","M","T","R","E","R","M","E"],"character_chosen":"THE_SILENT","items_purchased":["PiercingWail"],"campfire_rested":1,"item_purchase_floors":[5],"current_hp_per_floor":[59,59,59,59,59,59,56,47,47,47,9,28,25,0],"gold":123,"neow_bonus":"THREE_ENEMY_KILL","is_prod":false,"is_daily":false,"chose_seed":false,"campfire_upgraded":0,"win_rate":0,"timestamp":1570384039,"path_taken":["M","?","M","?","?","E","M","M","T","R","E","R","?","E"],"build_version":"2019-10-04","purchased_purges":0,"victory":false,"max_hp_per_floor":[66,66,66,66,66,66,66,66,66,66,66,66,66,66],"card_choices":[{"not_picked":["Slice","Dodge and Roll"],"picked":"Quick Slash","floor":1},{"not_picked":["Acrobatics","Bane","Flechettes"],"picked":"SKIP","floor":3},{"not_picked":["Catalyst","Flying Knee"],"picked":"Quick Slash","floor":6},{"not_picked":["Expertise","Flying Knee"],"picked":"Dodge and Roll","floor":7},{"not_picked":["Blade Dance","Acrobatics","Storm of Steel"],"picked":"SKIP","floor":8},{"not_picked":["Reflex","Slice"],"picked":"Dodge and Roll","floor":11},{"not_picked":["Blade Dance","Flechettes"],"picked":"Poisoned Stab","floor":13}],"player_experience":936687,"relics_obtained":[{"floor":6,"key":"Peace Pipe"},{"floor":9,"key":"The Courier"},{"floor":11,"key":"Akabeko"}],"event_choices":[{"cards_removed":["Strike_G"],"damage_healed":0,"gold_gain":0,"player_choice":"Card Removal","damage_taken":0,"max_hp_gain":0,"max_hp_loss":0,"event_name":"The Cleric","floor":2,"gold_loss":75},{"damage_healed":0,"gold_gain":0,"player_choice":"Box","damage_taken":0,"relics_obtained":["War Paint"],"max_hp_gain":0,"max_hp_loss":0,"event_name":"Big Fish","floor":4,"gold_loss":0,"cards_obtained":["Regret"]}],"is_beta":true,"boss_relics":[],"items_purged_floors":[],"is_endless":false,"potions_floor_spawned":[6,7,8],"killed_by":"Lagavulin","ascension_level":15}