{"gold_per_floor":[115,115,115,40,56,56,74,74,74,106,124,137,163,183,183,280,280,290,290,200,213,232,232,260,260,260,276,295,295,321,338,338,441,441,459,479,60,60,77,112,112,124,150,180,194,194,194,208,208,208,208,208,39,69,69],"floor_reached":56,"playtime":3806,"items_purged":["Regret","Defend_B","Defend_B","Defend_B"],"score":1191,"play_id":"8fe13fb0-bc18-4810-8825-413f4cbeb871","local_time":"20190405230503","is_ascension_mode":false,"campfire_choices":[{"data":"Zap","floor":6.0,"key":"SMITH"},{"data":"Dualcast","floor":8.0,"key":"SMITH"},{"data":"Go for the Eyes","floor":15.0,"key":"SMITH"},{"data":"J.A.X.","floor":23,"key":"SMITH"},{"data":"White Noise","floor":25,"key":"SMITH"},{"floor":29,"key":"REST"},{"data":"Hologram","floor":32,"key":"SMITH"},{"floor":41,"key":"RECALL"},{"data":"Reinforced Body","floor":46,"key":"SMITH"},{"floor":49,"key":"REST"},{"data":"Reinforced Body","floor":52,"key":"SMITH"}],"neow_cost":"NONE","seed_source_timestamp":15820720214958,"circlet_count":0,"master_deck":["Strike_B","Strike_B","Strike_B","Defend_B","Zap+1","Dualcast+1","Ball Lightning","Reinforced Body+1","Go for the Eyes+1","Hologram+1","Rebound","Genetic Algorithm","Reinforced Body","Rip and Tear+1","Reboot","Compile Driver","J.A.X.+1","Self Repair","Beam Cell+1","Reinforced Body+1","White Noise+1","Machine Learning+1","Rip and Tear","Melter+1","Madness","Madness"],"special_seed":0,"relics":["Cracked Core","Happy Flower","Kunai","Centennial Puzzle","Smiling Mask","Nuclear Battery","Vajra","Whetstone","Pen Nib","Black Star","Incense Burner","Darkstone Periapt","Omamori","PreservedInsect","StoneCalendar","The Courier","Strawberry","Anchor","Bottled Lightning"],"potions_floor_usage":[24,27,54,55,55,55],"damage_taken":[{"damage":3.0,"enemies":"Jaw Worm","floor":1.0,"turns":3.0},{"damage":2.0,"enemies":"2 Louse","floor":5.0,"turns":2.0},{"damage":0.0,"enemies":"Cultist","floor":7.0,"turns":3.0},{"damage":14.0,"enemies":"Gremlin Nob","floor":10.0,"turns":5.0},{"damage":0.0,"enemies":"Exordium Thugs","floor":11.0,"turns":2.0},{"damage":0.0,"enemies":"2 Fungi Beasts","floor":12.0,"turns":3.0},{"damage":1.0,"enemies":"Lagavulin","floor":13.0,"turns":5.0},{"damage":0.0,"enemies":"Blue Slaver","floor":14.0,"turns":3.0},{"damage":9,"enemies":"The Guardian","floor":16,"turns":10},{"damage":0,"enemies":"Chosen","floor":18,"turns":4},{"damage":3,"enemies":"Spheric Guardian","floor":21,"turns":3},{"damage":11,"enemies":"Snecko","floor":22,"turns":5},{"damage":12,"enemies":"Book of Stabbing","floor":24,"turns":6},{"damage":9,"enemies":"3 Cultists","floor":27,"turns":4},{"damage":21,"enemies":"Snake Plant","floor":28,"turns":3},{"damage":0,"enemies":"Centurion and Healer","floor":31,"turns":6},{"damage":21,"enemies":"Collector","floor":33,"turns":6},{"damage":0,"enemies":"3 Darklings","floor":35,"turns":5},{"damage":0,"enemies":"3 Shapes","floor":36,"turns":4},{"damage":14,"enemies":"Spire Growth","floor":39,"turns":4},{"damage":3,"enemies":"Giant Head","floor":40,"turns":5},{"damage":3,"enemies":"Transient","floor":42,"turns":5},{"damage":20,"enemies":"Reptomancer","floor":44,"turns":6},{"damage":4,"enemies":"3 Darklings","floor":45,"turns":4},{"damage":8,"enemies":"Writhing Mass","floor":48,"turns":5},{"damage":36,"enemies":"Time Eater","floor":50,"turns":11},{"damage":12,"enemies":"Shield and Spear","floor":54,"turns":4},{"damage":81,"enemies":"The Heart","floor":55,"turns":13}],"seed_played":"8155613064749214400","potions_obtained":[{"floor":10.0,"key":"FearPotion"},{"floor":12.0,"key":"Fire Potion"},{"floor":13.0,"key":"Explosive Potion"},{"floor":16,"key":"Energy Potion"},{"floor":24,"key":"Fruit Juice"},{"floor":27,"key":"Fire Potion"},{"floor":35,"key":"Weak Potion"},{"floor":48,"key":"Block Potion"},{"floor":54,"key":"Energy Potion"}],"is_trial":false,"path_per_floor":["M","?","?","$","M","R","M","R","T","E","M","M","E","M","R","B",null,"M","?","$","M","M","R","E","R","T","M","M","R","T","M","R","B",null,"M","M","$","?","M","E","R","M","T","E","M","R","?","M","R","B",null,"R","$","E","B",null],"character_chosen":"DEFECT","items_purchased":["Self Repair","Incense Burner","Rip and Tear","Strawberry"],"campfire_rested":2,"item_purchase_floors":[20,37,37,53],"current_hp_per_floor":[72,65,65,65,63,63,63,63,63,49,49,49,48,48,48,39,75,75,75,75,75,64,64,64,64,64,55,41,65,65,72,72,58,80,80,80,80,80,73,77,77,80,80,60,56,56,46,45,69,40,80,80,87,82,8],"gold":69,"neow_bonus":"RANDOM_COMMON_RELIC","is_prod":false,"is_daily":false,"chose_seed":false,"campfire_upgraded":8,"win_rate":0,"timestamp":1554519903,"path_taken":["M","?","?","$","M","R","M","R","T","E","M","M","E","M","R","BOSS","M","?","$","M","M","R","E","R","T","M","M","R","?","M","R","BOSS","M","M","$","?","M","E","R","M","T","E","?","R","?","M","R","BOSS","R","$","E","BOSS"],"build_version":"2019-01-23","purchased_purges":4,"victory":true,"max_hp_per_floor":[75,75,75,75,75,75,75,75,75,75,75,75,75,75,75,75,75,75,75,75,75,75,75,80,80,80,80,80,80,80,80,80,80,80,80,80,80,80,80,80,80,80,80,80,80,80,80,80,80,80,80,80,87,87,87],"card_choices":[{"not_picked":["Cold Snap","Gash"],"picked":"Ball Lightning","floor":1.0},{"not_picked":["Double Energy","Streamline"],"picked":"Reinforced Body","floor":5.0},{"not_picked":["Heatsinks","Auto Shields"],"picked":"Go for the Eyes","floor":7.0},{"not_picked":["Cold Snap","Reprogram"],"picked":"Hologram","floor":10.0},{"not_picked":["Steam","Defragment"],"picked":"Rebound","floor":11.0},{"not_picked":["Gash","Tempest"],"picked":"Genetic Algorithm","floor":12.0},{"not_picked":["Stack","Gash"],"picked":"Reinforced Body","floor":13.0},{"not_picked":["Doom and Gloom","Thunder Strike"],"picked":"Rip and Tear","floor":14.0},{"not_picked":["Multi-Cast","Meteor Strike"],"picked":"Reboot","floor":16},{"not_picked":["Barrage","Beam Cell"],"picked":"Compile Driver","floor":18},{"not_picked":["Double Energy","Stack"],"picked":"Beam Cell","floor":21},{"not_picked":["Tempest","Streamline"],"picked":"Reinforced Body","floor":22},{"not_picked":["Doom and Gloom","Tempest+1"],"picked":"White Noise","floor":24},{"not_picked":["Turbo","Redo"],"picked":"Machine Learning","floor":27},{"not_picked":["Go for the Eyes","Consume","Doom and Gloom+1"],"picked":"SKIP","floor":28},{"not_picked":["Turbo","Aggregate","Glacier"],"picked":"SKIP","floor":31},{"not_picked":["Loop+1","Stack","Streamline+1"],"picked":"SKIP","floor":35},{"not_picked":["Chaos","Barrage","Thunder Strike"],"picked":"SKIP","floor":36},{"not_picked":["Hologram","Steam","Compile Driver"],"picked":"SKIP","floor":39},{"not_picked":["Defragment","Turbo+1"],"picked":"Melter+1","floor":40},{"not_picked":["Force Field+1","Barrage+1","Aggregate"],"picked":"SKIP","floor":42},{"not_picked":["Sweeping Beam","Cold Snap+1","Steam Power"],"picked":"SKIP","floor":44},{"not_picked":["Go for the Eyes","Electrodynamics","Scrape+1"],"picked":"SKIP","floor":45},{"not_picked":["Barrage+1","BootSequence+1","Coolheaded"],"picked":"SKIP","floor":48},{"not_picked":["Redo","Stack","Compile Driver+1"],"picked":"SKIP","floor":54}],"player_experience":765621,"relics_obtained":[{"floor":10.0,"key":"Centennial Puzzle"},{"floor":13.0,"key":"Smiling Mask"},{"floor":24,"key":"Vajra"},{"floor":26,"key":"Whetstone"},{"floor":30,"key":"Pen Nib"},{"floor":40,"key":"Darkstone Periapt"},{"floor":40,"key":"Omamori"},{"floor":43,"key":"PreservedInsect"},{"floor":44,"key":"StoneCalendar"},{"floor":44,"key":"The Courier"},{"floor":54,"key":"Anchor"},{"floor":54,"key":"Bottled Lightning"}],"event_choices":[{"cards_removed":["Strike_B"],"damage_healed":0.0,"max_hp_gain":0.0,"max_hp_loss":0.0,"gold_gain":0.0,"event_name":"Golden Wing","player_choice":"Card Removal","floor":2.0,"gold_loss":0.0,"damage_taken":7.0},{"damage_healed":0.0,"max_hp_gain":0.0,"max_hp_loss":0.0,"gold_gain":0.0,"event_name":"Big Fish","player_choice":"Box","floor":3.0,"gold_loss":0.0,"damage_taken":0.0,"relics_obtained":["Kunai"],"cards_obtained":["Regret"]},{"damage_healed":0,"gold_gain":0,"player_choice":"Obtain J.A.X.","damage_taken":0,"max_hp_gain":0,"max_hp_loss":0,"event_name":"Drug Dealer","floor":19,"gold_loss":0,"cards_obtained":["J.A.X."]},{"damage_healed":0,"gold_gain":0,"player_choice":"Upgraded","damage_taken":0,"max_hp_gain":0,"max_hp_loss":0,"event_name":"Upgrade Shrine","floor":38,"gold_loss":0,"cards_upgraded":["Machine Learning"]},{"damage_healed":0,"gold_gain":0,"player_choice":"Embrace Madness","damage_taken":10,"max_hp_gain":0,"max_hp_loss":0,"event_name":"Winding Halls","floor":47,"gold_loss":0,"cards_obtained":["Madness","Madness"]}],"is_beta":false,"boss_relics":[{"not_picked":["Runic Dome","Empty Cage"],"picked":"Nuclear Battery"},{"not_picked":["Tiny House","Velvet Choker"],"picked":"Black Star"}],"items_purged_floors":[4,20,37,53],"is_endless":false,"potions_floor_spawned":[10,12,13,16,18,24,27,35,36,48,54],"ascension_level":0}