{"gold_per_floor":[118,136,149,162,18,43,43,68,68,82,82,102,102,120,120,197,197,211,211,136,136,156,181,181,208,238,272,304,326,438,61,61,139,139,151,169,269,16,16,48,48,76,76,76,102,102,102,136,136,136,136,136,55,84,84],"floor_reached":56,"playtime":3054,"items_purged":["Strike_R","Strike_R"],"score":2240,"play_id":"699c1b8e-fe74-4b2d-b0dd-8451cb3e3b20","local_time":"20190607214118","is_ascension_mode":true,"campfire_choices":[{"floor":7.0,"key":"REST"},{"data":"Battle Trance","floor":13.0,"key":"SMITH"},{"data":"Body Slam","floor":15.0,"key":"SMITH"},{"data":"Double Tap","floor":24.0,"key":"SMITH"},{"data":"Immolate","floor":32,"key":"SMITH"},{"floor":41,"key":"RECALL"},{"floor":44,"key":"REST"},{"floor":46,"key":"REST"},{"floor":49,"key":"REST"},{"floor":52,"key":"REST"}],"neow_cost":"NONE","seed_source_timestamp":1536106970196775,"circlet_count":0,"master_deck":["AscendersBane","Strike_R","Strike_R","Defend_R","Defend_R","Defend_R","Bash+1","Body Slam+1","Anger","Cleave","Shrug It Off","Battle Trance+1","Combust","Rage","Sword Boomerang","Twin Strike","Immolate+1","Shrug It Off","Parasite","Double Tap+1","Parasite","Spot Weakness","Shockwave","Shrug It Off+1","Metallicize+1","Barricade+1","Battle Trance","Secret Technique+1","Pain","Disarm","Rupture+1","Panacea"],"special_seed":0,"relics":["Burning Blood","Blood Vial","Du-Vu Doll","Charon\u0027s Ashes","Cursed Key","Frozen Egg 2","MutagenicStrength","WingedGreaves","Bird Faced Urn","Tiny Chest","MawBank","Gambling Chip","Self Forming Clay","ClockworkSouvenir","Bag of Preparation","Fusion Hammer","Thread and Needle","Anchor","Mummified Hand","Art of War","Sundial","Molten Egg 2","War Paint"],"potions_floor_usage":[28,30,55,55],"damage_taken":[{"damage":6.0,"enemies":"Cultist","floor":1.0,"turns":4.0},{"damage":7.0,"enemies":"2 Louse","floor":2.0,"turns":3.0},{"damage":11.0,"enemies":"Small Slimes","floor":3.0,"turns":3.0},{"damage":14.0,"enemies":"Blue Slaver","floor":4.0,"turns":4.0},{"damage":29.0,"enemies":"3 Sentries","floor":6.0,"turns":7.0},{"damage":40.0,"enemies":"Lagavulin","floor":8.0,"turns":6.0},{"damage":9.0,"enemies":"3 Louse","floor":10.0,"turns":3.0},{"damage":0.0,"enemies":"2 Fungi Beasts","floor":12.0,"turns":2.0},{"damage":3.0,"enemies":"Large Slime","floor":14.0,"turns":4.0},{"damage":37.0,"enemies":"Hexaghost","floor":16.0,"turns":9.0},{"damage":11.0,"enemies":"2 Thieves","floor":18.0,"turns":3.0},{"damage":0.0,"enemies":"Spheric Guardian","floor":22.0,"turns":2.0},{"damage":24.0,"enemies":"Gremlin Leader","floor":23.0,"turns":5.0},{"damage":6.0,"enemies":"Book of Stabbing","floor":25.0,"turns":3.0},{"damage":10.0,"enemies":"Slavers","floor":27.0,"turns":4.0},{"damage":0,"enemies":"Snake Plant","floor":28,"turns":1},{"damage":0,"enemies":"Sentry and Sphere","floor":29,"turns":1},{"damage":8,"enemies":"Colosseum Slavers","floor":30,"turns":3},{"damage":2,"enemies":"Colosseum Nobs","floor":30,"turns":2},{"damage":23,"enemies":"Collector","floor":33,"turns":4},{"damage":9,"enemies":"3 Shapes","floor":35,"turns":2},{"damage":1,"enemies":"3 Darklings","floor":36,"turns":2},{"damage":34,"enemies":"Mind Bloom Boss Battle","floor":37,"turns":3},{"damage":0,"enemies":"Nemesis","floor":40,"turns":7},{"damage":0,"enemies":"Reptomancer","floor":42,"turns":2},{"damage":8,"enemies":"Giant Head","floor":45,"turns":4},{"damage":5,"enemies":"Reptomancer","floor":48,"turns":2},{"damage":20,"enemies":"Awakened One","floor":50,"turns":8},{"damage":8,"enemies":"Shield and Spear","floor":54,"turns":3},{"damage":38,"enemies":"The Heart","floor":55,"turns":8}],"seed_played":"3867067280904763524","potions_obtained":[{"floor":3.0,"key":"SkillPotion"},{"floor":4.0,"key":"BloodPotion"},{"floor":22.0,"key":"Poison Potion"},{"floor":25.0,"key":"Swift Potion"},{"floor":27.0,"key":"Block Potion"},{"floor":28,"key":"PowerPotion"},{"floor":37,"key":"SneckoOil"},{"floor":40,"key":"SteroidPotion"},{"floor":42,"key":"Block Potion"}],"is_trial":false,"path_per_floor":["M","M","M","M","$","E","R","E","T","M","?","M","R","M","R","B",null,"M","T","?","?","M","E","R","E","T","E","M","M","?","$","R","B",null,"M","M","?","$","?","E","R","E","T","R","E","R","?","E","R","B",null,"R","$","E","B",null],"character_chosen":"IRONCLAD","items_purchased":["Battle Trance","ClockworkSouvenir","Bag of Preparation","Metallicize+1","Anchor","Panacea"],"campfire_rested":5,"item_purchase_floors":[5,31,31,31,38,53],"current_hp_per_floor":[68,67,62,54,54,31,53,21,21,20,20,28,28,33,33,11,59,56,56,56,56,64,48,48,50,50,48,56,64,72,72,72,59,71,72,75,49,49,49,61,61,69,69,75,73,75,75,75,75,61,72,75,75,75,51],"gold":84,"neow_bonus":"THREE_CARDS","is_prod":false,"is_daily":false,"chose_seed":false,"campfire_upgraded":4,"win_rate":0,"timestamp":1559958078,"path_taken":["M","M","M","M","$","E","R","E","T","?","?","M","R","M","R","BOSS","M","?","?","?","M","E","R","E","T","E","M","M","?","$","R","BOSS","M","M","?","$","?","E","R","E","T","R","E","R","?","E","R","BOSS","R","$","E","BOSS"],"build_version":"2019-01-23","purchased_purges":2,"victory":true,"max_hp_per_floor":[75,75,75,75,75,75,75,75,75,75,75,75,75,75,75,75,75,75,75,75,75,75,75,75,75,75,75,75,75,75,75,75,75,75,75,75,75,75,75,75,75,75,75,75,75,75,75,75,75,75,75,75,75,75,75],"card_choices":[{"not_picked":["Clothesline","Wild Strike"],"picked":"Body Slam","floor":0.0},{"not_picked":["Clothesline","Clash"],"picked":"Anger","floor":1.0},{"not_picked":["Fire Breathing","Blood for Blood"],"picked":"Cleave","floor":2.0},{"not_picked":["Heavy Blade","Cleave","Anger"],"picked":"SKIP","floor":3.0},{"not_picked":["Heavy Blade","Havoc"],"picked":"Shrug It Off","floor":4.0},{"not_picked":["Bloodletting","Dropkick"],"picked":"Combust","floor":6.0},{"not_picked":["True Grit","Burning Pact"],"picked":"Rage","floor":8.0},{"not_picked":["Flex","Armaments"],"picked":"Sword Boomerang","floor":10.0},{"not_picked":["Brutality","Heavy Blade"],"picked":"Twin Strike","floor":12.0},{"not_picked":["Armaments","Body Slam","Pommel Strike"],"picked":"SKIP","floor":14.0},{"not_picked":["Fiend Fire","Dark Embrace"],"picked":"Immolate","floor":16.0},{"not_picked":["Twin Strike","Heavy Blade+1"],"picked":"Shrug It Off","floor":18.0},{"not_picked":["Bloodletting","Heavy Blade","Body Slam"],"picked":"SKIP","floor":22.0},{"not_picked":["Thunderclap","Searing Blow"],"picked":"Double Tap","floor":23.0},{"not_picked":["Pommel Strike","Pummel","Bloodletting"],"picked":"SKIP","floor":25.0},{"not_picked":["Pommel Strike","Pummel","Bloodletting"],"picked":"SKIP","floor":25.0},{"not_picked":["Flex+1","Perfected Strike"],"picked":"Spot Weakness","floor":27.0},{"not_picked":["Iron Wave","Flex"],"picked":"Shockwave","floor":28},{"not_picked":["Sword Boomerang","Blood for Blood"],"picked":"Shrug It Off","floor":29},{"not_picked":["Limit Break","Double Tap"],"picked":"Barricade+1","floor":33},{"not_picked":["Corruption+1","Twin Strike","Pommel Strike"],"picked":"SKIP","floor":35},{"not_picked":["Inflame+1","Pommel Strike"],"picked":"Battle Trance","floor":36},{"not_picked":["Dramatic Entrance","Transmutation"],"picked":"Secret Technique","floor":39},{"not_picked":["Spot Weakness","Body Slam","Flex+1"],"picked":"SKIP","floor":40},{"not_picked":["Sentinel+1","Sword Boomerang","Carnage"],"picked":"SKIP","floor":42},{"not_picked":["Clash","Barricade+1"],"picked":"Disarm","floor":45},{"not_picked":["Headbutt","Pommel Strike"],"picked":"Rupture+1","floor":48},{"not_picked":["Twin Strike+1","Shrug It Off","Sever Soul+1"],"picked":"SKIP","floor":54}],"player_experience":994029,"relics_obtained":[{"floor":6.0,"key":"Blood Vial"},{"floor":8.0,"key":"Du-Vu Doll"},{"floor":9.0,"key":"Charon\u0027s Ashes"},{"floor":19.0,"key":"Frozen Egg 2"},{"floor":23.0,"key":"WingedGreaves"},{"floor":25.0,"key":"Bird Faced Urn"},{"floor":26.0,"key":"Tiny Chest"},{"floor":27.0,"key":"MawBank"},{"floor":30,"key":"Gambling Chip"},{"floor":30,"key":"Self Forming Clay"},{"floor":37,"key":"Thread and Needle"},{"floor":40,"key":"Mummified Hand"},{"floor":42,"key":"Art of War"},{"floor":45,"key":"Sundial"},{"floor":48,"key":"Molten Egg 2"},{"floor":54,"key":"War Paint"}],"event_choices":[{"damage_healed":0.0,"max_hp_gain":0.0,"max_hp_loss":0.0,"gold_gain":0.0,"event_name":"Upgrade Shrine","player_choice":"Upgraded","floor":11.0,"gold_loss":0.0,"damage_taken":0.0,"cards_upgraded":["Bash"]},{"cards_removed":["Strike_R"],"damage_healed":0.0,"max_hp_gain":0.0,"max_hp_loss":0.0,"gold_gain":0.0,"event_name":"Beggar","player_choice":"Gave Gold","floor":20.0,"gold_loss":75.0,"damage_taken":0.0},{"damage_healed":0.0,"max_hp_gain":0.0,"max_hp_loss":0.0,"gold_gain":0.0,"event_name":"Drug Dealer","player_choice":"Inject Mutagens","floor":21.0,"gold_loss":0.0,"damage_taken":0.0,"relics_obtained":["MutagenicStrength"]},{"damage_healed":0,"gold_gain":0,"player_choice":"Fight","damage_taken":0,"max_hp_gain":0,"max_hp_loss":0,"event_name":"Colosseum","floor":30,"gold_loss":0},{"damage_healed":0,"gold_gain":0,"player_choice":"Fought Nobs","damage_taken":0,"max_hp_gain":0,"max_hp_loss":0,"event_name":"Colosseum","floor":30,"gold_loss":0},{"damage_healed":0,"gold_gain":0,"player_choice":"Fight","damage_taken":0,"max_hp_gain":0,"max_hp_loss":0,"event_name":"MindBloom","floor":37,"gold_loss":0},{"damage_healed":0,"gold_gain":0,"player_choice":"Memory 1","damage_taken":0,"max_hp_gain":0,"max_hp_loss":0,"event_name":"SensoryStone","floor":39,"gold_loss":0},{"cards_removed":["Defend_R"],"damage_healed":0,"gold_gain":0,"player_choice":"Removed Skill","damage_taken":0,"max_hp_gain":0,"max_hp_loss":0,"event_name":"Falling","floor":47,"gold_loss":0}],"is_beta":false,"boss_relics":[{"not_picked":["Empty Cage","Busted Crown"],"picked":"Cursed Key"},{"not_picked":["Runic Cube","Tiny House"],"picked":"Fusion Hammer"}],"items_purged_floors":[5,38],"is_endless":false,"potions_floor_spawned":[3,4,12,22,25,27,28,30,37,40,42],"ascension_level":14}