{"gold_per_floor":[110,54,68,68,68,68,82,116,116,128,159,180,192,192,192,266,266,266,266,266,266,191,191,191,191,191,191,191,191,191,191,191,191,191,191,191,191,191,191,191,191,191,191,191,191,191,191,23,23,23],"floor_reached":50,"playtime":3464,"items_purged":["Static Discharge"],"score":1067,"play_id":"173940a1-3e3b-4e8b-a8f7-f9a46ceeff40","local_time":"20190725232347","is_ascension_mode":true,"campfire_choices":[{"data":"Zap","floor":6.0,"key":"SMITH"},{"data":"Rainbow","floor":15.0,"key":"SMITH"},{"floor":24.0,"key":"REST"},{"data":"Creative AI","floor":27.0,"key":"SMITH"},{"data":"Defragment","floor":29.0,"key":"SMITH"},{"floor":32.0,"key":"REST"},{"floor":40,"key":"REST"},{"floor":42,"key":"REST"},{"floor":47,"key":"REST"},{"floor":49,"key":"REST"}],"neow_cost":"NONE","seed_source_timestamp":274208606323017,"circlet_count":0,"master_deck":["AscendersBane","Zap+1","Dualcast","Go for the Eyes","Rainbow+1","FTL","Fusion","Rebound","All For One","Cold Snap","Conserve Battery","Auto Shields","Ball Lightning","Sweeping Beam","Steam","Steam","Loop","Steam","Creative AI+1","Genetic Algorithm+1","Go for the Eyes+1","Defragment+1","Amplify","Rip and Tear","Compile Driver+1"],"special_seed":0,"relics":["Pandora\u0027s Box","Mercury Hourglass","Shuriken","Pantograph","Odd Mushroom","Letter Opener","Ectoplasm","Enchiridion","Bottled Lightning","Bag of Marbles","Dream Catcher","Philosopher\u0027s Stone","Darkstone Periapt","Pocketwatch","DataDisk"],"potions_floor_usage":[33,35,41,50,50],"damage_taken":[{"damage":0.0,"enemies":"Cultist","floor":1.0,"turns":3.0},{"damage":7.0,"enemies":"2 Louse","floor":3.0,"turns":2.0},{"damage":3.0,"enemies":"Jaw Worm","floor":7.0,"turns":2.0},{"damage":29.0,"enemies":"3 Sentries","floor":8.0,"turns":6.0},{"damage":0.0,"enemies":"3 Louse","floor":10.0,"turns":2.0},{"damage":0.0,"enemies":"Lagavulin","floor":11.0,"turns":5.0},{"damage":3.0,"enemies":"The Mushroom Lair","floor":12.0,"turns":2.0},{"damage":0.0,"enemies":"Exordium Wildlife","floor":13.0,"turns":3.0},{"damage":12.0,"enemies":"The Guardian","floor":16.0,"turns":8.0},{"damage":0.0,"enemies":"Spheric Guardian","floor":18.0,"turns":3.0},{"damage":3.0,"enemies":"3 Byrds","floor":19.0,"turns":3.0},{"damage":11.0,"enemies":"Cultist and Chosen","floor":20.0,"turns":6.0},{"damage":0.0,"enemies":"3 Cultists","floor":23.0,"turns":3.0},{"damage":2.0,"enemies":"Gremlin Leader","floor":25.0,"turns":5.0},{"damage":6.0,"enemies":"Sentry and Sphere","floor":28.0,"turns":4.0},{"damage":14.0,"enemies":"Cultist and Chosen","floor":30.0,"turns":6.0},{"damage":18.0,"enemies":"Slavers","floor":31.0,"turns":3.0},{"damage":12,"enemies":"Collector","floor":33,"turns":7},{"damage":27,"enemies":"3 Darklings","floor":35,"turns":4},{"damage":20,"enemies":"3 Shapes","floor":36,"turns":4},{"damage":0,"enemies":"3 Darklings","floor":37,"turns":3},{"damage":0,"enemies":"Maw","floor":41,"turns":7},{"damage":32,"enemies":"Reptomancer","floor":45,"turns":8},{"damage":20,"enemies":"Sphere and 2 Shapes","floor":46,"turns":4},{"damage":76,"enemies":"Awakened One","floor":50,"turns":9}],"seed_played":"4317131639202669908","potions_obtained":[{"floor":7.0,"key":"Energy Potion"},{"floor":10.0,"key":"Explosive Potion"},{"floor":12.0,"key":"FairyPotion"},{"floor":18.0,"key":"AttackPotion"},{"floor":25.0,"key":"FearPotion"},{"floor":31.0,"key":"GamblersBrew"},{"floor":33,"key":"SneckoOil"},{"floor":41,"key":"Block Potion"},{"floor":44,"key":"Energy Potion"},{"floor":45,"key":"FocusPotion"}],"is_trial":false,"path_per_floor":["M","$","M","?","?","R","M","E","T","M","E","?","M","T","R","B",null,"M","M","M","?","$","M","R","E","T","R","M","R","M","E","R","B",null,"M","M","M","?","?","R","M","R","T","?","E","M","R","$","R","B"],"character_chosen":"DEFECT","items_purchased":["Conserve Battery","DataDisk"],"campfire_rested":6,"item_purchase_floors":[2,48],"current_hp_per_floor":[64,64,57,62,62,62,59,30,30,30,30,27,27,27,27,40,67,67,64,53,32,32,32,54,52,52,52,46,46,32,14,36,49,69,42,22,22,22,22,43,43,64,64,64,32,12,33,33,54,0],"gold":23,"neow_bonus":"BOSS_RELIC","is_prod":false,"is_daily":false,"chose_seed":false,"campfire_upgraded":4,"win_rate":0,"timestamp":1564111427,"path_taken":["M","?","M","?","?","R","M","E","T","?","E","?","M","?","R","BOSS","M","M","M","?","$","M","R","E","T","R","M","R","M","E","R","BOSS","M","M","M","?","?","R","M","R","T","?","E","M","R","$","R","BOSS"],"build_version":"2019-07-17","purchased_purges":1,"victory":false,"max_hp_per_floor":[71,71,71,76,76,76,76,76,76,76,76,76,76,76,76,76,76,76,76,76,76,76,76,76,76,76,76,76,76,76,76,76,76,76,76,76,76,72,72,72,72,72,72,72,72,72,72,72,72,72],"card_choices":[{"not_picked":["Cold Snap","Blizzard","Turbo"],"picked":"SKIP","floor":1.0},{"not_picked":["Steam","Leap"],"picked":"Auto Shields","floor":3.0},{"not_picked":["Turbo","Redo"],"picked":"Ball Lightning","floor":7.0},{"not_picked":["Turbo","Undo"],"picked":"Sweeping Beam","floor":8.0},{"not_picked":["Auto Shields","Meteor Strike"],"picked":"Steam","floor":10.0},{"not_picked":["Redo","Turbo"],"picked":"Steam","floor":11.0},{"not_picked":["Conserve Battery","Steam"],"picked":"Loop","floor":12.0},{"not_picked":["Conserve Battery","Fusion"],"picked":"Steam","floor":13.0},{"not_picked":["Buffer","Amplify"],"picked":"Creative AI","floor":16.0},{"not_picked":["Redo","Go for the Eyes+1","Barrage"],"picked":"SKIP","floor":18.0},{"not_picked":["Rebound","Melter","Barrage"],"picked":"SKIP","floor":19.0},{"not_picked":["Double Energy","Steam"],"picked":"Genetic Algorithm+1","floor":20.0},{"not_picked":["Cold Snap","Multi-Cast"],"picked":"Go for the Eyes+1","floor":23.0},{"not_picked":["Conserve Battery","Heatsinks","Chill"],"picked":"SKIP","floor":25.0},{"not_picked":["Hologram","Compile Driver"],"picked":"Defragment","floor":28.0},{"not_picked":["Hologram","Leap","Recycle"],"picked":"SKIP","floor":30.0},{"not_picked":["Beam Cell","Redo"],"picked":"Amplify","floor":31.0},{"not_picked":["Undo","Ball Lightning+1"],"picked":"Rip and Tear","floor":35},{"not_picked":["Stack","Steam","Streamline+1"],"picked":"SKIP","floor":36},{"not_picked":["BootSequence+1","Recycle+1","Leap"],"picked":"SKIP","floor":37},{"not_picked":["Lockon","Redo+1","Streamline+1"],"picked":"SKIP","floor":41},{"not_picked":["Meteor Strike","Sunder+1","Scrape"],"picked":"SKIP","floor":45},{"not_picked":["Redo","Sweeping Beam","Compile Driver"],"picked":"SKIP","floor":46},{"not_picked":["Beam Cell","Sweeping Beam+1"],"picked":"Compile Driver+1","floor":49}],"player_experience":1160957,"relics_obtained":[{"floor":8.0,"key":"Mercury Hourglass"},{"floor":9.0,"key":"Shuriken"},{"floor":11.0,"key":"Pantograph"},{"floor":12.0,"key":"Odd Mushroom"},{"floor":14.0,"key":"Letter Opener"},{"floor":21.0,"key":"Enchiridion"},{"floor":25.0,"key":"Bottled Lightning"},{"floor":26.0,"key":"Bag of Marbles"},{"floor":31.0,"key":"Dream Catcher"},{"floor":43,"key":"Darkstone Periapt"},{"floor":45,"key":"Pocketwatch"}],"event_choices":[{"damage_healed":0.0,"max_hp_gain":5.0,"max_hp_loss":0.0,"gold_gain":0.0,"event_name":"Big Fish","player_choice":"Donut","floor":4.0,"gold_loss":0.0,"damage_taken":0.0},{"damage_healed":0.0,"max_hp_gain":0.0,"max_hp_loss":0.0,"gold_gain":0.0,"event_name":"Liars Game","player_choice":"Ignored","floor":5.0,"gold_loss":0.0,"damage_taken":0.0},{"damage_healed":0.0,"max_hp_gain":0.0,"max_hp_loss":0.0,"gold_gain":0.0,"event_name":"Mushrooms","player_choice":"Fought Mushrooms","floor":12.0,"gold_loss":0.0,"damage_taken":0.0},{"damage_healed":0.0,"max_hp_gain":0.0,"max_hp_loss":0.0,"gold_gain":0.0,"event_name":"Cursed Tome","player_choice":"Obtained Book","floor":21.0,"gold_loss":0.0,"damage_taken":21.0},{"damage_healed":0,"gold_gain":0,"player_choice":"Max HP","damage_taken":0,"max_hp_gain":0,"max_hp_loss":4,"event_name":"Winding Halls","floor":38,"gold_loss":0},{"damage_healed":0,"gold_gain":0,"player_choice":"Ignored","damage_taken":0,"max_hp_gain":0,"max_hp_loss":0,"event_name":"The Moai Head","floor":39,"gold_loss":0},{"damage_healed":0,"gold_gain":0,"player_choice":"Got Potions","damage_taken":0,"max_hp_gain":0,"max_hp_loss":0,"event_name":"Lab","floor":44,"gold_loss":0}],"is_beta":false,"boss_relics":[{"not_picked":["Inserter","Astrolabe"],"picked":"Ectoplasm"},{"not_picked":["Runic Dome","Lizard Tail"],"picked":"Philosopher\u0027s Stone"}],"items_purged_floors":[22],"is_endless":false,"potions_floor_spawned":[7,10,12,18,20,25,31,33,41,45,46],"killed_by":"Awakened One","ascension_level":19}