{"gold_per_floor":[116,13,13,38,38,38,38,38,88,112,112,112,153,176,176,275,275,294,314,239,239,257,257,257,257,257,275,314,327,327,363,363,363],"floor_reached":33,"playtime":1847,"items_purged":["Strike_G"],"score":812,"play_id":"89733d77-8f95-403b-8435-239b79854051","local_time":"20190607204850","is_ascension_mode":true,"campfire_choices":[{"data":"Noxious Fumes","floor":6.0,"key":"SMITH"},{"data":"Storm of Steel","floor":8.0,"key":"SMITH"},{"floor":11.0,"key":"REST"},{"data":"Cloak And Dagger","floor":15.0,"key":"SMITH"},{"data":"Wraith Form v2","floor":23.0,"key":"SMITH"},{"data":"Accuracy","floor":25.0,"key":"SMITH"},{"data":"Well Laid Plans","floor":30.0,"key":"SMITH"},{"data":"Cloak And Dagger","floor":32,"key":"SMITH"}],"neow_cost":"NONE","seed_source_timestamp":0,"circlet_count":0,"master_deck":["AscendersBane","Defend_G","Defend_G","Defend_G","Defend_G","Defend_G","Strike_G","Strike_G+1","Survivor","Neutralize+1","Storm of Steel+1","Noxious Fumes+1","Dodge and Roll","Backstab","Cloak And Dagger+1","Wraith Form v2+1","Well Laid Plans+1","Cloak And Dagger+1","Doppelganger","Ghostly","Ghostly","Ghostly","PiercingWail","Accuracy+1","Infinite Blades"],"special_seed":0,"relics":["Ring of the Snake","Golden Idol","Whetstone","Orichalcum","Pen Nib","Mango","Orrery","Meat on the Bone","Lantern","Omamori"],"potions_floor_usage":[],"damage_taken":[{"damage":16.0,"enemies":"Jaw Worm","floor":1.0,"turns":6.0},{"damage":1.0,"enemies":"2 Louse","floor":10.0,"turns":4.0},{"damage":26.0,"enemies":"Gremlin Nob","floor":13.0,"turns":6.0},{"damage":7.0,"enemies":"Small Slimes","floor":14.0,"turns":3.0},{"damage":38.0,"enemies":"Hexaghost","floor":16.0,"turns":12.0},{"damage":27.0,"enemies":"Spheric Guardian","floor":18.0,"turns":6.0},{"damage":8.0,"enemies":"Chosen","floor":19.0,"turns":6.0},{"damage":0.0,"enemies":"Snake Plant","floor":22.0,"turns":7.0},{"damage":2.0,"enemies":"Cultist and Chosen","floor":27.0,"turns":7.0},{"damage":15.0,"enemies":"Slavers","floor":28.0,"turns":8.0},{"damage":2.0,"enemies":"Centurion and Healer","floor":29.0,"turns":10.0},{"damage":0,"enemies":"Gremlin Leader","floor":31,"turns":6},{"damage":35,"enemies":"Automaton","floor":33,"turns":6}],"seed_played":"-8420123062431377379","potions_obtained":[{"floor":1.0,"key":"FearPotion"},{"floor":13.0,"key":"PowerPotion"},{"floor":22.0,"key":"Ancient Potion"},{"floor":28.0,"key":"Swift Potion"}],"is_trial":false,"path_per_floor":["M","$","?","T","?","R","$","R","T","M","R","?","E","M","R","B",null,"M","M","?","?","M","R","?","R","T","M","E","M","R","E","R","B"],"character_chosen":"THE_SILENT","items_purchased":["Dodge and Roll"],"campfire_rested":1,"item_purchase_floors":[2],"current_hp_per_floor":[43,43,43,43,38,38,38,38,38,37,55,60,48,41,41,3,60,33,25,25,25,25,25,25,25,25,23,20,30,30,30,30,0],"gold":363,"neow_bonus":"TRANSFORM_CARD","is_prod":false,"is_daily":false,"chose_seed":false,"campfire_upgraded":7,"win_rate":0,"timestamp":1559933330,"path_taken":["M","$","?","?","?","R","?","R","T","M","R","?","E","M","R","BOSS","M","M","?","?","M","R","?","R","T","M","E","M","R","E","R","BOSS"],"build_version":"2019-01-23","purchased_purges":1,"victory":false,"max_hp_per_floor":[66,66,60,60,60,60,60,60,60,60,60,65,79,79,79,79,79,79,79,79,39,39,39,39,39,39,39,39,39,39,39,39,39],"card_choices":[{"not_picked":["Dagger Spray","Underhanded Strike"],"picked":"Noxious Fumes","floor":1.0},{"not_picked":["Poisoned Stab","Infinite Blades"],"picked":"Backstab","floor":10.0},{"not_picked":["Deadly Poison","Acrobatics"],"picked":"Cloak And Dagger","floor":13.0},{"not_picked":["Prepared","Phantasmal Killer","Concentrate"],"picked":"SKIP","floor":14.0},{"not_picked":["Grand Finale","Tools of the Trade"],"picked":"Wraith Form v2","floor":16.0},{"not_picked":["Backflip","Flying Knee"],"picked":"Well Laid Plans","floor":17.0},{"not_picked":["Sucker Punch","Poisoned Stab"],"picked":"Cloak And Dagger","floor":17.0},{"not_picked":["Blade Dance","Finisher"],"picked":"Doppelganger","floor":17.0},{"not_picked":["Blade Dance","Quick Slash","Acrobatics"],"picked":"SKIP","floor":18.0},{"not_picked":["Predator","Tactician+1","Underhanded Strike"],"picked":"SKIP","floor":19.0},{"not_picked":["Noxious Fumes","Well Laid Plans"],"picked":"PiercingWail","floor":22.0},{"not_picked":["Predator","Prepared","Acrobatics"],"picked":"SKIP","floor":27.0},{"not_picked":["Eviscerate","Dagger Throw","Choke"],"picked":"SKIP","floor":28.0},{"not_picked":["Burst","Blade Dance"],"picked":"Infinite Blades","floor":29.0},{"not_picked":["Quick Slash","Acrobatics+1","Tactician"],"picked":"SKIP","floor":31}],"player_experience":473026,"relics_obtained":[{"floor":4.0,"key":"Whetstone"},{"floor":9.0,"key":"Pen Nib"},{"floor":13.0,"key":"Mango"},{"floor":26.0,"key":"Meat on the Bone"},{"floor":28.0,"key":"Lantern"},{"floor":31,"key":"Omamori"}],"event_choices":[{"damage_healed":0.0,"max_hp_gain":0.0,"max_hp_loss":6.0,"gold_gain":0.0,"event_name":"Golden Idol","player_choice":"Lose Max HP","floor":3.0,"gold_loss":0.0,"damage_taken":0.0,"relics_obtained":["Golden Idol"]},{"damage_healed":0.0,"max_hp_gain":0.0,"max_hp_loss":0.0,"gold_gain":0.0,"event_name":"Scrap Ooze","player_choice":"Success","floor":5.0,"gold_loss":0.0,"damage_taken":5.0,"relics_obtained":["Orichalcum"]},{"damage_healed":0.0,"max_hp_gain":5.0,"max_hp_loss":0.0,"gold_gain":0.0,"event_name":"Big Fish","player_choice":"Donut","floor":12.0,"gold_loss":0.0,"damage_taken":0.0},{"cards_removed":["Strike_G"],"damage_healed":0.0,"max_hp_gain":0.0,"max_hp_loss":0.0,"gold_gain":0.0,"event_name":"Beggar","player_choice":"Gave Gold","floor":20.0,"gold_loss":75.0,"damage_taken":0.0},{"damage_healed":0.0,"max_hp_gain":0.0,"max_hp_loss":40.0,"gold_gain":0.0,"event_name":"Ghosts","player_choice":"Became a Ghost","floor":21.0,"gold_loss":0.0,"damage_taken":0.0,"cards_obtained":["Ghostly","Ghostly","Ghostly"]},{"damage_healed":0.0,"max_hp_gain":0.0,"max_hp_loss":0.0,"gold_gain":0.0,"event_name":"The Library","player_choice":"Read","floor":24.0,"gold_loss":0.0,"damage_taken":0.0,"cards_obtained":["Accuracy"]}],"is_beta":false,"boss_relics":[{"not_picked":["Busted Crown","Pandora\u0027s Box"],"picked":"Orrery"}],"items_purged_floors":[2],"is_endless":false,"potions_floor_spawned":[1,13,18,22,28],"killed_by":"Automaton","ascension_level":20}