{"gold_per_floor":[117,136,61,61,71,99,99,112,112,112,122,122,149,168,168,273,273,288,308,308,320,320,320,352,352,352,362,32,32,49,0,0,100,100,114,114,124,142,142],"floor_reached":39,"playtime":4105,"items_purged":["Regret","Accuracy"],"score":562,"play_id":"5368b0d1-900e-4741-b410-a5d134704ec3","local_time":"20180817191440","is_ascension_mode":true,"campfire_choices":[{"floor":7,"key":"REST"},{"data":"Bullet Time","floor":10,"key":"SMITH"},{"data":"Sucker Punch","floor":12,"key":"SMITH"},{"data":"Dash","floor":15,"key":"SMITH"},{"floor":23,"key":"REST"},{"floor":25,"key":"REST"},{"floor":29,"key":"REST"},{"floor":32,"key":"REST"}],"neow_cost":"CURSE","seed_source_timestamp":147050895751859,"circlet_count":0,"master_deck":["Defend_G","Defend_G","Defend_G","Survivor","Neutralize","Flying Knee","Poisoned Stab","Dagger Spray","Sucker Punch+1","Quick Slash","Finisher","Bullet Time+1","Acrobatics","Venomology","Dash+1","A Thousand Cuts","Acrobatics","Cloak And Dagger","RitualDagger","Prepared","Bite","Bite","Bite","Bite","Bite","Prepared","Predator+1","Malaise","Injury","Writhe","Clumsy","All Out Attack","Dash+1","Dagger Spray+1"],"relics":["Ring of the Snake","Potion Belt","Snake Skull","Singing Bowl","White Beast Statue","The Courier","Pear","TwistedFunnel","Calling Bell","Pen Nib","Kunai","StoneCalendar"],"potions_floor_usage":[6,16,19,24,24,24,27,27,27,30,30,33,33,33,38,38,38,39,39,39],"damage_taken":[{"damage":4,"enemies":"Cultist","floor":1,"turns":3},{"damage":2,"enemies":"Jaw Worm","floor":2,"turns":3},{"damage":0,"enemies":"Small Slimes","floor":5,"turns":2},{"damage":17,"enemies":"Lagavulin","floor":6,"turns":5},{"damage":5,"enemies":"Blue Slaver","floor":8,"turns":3},{"damage":1,"enemies":"Looter","floor":11,"turns":3},{"damage":22,"enemies":"3 Sentries","floor":13,"turns":6},{"damage":11,"enemies":"Exordium Wildlife","floor":14,"turns":3},{"damage":14,"enemies":"Hexaghost","floor":16,"turns":11},{"damage":5,"enemies":"3 Byrds","floor":18,"turns":5},{"damage":13,"enemies":"2 Thieves","floor":19,"turns":4},{"damage":13,"enemies":"Snecko","floor":21,"turns":4},{"damage":45,"enemies":"Gremlin Leader","floor":24,"turns":8},{"damage":33,"enemies":"Shelled Parasite and Fungi","floor":27,"turns":6},{"damage":23,"enemies":"Cultist and Chosen","floor":30,"turns":6},{"damage":57,"enemies":"Collector","floor":33,"turns":6},{"damage":17,"enemies":"3 Shapes","floor":35,"turns":6},{"damage":41,"enemies":"3 Darklings","floor":37,"turns":4},{"damage":0,"enemies":"Flame Bruiser 2 Orb","floor":38,"turns":4},{"damage":8,"enemies":"Transient","floor":39,"turns":3}],"seed_played":"1518519363831320184","potions_obtained":[{"floor":2,"key":"Fire Potion"},{"floor":6,"key":"FearPotion"},{"floor":8,"key":"PowerPotion"},{"floor":11,"key":"FairyPotion"},{"floor":18,"key":"SteroidPotion"},{"floor":19,"key":"SpeedPotion"},{"floor":21,"key":"GhostInAJar"},{"floor":24,"key":"Swift Potion"},{"floor":27,"key":"Ancient Potion"},{"floor":30,"key":"SkillPotion"},{"floor":33,"key":"SkillPotion"},{"floor":37,"key":"Explosive Potion"},{"floor":38,"key":"AttackPotion"}],"is_trial":false,"path_per_floor":["M","M","$","?","M","E","R","M","T","R","M","R","E","M","R","B",null,"M","M","?","M","?","R","E","R","T","M","$","R","M","?","R","B",null,"M","?","M","M"],"character_chosen":"THE_SILENT","items_purchased":["Fruit Juice","TwistedFunnel"],"campfire_rested":5,"item_purchase_floors":[28,28],"current_hp_per_floor":[59,57,57,57,57,40,61,56,56,56,55,55,33,22,22,8,55,50,37,31,18,18,32,15,29,39,18,18,36,28,28,47,10,52,41,41,4,8,0],"gold":142,"neow_bonus":"TRANSFORM_TWO_CARDS","is_prod":false,"is_daily":false,"chose_seed":false,"campfire_upgraded":3,"win_rate":0,"timestamp":1534547680,"path_taken":["M","?","?","?","M","E","R","M","T","R","M","R","E","M","R","BOSS","M","?","?","M","?","R","E","R","T","?","$","R","M","?","R","BOSS","M","?","?","M","M"],"build_version":"2018-08-16","purchased_purges":2,"victory":false,"max_hp_per_floor":[70,70,70,70,70,70,70,70,70,70,70,70,70,70,70,70,70,70,70,70,70,49,49,49,49,59,61,61,61,66,66,66,66,66,66,66,66,66,66],"card_choices":[{"not_picked":["Dagger Throw","Deadly Poison"],"picked":"Dagger Spray","floor":1},{"not_picked":["Escape Plan","Cloak And Dagger"],"picked":"Sucker Punch","floor":2},{"not_picked":["PiercingWail","Caltrops"],"picked":"Quick Slash","floor":5},{"not_picked":["Leg Sweep","Skewer"],"picked":"Finisher","floor":6},{"not_picked":["Heel Hook","Underhanded Strike"],"picked":"Bullet Time","floor":8},{"not_picked":["Blade Dance","Sucker Punch"],"picked":"Acrobatics","floor":11},{"not_picked":["Slice","PiercingWail"],"picked":"Venomology","floor":13},{"not_picked":["Catalyst","Acrobatics"],"picked":"Dash","floor":14},{"not_picked":["Storm of Steel","After Image"],"picked":"A Thousand Cuts","floor":16},{"not_picked":["Sucker Punch","Flying Knee"],"picked":"Acrobatics","floor":18},{"not_picked":["Slice","Escape Plan"],"picked":"Cloak And Dagger","floor":19},{"not_picked":["Blade Dance","Poisoned Stab+1"],"picked":"Prepared","floor":21},{"not_picked":["Dagger Throw","Acrobatics"],"picked":"Prepared","floor":24},{"not_picked":["Underhanded Strike","Cloak And Dagger+1","Expertise+1"],"picked":"Singing Bowl","floor":27},{"not_picked":["Deadly Poison","Leg Sweep+1"],"picked":"Predator+1","floor":30},{"not_picked":["Tools of the Trade","Corpse Explosion"],"picked":"Malaise","floor":33},{"not_picked":["Dagger Spray","Deflect+1"],"picked":"All Out Attack","floor":35},{"not_picked":["Sucker Punch","Bane"],"picked":"Dash+1","floor":37},{"not_picked":["Sucker Punch+1","Poisoned Stab+1"],"picked":"Dagger Spray+1","floor":38}],"player_experience":300504,"relics_obtained":[{"floor":6,"key":"Potion Belt"},{"floor":9,"key":"Snake Skull"},{"floor":13,"key":"Singing Bowl"},{"floor":24,"key":"The Courier"},{"floor":26,"key":"Pear"},{"floor":34,"key":"Pen Nib"},{"floor":34,"key":"Kunai"},{"floor":34,"key":"StoneCalendar"}],"event_choices":[{"event_name":"Living Wall","player_choice":"Change","floor":4,"damage_taken":0},{"event_name":"Nest","player_choice":"Joined the Cult","floor":20,"damage_taken":0},{"event_name":"Vampires","player_choice":"Became a vampire","floor":22,"damage_taken":0},{"event_name":"Masked Bandits","player_choice":"Paid Fearfully","floor":31,"damage_taken":0},{"event_name":"Mysterious Sphere","player_choice":"Ignore","floor":36,"damage_taken":0}],"is_beta":false,"boss_relics":[{"not_picked":["Black Star","Runic Pyramid"],"picked":"White Beast Statue"},{"not_picked":["Eternal Feather","Astrolabe"],"picked":"Calling Bell"}],"items_purged_floors":[3,28],"is_endless":false,"potions_floor_spawned":[2,6,8,11,18,19,21,24,27,30,33,35,37,38],"killed_by":"Transient","ascension_level":6}