{"gold_per_floor":[114,128,128,144,319,319,330,360,360,34,34,60,60,73,73,176,176,187,187,187,87,100,100,128,142,142,142,203,203,232,232,232,232],"floor_reached":33,"playtime":920,"items_purged":["Doubt","Pain"],"score":311,"play_id":"3131d3eb-bf27-433c-843d-f9fe36969e93","local_time":"20190618095537","is_ascension_mode":false,"campfire_choices":[{"data":"Uppercut","floor":6,"key":"SMITH"},{"data":"Uppercut","floor":11,"key":"SMITH"},{"data":"Flame Barrier","floor":13,"key":"SMITH"},{"data":"Spot Weakness","floor":15,"key":"SMITH"},{"data":"Limit Break","floor":23,"key":"SMITH"},{"floor":27,"key":"REST"},{"floor":29,"key":"REST"},{"floor":32,"key":"REST"}],"neow_cost":"NONE","seed_source_timestamp":496289950497588,"circlet_count":0,"master_deck":["Strike_R","Strike_R","Strike_R","Strike_R+1","Defend_R","Defend_R","Defend_R","Defend_R","Bash+1","Uppercut+1","Spot Weakness+1","Twin Strike","Uppercut+1","Flame Barrier+1","Headbutt","Limit Break+1","Spot Weakness","Flame Barrier","Berserk+1","True Grit","Necronomicurse"],"relics":["Burning Blood","NeowsBlessing","Frozen Egg 2","Paper Frog","Letter Opener","Potion Belt","Black Star","WarpedTongs","Bronze Scales","Whetstone","Molten Egg 2","Tiny Chest","Bottled Lightning","Oddly Smooth Stone","Ancient Tea Set","Necronomicon"],"potions_floor_usage":[28,30,30,33],"damage_taken":[{"damage":0,"enemies":"Jaw Worm","floor":1,"turns":1},{"damage":0,"enemies":"Cultist","floor":2,"turns":1},{"damage":0,"enemies":"Small Slimes","floor":4,"turns":1},{"damage":12,"enemies":"Blue Slaver","floor":7,"turns":4},{"damage":30,"enemies":"Gremlin Nob","floor":8,"turns":5},{"damage":26,"enemies":"Lagavulin","floor":12,"turns":5},{"damage":0,"enemies":"3 Louse","floor":14,"turns":4},{"damage":9,"enemies":"Hexaghost","floor":16,"turns":10},{"damage":0,"enemies":"Chosen","floor":18,"turns":4},{"damage":19,"enemies":"Shell Parasite","floor":22,"turns":5},{"damage":30,"enemies":"Book of Stabbing","floor":24,"turns":6},{"damage":29,"enemies":"Centurion and Healer","floor":25,"turns":5},{"damage":43,"enemies":"Gremlin Leader","floor":28,"turns":7},{"damage":15,"enemies":"Book of Stabbing","floor":30,"turns":4},{"damage":54,"enemies":"Automaton","floor":33,"turns":6}],"seed_played":"-4308324763492794918","potions_obtained":[{"floor":7,"key":"EssenceOfSteel"},{"floor":8,"key":"PowerPotion"},{"floor":14,"key":"LiquidBronze"},{"floor":22,"key":"GamblersBrew"},{"floor":25,"key":"Weak Potion"},{"floor":28,"key":"LiquidBronze"}],"is_trial":false,"path_per_floor":["M","M","?","M","?","R","M","E","T","$","R","E","R","M","R","B",null,"M","$","?","$","M","R","E","M","T","R","E","R","E","?","R","B"],"character_chosen":"IRONCLAD","items_purchased":["Letter Opener"],"campfire_rested":3,"item_purchase_floors":[10],"current_hp_per_floor":[80,80,80,80,80,80,74,50,50,50,50,30,30,36,36,33,80,80,80,80,80,67,67,43,20,20,44,7,31,22,6,30,0],"gold":232,"neow_bonus":"THREE_ENEMY_KILL","is_prod":false,"is_daily":false,"chose_seed":false,"campfire_upgraded":5,"win_rate":0,"timestamp":1560844537,"path_taken":["M","M","?","?","?","R","M","E","T","?","R","E","R","M","R","BOSS","M","$","?","$","?","R","E","M","T","R","E","R","E","?","R","BOSS"],"build_version":"2019-01-23","purchased_purges":2,"victory":false,"max_hp_per_floor":[80,80,80,80,80,80,80,80,80,80,80,80,80,80,80,80,80,80,80,80,80,80,80,80,80,80,80,80,80,80,80,80,80],"card_choices":[{"not_picked":["Wild Strike","Heavy Blade","Clash"],"picked":"SKIP","floor":1},{"not_picked":["Sword Boomerang","Heavy Blade"],"picked":"Uppercut","floor":2},{"not_picked":["Body Slam","Intimidate"],"picked":"Spot Weakness","floor":4},{"not_picked":["Iron Wave","Reckless Charge"],"picked":"Twin Strike","floor":7},{"not_picked":["Anger","Entrench"],"picked":"Uppercut","floor":8},{"not_picked":["Body Slam","Perfected Strike"],"picked":"Flame Barrier","floor":12},{"not_picked":["Pommel Strike","Rampage"],"picked":"Headbutt","floor":14},{"not_picked":["Double Tap","Fiend Fire"],"picked":"Limit Break","floor":16},{"not_picked":["Warcry","Infernal Blade+1","Clothesline"],"picked":"SKIP","floor":18},{"not_picked":["Iron Wave","Pommel Strike","Headbutt+1"],"picked":"SKIP","floor":22},{"not_picked":["Blood for Blood+1","Body Slam"],"picked":"Spot Weakness","floor":24},{"not_picked":["Sword Boomerang+1","Spot Weakness"],"picked":"Flame Barrier","floor":25},{"not_picked":["Burning Pact","Clothesline+1"],"picked":"Berserk+1","floor":28},{"not_picked":["Havoc","Evolve+1"],"picked":"True Grit","floor":30}],"player_experience":552203,"relics_obtained":[{"floor":8,"key":"Frozen Egg 2"},{"floor":9,"key":"Paper Frog"},{"floor":12,"key":"Potion Belt"},{"floor":24,"key":"Bronze Scales"},{"floor":24,"key":"Whetstone"},{"floor":26,"key":"Molten Egg 2"},{"floor":28,"key":"Tiny Chest"},{"floor":28,"key":"Bottled Lightning"},{"floor":30,"key":"Oddly Smooth Stone"},{"floor":30,"key":"Ancient Tea Set"},{"floor":31,"key":"Necronomicon"}],"event_choices":[{"cards_removed":["Strike_R"],"damage_healed":0,"gold_gain":0,"player_choice":"Offered Basic","damage_taken":0,"max_hp_gain":0,"max_hp_loss":0,"event_name":"Bonfire Elementals","floor":3,"gold_loss":0},{"damage_healed":0,"gold_gain":175,"player_choice":"AGREE","damage_taken":0,"max_hp_gain":0,"max_hp_loss":0,"event_name":"Liars Game","floor":5,"gold_loss":0,"cards_obtained":["Doubt"]},{"damage_healed":0,"gold_gain":0,"player_choice":"Rummage","damage_taken":0,"relics_obtained":["WarpedTongs"],"max_hp_gain":0,"max_hp_loss":0,"event_name":"Accursed Blacksmith","floor":20,"gold_loss":0,"cards_obtained":["Pain"]},{"damage_healed":0,"gold_gain":0,"player_choice":"Obtained Book","damage_taken":16,"max_hp_gain":0,"max_hp_loss":0,"event_name":"Cursed Tome","floor":31,"gold_loss":0}],"is_beta":false,"boss_relics":[{"not_picked":["Ectoplasm","White Beast Statue"],"picked":"Black Star"}],"items_purged_floors":[10,21],"is_endless":false,"potions_floor_spawned":[7,8,14,22,25,28],"killed_by":"Automaton","ascension_level":0}