{"gold_per_floor":[121,144,231,243,274,313,339,386,421,493,505,517,548,578,590,701,713,711,648,562,236,253,253,280,298,598,598,611,631,644,663,663,760,760,773,773,773,873,888,888,922,922,994,1005,1005,1025,1040,399,399,399],"floor_reached":51,"playtime":2374,"items_purged":["Pain","Anger"],"score":736,"play_id":"ce572fb2-4db2-4848-a54f-c980e815e56d","local_time":"20190801201342","is_ascension_mode":false,"campfire_choices":[{"data":"Shrug It Off","floor":11,"key":"SMITH"},{"data":"Rampage","floor":15,"key":"SMITH"},{"data":"Bash","floor":23,"key":"SMITH"},{"floor":27,"key":"REST"},{"data":"Juggernaut","floor":32,"key":"SMITH"},{"floor":40,"key":"REST"},{"data":"Disarm","floor":42,"key":"SMITH"},{"floor":45,"key":"REST"},{"data":"Trip","floor":49,"key":"SMITH"}],"neow_cost":"NONE","seed_source_timestamp":868741667945593,"circlet_count":0,"master_deck":["Strike_R+1","Strike_R+1","Defend_R","Defend_R","Defend_R","Bash+1","Rampage+1","Ghostly Armor","Shrug It Off+1","Headbutt","Juggernaut+1","Fiend Fire","Flame Barrier","Disarm+1","Cleave+1","Metallicize","Disarm+1","Offering","Seeing Red+1","Corruption+1","Anger+1","Spot Weakness","Feel No Pain+1","True Grit+1","Battle Trance+1","Trip+1"],"relics":["Burning Blood","MawBank","Ancient Tea Set","Whetstone","Regal Pillow","Art of War","WarpedTongs","Philosopher\u0027s Stone","Blood Vial","Happy Flower","Omamori","Old Coin","Astrolabe","Bird Faced Urn","Dream Catcher","Pantograph","Pen Nib","Nunchaku"],"potions_floor_usage":[6,10,16,24,33,33,33,50,50,50,50,50],"damage_taken":[{"damage":10,"enemies":"Jaw Worm","floor":1,"turns":5},{"damage":7,"enemies":"2 Louse","floor":2,"turns":3},{"damage":5,"enemies":"Small Slimes","floor":5,"turns":5},{"damage":21,"enemies":"Lagavulin","floor":6,"turns":6},{"damage":0,"enemies":"2 Fungi Beasts","floor":7,"turns":3},{"damage":16,"enemies":"Gremlin Nob","floor":8,"turns":5},{"damage":27,"enemies":"3 Sentries","floor":10,"turns":7},{"damage":12,"enemies":"Gremlin Gang","floor":13,"turns":6},{"damage":8,"enemies":"Exordium Wildlife","floor":14,"turns":4},{"damage":31,"enemies":"Slime Boss","floor":16,"turns":11},{"damage":19,"enemies":"2 Thieves","floor":18,"turns":4},{"damage":1,"enemies":"Shell Parasite","floor":22,"turns":6},{"damage":40,"enemies":"Slavers","floor":24,"turns":5},{"damage":21,"enemies":"Cultist and Chosen","floor":25,"turns":8},{"damage":18,"enemies":"Snake Plant","floor":28,"turns":4},{"damage":12,"enemies":"Centurion and Healer","floor":29,"turns":6},{"damage":6,"enemies":"Snecko","floor":30,"turns":5},{"damage":8,"enemies":"Chosen and Byrds","floor":31,"turns":7},{"damage":54,"enemies":"Automaton","floor":33,"turns":11},{"damage":44,"enemies":"3 Darklings","floor":35,"turns":5},{"damage":15,"enemies":"Mind Bloom Boss Battle","floor":38,"turns":6},{"damage":11,"enemies":"Orb Walker","floor":39,"turns":4},{"damage":43,"enemies":"Giant Head","floor":41,"turns":8},{"damage":23,"enemies":"Jaw Worm Horde","floor":44,"turns":5},{"damage":6,"enemies":"Spire Growth","floor":46,"turns":3},{"damage":6,"enemies":"Maw","floor":47,"turns":8},{"damage":30,"enemies":"Donu and Deca","floor":50,"turns":7}],"seed_played":"8238973051962883986","potions_obtained":[{"floor":2,"key":"Regen Potion"},{"floor":5,"key":"Dexterity Potion"},{"floor":7,"key":"SkillPotion"},{"floor":8,"key":"Weak Potion"},{"floor":18,"key":"AttackPotion"},{"floor":28,"key":"Dexterity Potion"},{"floor":30,"key":"BloodPotion"},{"floor":38,"key":"Strength Potion"},{"floor":44,"key":"Dexterity Potion"},{"floor":47,"key":"EntropicBrew"}],"is_trial":false,"path_per_floor":["M","M","?","?","M","E","M","E","T","?","R","?","M","M","R","B",null,"M","?","?","$","M","R","E","M","T","R","M","M","M","M","R","B",null,"M","?","?","?","M","R","E","R","T","M","R","M","M","$","R","B",null],"character_chosen":"IRONCLAD","items_purchased":["Flame Barrier","Happy Flower","Disarm","Pen Nib","Nunchaku","Trip"],"campfire_rested":3,"item_purchase_floors":[21,21,21,48,48,48],"current_hp_per_floor":[76,75,64,69,70,67,73,63,63,42,42,42,36,34,34,9,85,72,72,72,72,79,79,47,34,34,74,64,60,62,62,62,37,85,47,47,47,40,39,79,52,52,52,43,83,85,85,85,85,67],"gold":399,"neow_bonus":"RANDOM_COMMON_RELIC","is_prod":false,"is_daily":false,"chose_seed":false,"campfire_upgraded":6,"win_rate":0,"timestamp":1564704822,"path_taken":["M","M","?","?","M","E","M","E","T","?","R","?","M","?","R","BOSS","M","?","?","$","M","R","E","M","T","R","M","?","?","?","R","BOSS","M","?","?","?","M","R","E","R","T","M","R","M","M","$","R","BOSS"],"build_version":"2019-07-17","purchased_purges":2,"victory":true,"max_hp_per_floor":[80,80,80,85,85,85,85,85,85,85,85,85,85,85,85,85,85,85,85,85,85,85,85,85,85,85,85,85,85,85,85,85,85,85,85,85,85,85,85,85,85,85,85,85,85,85,85,85,85,85],"card_choices":[{"not_picked":["Wild Strike","Perfected Strike"],"picked":"Rampage","floor":1},{"not_picked":["Headbutt","Body Slam"],"picked":"Ghostly Armor","floor":2},{"not_picked":["Blood for Blood","Pommel Strike"],"picked":"Anger","floor":5},{"not_picked":["Iron Wave","Dual Wield","Feel No Pain"],"picked":"SKIP","floor":6},{"not_picked":["Flex","Armaments"],"picked":"Shrug It Off","floor":7},{"not_picked":["Flex","Perfected Strike","Feel No Pain"],"picked":"SKIP","floor":8},{"not_picked":["Cleave","Searing Blow"],"picked":"Headbutt","floor":10},{"not_picked":["Heavy Blade","Wild Strike","Dropkick"],"picked":"SKIP","floor":13},{"not_picked":["Anger","Burning Pact"],"picked":"Juggernaut","floor":14},{"not_picked":["Berserk","Exhume"],"picked":"Fiend Fire","floor":16},{"not_picked":["Anger","Thunderclap","Corruption"],"picked":"SKIP","floor":18},{"not_picked":["Thunderclap","Whirlwind","Ghostly Armor"],"picked":"SKIP","floor":22},{"not_picked":["Perfected Strike","Pummel","Intimidate"],"picked":"SKIP","floor":24},{"not_picked":["Pommel Strike","Iron Wave+1"],"picked":"Cleave+1","floor":25},{"not_picked":["True Grit","Headbutt","Warcry"],"picked":"SKIP","floor":28},{"not_picked":["Sword Boomerang","Headbutt","Wild Strike"],"picked":"SKIP","floor":29},{"not_picked":["Havoc","Dark Embrace"],"picked":"Metallicize","floor":30},{"not_picked":["Body Slam","Thunderclap"],"picked":"Disarm+1","floor":31},{"not_picked":["Exhume","Juggernaut"],"picked":"Offering","floor":33},{"not_picked":["Second Wind+1","Shockwave"],"picked":"Spot Weakness","floor":35},{"not_picked":["Rampage","Intimidate"],"picked":"Feel No Pain+1","floor":39},{"not_picked":["Combust","Fire Breathing","Bloodletting"],"picked":"SKIP","floor":41},{"not_picked":["Corruption+1","Dual Wield+1"],"picked":"True Grit+1","floor":44},{"not_picked":["Shrug It Off","Pommel Strike+1"],"picked":"Battle Trance+1","floor":45},{"not_picked":["Clothesline+1","Feel No Pain","Wild Strike"],"picked":"SKIP","floor":46},{"not_picked":["Corruption+1","Anger+1","Headbutt"],"picked":"SKIP","floor":47}],"player_experience":1204616,"relics_obtained":[{"floor":6,"key":"Ancient Tea Set"},{"floor":8,"key":"Whetstone"},{"floor":9,"key":"Regal Pillow"},{"floor":24,"key":"Omamori"},{"floor":26,"key":"Old Coin"},{"floor":38,"key":"Bird Faced Urn"},{"floor":41,"key":"Dream Catcher"},{"floor":43,"key":"Pantograph"}],"event_choices":[{"damage_healed":0,"gold_gain":75,"player_choice":"Gather Gold","damage_taken":11,"max_hp_gain":0,"max_hp_loss":0,"event_name":"World of Goop","floor":3,"gold_loss":0},{"damage_healed":0,"gold_gain":0,"player_choice":"Donut","damage_taken":0,"max_hp_gain":5,"max_hp_loss":0,"event_name":"Big Fish","floor":4,"gold_loss":0},{"damage_healed":0,"gold_gain":0,"player_choice":"Searched \u00273\u0027 times","damage_taken":0,"relics_obtained":["Art of War"],"max_hp_gain":0,"max_hp_loss":0,"event_name":"Dead Adventurer","floor":10,"gold_loss":0},{"damage_healed":0,"gold_gain":0,"player_choice":"Rummage","damage_taken":0,"relics_obtained":["WarpedTongs"],"max_hp_gain":0,"max_hp_loss":0,"event_name":"Accursed Blacksmith","floor":12,"gold_loss":0,"cards_obtained":["Pain"]},{"cards_removed":["Strike_R"],"damage_healed":0,"gold_gain":0,"player_choice":"Gave Gold","damage_taken":0,"max_hp_gain":0,"max_hp_loss":0,"event_name":"Beggar","floor":19,"gold_loss":75},{"damage_healed":0,"gold_gain":0,"player_choice":"Paid Gold","damage_taken":0,"relics_obtained":["Blood Vial"],"max_hp_gain":0,"max_hp_loss":0,"event_name":"WeMeetAgain","floor":20,"gold_loss":98},{"damage_healed":0,"gold_gain":0,"player_choice":"Ignored","damage_taken":0,"max_hp_gain":0,"max_hp_loss":0,"event_name":"Tomb of Lord Red Mask","floor":36,"gold_loss":0},{"damage_healed":0,"gold_gain":0,"player_choice":"Ignored","damage_taken":0,"max_hp_gain":0,"max_hp_loss":0,"event_name":"Mysterious Sphere","floor":37,"gold_loss":0},{"damage_healed":0,"gold_gain":0,"player_choice":"Fight","damage_taken":0,"max_hp_gain":0,"max_hp_loss":0,"event_name":"MindBloom","floor":38,"gold_loss":0}],"is_beta":false,"boss_relics":[{"not_picked":["Orrery","White Beast Statue"],"picked":"Philosopher\u0027s Stone"},{"not_picked":["Eternal Feather","Black Blood"],"picked":"Astrolabe"}],"items_purged_floors":[21,48],"is_endless":false,"potions_floor_spawned":[2,5,7,8,18,28,30,38,44,47],"ascension_level":0}