{"gold_per_floor":[115,129,141,141,159,190,251,281,281,300,317,329,344,95,95,195,195,211,223,223,235,235,270,14,14,37,68,68,68,93,0,0,101,101,118,131,144,144,76,76,76,106,187,221,0,0,50,66,66,66,66,66,17,52,52],"floor_reached":55,"playtime":3469,"items_purged":["Regret","Writhe"],"score":900,"play_id":"1d315cad-64b4-4368-a4d1-525a0dc5c6dc","local_time":"20191010020940","is_ascension_mode":true,"campfire_choices":[{"floor":15,"key":"REST"},{"floor":25,"key":"REST"},{"data":"True Grit","floor":28,"key":"SMITH"},{"data":"Armaments","floor":29,"key":"SMITH"},{"floor":32,"key":"REST"},{"data":"Body Slam","floor":40,"key":"SMITH"},{"floor":41,"key":"RECALL"},{"data":"Dual Wield","floor":46,"key":"SMITH"},{"data":"Iron Wave","floor":49,"key":"SMITH"},{"data":"Immolate","floor":52,"key":"SMITH"}],"neow_cost":"NONE","seed_source_timestamp":469505841288700,"circlet_count":0,"master_deck":["Strike_R","Strike_R+1","Strike_R","Strike_R","Defend_R","Defend_R","Defend_R","Defend_R","Bash","Uppercut","Sever Soul","Iron Wave+1","Iron Wave","Pummel","Whirlwind","Armaments+1","Sword Boomerang","Shrug It Off","Clash+1","Flex","True Grit+1","Demon Form","Pummel","Body Slam+1","Clash","Spot Weakness","Iron Wave","Disarm","Immolate+1","Hemokinesis+1","Warcry+1","Shrug It Off+1","Dual Wield+1","Battle Trance","Spot Weakness+1","Battle Trance"],"relics":["Burning Blood","NeowsBlessing","Anchor","Ancient Tea Set","StoneCalendar","Paper Frog","Sundial","Blood Vial","Philosopher\u0027s Stone","Red Skull","Centennial Puzzle","WingedGreaves","Whetstone","Letter Opener","Happy Flower","Busted Crown","Incense Burner","Singing Bowl","Bronze Scales","Red Mask","Magic Flower","Pen Nib"],"potions_floor_usage":[7,8,8,8,13,16,23,23,30,42,50,54,54],"damage_taken":[{"damage":0,"enemies":"Small Slimes","floor":1,"turns":1},{"damage":0,"enemies":"2 Louse","floor":2,"turns":1},{"damage":0,"enemies":"Cultist","floor":3,"turns":1},{"damage":17,"enemies":"2 Fungi Beasts","floor":5,"turns":3},{"damage":23,"enemies":"Gremlin Nob","floor":6,"turns":5},{"damage":21,"enemies":"Gremlin Nob","floor":7,"turns":4},{"damage":19,"enemies":"Lagavulin","floor":8,"turns":6},{"damage":4,"enemies":"Blue Slaver","floor":10,"turns":4},{"damage":5,"enemies":"3 Louse","floor":11,"turns":4},{"damage":4,"enemies":"2 Fungi Beasts","floor":12,"turns":4},{"damage":8,"enemies":"Large Slime","floor":13,"turns":7},{"damage":1,"enemies":"Slime Boss","floor":16,"turns":7},{"damage":18,"enemies":"3 Byrds","floor":18,"turns":6},{"damage":15,"enemies":"Spheric Guardian","floor":19,"turns":4},{"damage":48,"enemies":"Shelled Parasite and Fungi","floor":21,"turns":5},{"damage":1,"enemies":"Gremlin Leader","floor":23,"turns":4},{"damage":19,"enemies":"Book of Stabbing","floor":27,"turns":4},{"damage":20,"enemies":"Slavers","floor":30,"turns":4},{"damage":0,"enemies":"Champ","floor":33,"turns":7},{"damage":0,"enemies":"3 Shapes","floor":35,"turns":4},{"damage":29,"enemies":"3 Darklings","floor":36,"turns":3},{"damage":7,"enemies":"Sphere and 2 Shapes","floor":37,"turns":7},{"damage":24,"enemies":"Reptomancer","floor":42,"turns":6},{"damage":16,"enemies":"Giant Head","floor":44,"turns":6},{"damage":7,"enemies":"2 Orb Walkers","floor":47,"turns":3},{"damage":0,"enemies":"4 Shapes","floor":48,"turns":5},{"damage":24,"enemies":"Donu and Deca","floor":50,"turns":5},{"damage":56,"enemies":"Shield and Spear","floor":54,"turns":6},{"damage":44,"enemies":"The Heart","floor":55,"turns":2}],"seed_played":"3811323160758334384","potions_obtained":[{"floor":1,"key":"SkillPotion"},{"floor":3,"key":"Poison Potion"},{"floor":5,"key":"EntropicBrew"},{"floor":10,"key":"EssenceOfSteel"},{"floor":13,"key":"Poison Potion"},{"floor":18,"key":"Explosive Potion"},{"floor":23,"key":"SkillPotion"},{"floor":37,"key":"SkillPotion"},{"floor":44,"key":"GamblersBrew"},{"floor":47,"key":"SpeedPotion"},{"floor":48,"key":"AttackPotion"}],"is_trial":false,"path_per_floor":["M","M","M","?","M","E","?","E","T","M","M","M","M","$","R","B",null,"M","M","?","M","?","E","$","R","T","E","R","R","E","?","R","B",null,"M","M","M","?","$","R","R","E","T","E","?","R","?","M","R","B",null,"R","$","E","B"],"character_chosen":"IRONCLAD","items_purchased":["Blood Vial","True Grit","Whetstone","Dual Wield","Energy Potion"],"campfire_rested":3,"item_purchase_floors":[14,14,24,39,53],"current_hp_per_floor":[80,80,80,80,69,52,37,24,24,26,27,29,27,27,51,58,80,68,61,61,21,21,28,28,52,52,41,41,41,29,29,53,61,80,80,57,58,58,58,58,58,42,42,36,36,36,39,51,51,39,84,84,84,37,0],"gold":52,"neow_bonus":"THREE_ENEMY_KILL","is_prod":false,"is_daily":false,"chose_seed":false,"campfire_upgraded":6,"win_rate":0,"timestamp":1570687780,"path_taken":["M","M","M","?","M","E","?","E","T","M","M","M","M","$","R","BOSS","M","M","?","?","?","E","$","R","T","E","R","R","E","?","R","BOSS","M","M","M","?","$","R","R","E","T","E","?","R","?","M","R","BOSS","R","$","E","BOSS"],"build_version":"2019-07-17","purchased_purges":2,"victory":false,"max_hp_per_floor":[80,80,80,80,80,80,80,80,80,80,80,80,80,80,80,80,80,80,80,80,80,80,80,80,80,80,80,80,80,80,80,80,80,80,80,80,80,80,80,80,80,80,80,82,82,82,84,84,84,84,84,84,84,84,84],"card_choices":[{"not_picked":["Evolve","Clothesline"],"picked":"Uppercut","floor":1},{"not_picked":["Warcry","Pummel"],"picked":"Sever Soul","floor":2},{"not_picked":["Shockwave","Warcry"],"picked":"Iron Wave","floor":3},{"not_picked":["Dual Wield","Wild Strike"],"picked":"Iron Wave","floor":5},{"not_picked":["Wild Strike","Flame Barrier"],"picked":"Pummel","floor":6},{"not_picked":["Thunderclap","Dropkick"],"picked":"Whirlwind","floor":7},{"not_picked":["Flame Barrier","Havoc"],"picked":"Armaments","floor":8},{"not_picked":["Havoc","Wild Strike"],"picked":"Sword Boomerang","floor":10},{"not_picked":["Rupture","Body Slam"],"picked":"Shrug It Off","floor":11},{"not_picked":["Flex","Ghostly Armor"],"picked":"Clash","floor":12},{"not_picked":["Clothesline","Wild Strike"],"picked":"Flex","floor":13},{"not_picked":["Exhume","Offering"],"picked":"Demon Form","floor":16},{"not_picked":["Heavy Blade","Clothesline"],"picked":"Pummel","floor":18},{"not_picked":["Headbutt","Shrug It Off"],"picked":"Body Slam","floor":19},{"not_picked":["Feed","Twin Strike"],"picked":"Clash","floor":21},{"not_picked":["Evolve","Pommel Strike"],"picked":"Spot Weakness","floor":23},{"not_picked":["Rage","Fire Breathing"],"picked":"Iron Wave","floor":27},{"not_picked":["Perfected Strike+1","True Grit"],"picked":"Disarm","floor":30},{"not_picked":["Feed","Bludgeon"],"picked":"Immolate","floor":33},{"not_picked":[],"picked":"Hemokinesis+1","floor":35},{"not_picked":[],"picked":"Warcry+1","floor":36},{"not_picked":[],"picked":"Shrug It Off+1","floor":37},{"not_picked":[],"picked":"Battle Trance","floor":42},{"not_picked":["Havoc"],"picked":"Singing Bowl","floor":44},{"not_picked":["Body Slam"],"picked":"Singing Bowl","floor":47},{"not_picked":[],"picked":"Spot Weakness+1","floor":48},{"not_picked":[],"picked":"Battle Trance","floor":54}],"player_experience":63859,"relics_obtained":[{"floor":6,"key":"Ancient Tea Set"},{"floor":7,"key":"StoneCalendar"},{"floor":8,"key":"Paper Frog"},{"floor":9,"key":"Sundial"},{"floor":23,"key":"WingedGreaves"},{"floor":27,"key":"Letter Opener"},{"floor":30,"key":"Happy Flower"},{"floor":42,"key":"Incense Burner"},{"floor":43,"key":"Singing Bowl"},{"floor":44,"key":"Bronze Scales"},{"floor":47,"key":"Magic Flower"},{"floor":54,"key":"Pen Nib"}],"event_choices":[{"damage_healed":0,"gold_gain":0,"player_choice":"Box","damage_taken":0,"relics_obtained":["Anchor"],"max_hp_gain":0,"max_hp_loss":0,"event_name":"Big Fish","floor":4,"gold_loss":0,"cards_obtained":["Regret"]},{"damage_healed":0,"gold_gain":0,"player_choice":"Searched \u00272\u0027 times","damage_taken":0,"max_hp_gain":0,"max_hp_loss":0,"event_name":"Dead Adventurer","floor":7,"gold_loss":0},{"damage_healed":0,"gold_gain":0,"player_choice":"Gave Potion","damage_taken":0,"relics_obtained":["Red Skull"],"max_hp_gain":0,"max_hp_loss":0,"event_name":"WeMeetAgain","floor":20,"gold_loss":0},{"damage_healed":0,"gold_gain":0,"player_choice":"Opened","damage_taken":0,"relics_obtained":["Centennial Puzzle"],"max_hp_gain":0,"max_hp_loss":0,"event_name":"The Mausoleum","floor":22,"gold_loss":0,"cards_obtained":["Writhe"]},{"damage_healed":0,"gold_gain":0,"player_choice":"Paid Fearfully","damage_taken":0,"max_hp_gain":0,"max_hp_loss":0,"event_name":"Masked Bandits","floor":31,"gold_loss":93},{"cards_removed":["Strike_R"],"damage_healed":0,"gold_gain":0,"player_choice":"Removed Attack","damage_taken":0,"max_hp_gain":0,"max_hp_loss":0,"event_name":"Falling","floor":38,"gold_loss":0},{"damage_healed":0,"gold_gain":0,"player_choice":"Paid","damage_taken":0,"relics_obtained":["Red Mask"],"max_hp_gain":0,"max_hp_loss":0,"event_name":"Tomb of Lord Red Mask","floor":45,"gold_loss":221},{"damage_healed":0,"gold_gain":0,"player_choice":"Fight","damage_taken":0,"max_hp_gain":0,"max_hp_loss":0,"event_name":"Mysterious Sphere","floor":47,"gold_loss":0}],"is_beta":false,"boss_relics":[{"not_picked":["Coffee Dripper","Lizard Tail"],"picked":"Philosopher\u0027s Stone"},{"not_picked":["Runic Pyramid","Velvet Choker"],"picked":"Busted Crown"}],"items_purged_floors":[14,24],"is_endless":false,"potions_floor_spawned":[1,3,5,10,13,18,19,23,37,44,47,48],"killed_by":"The Heart","ascension_level":2}