{"gold_per_floor":[109,11,26,39,39,72,72,135,135,135,153,180,180,199,199,199],"floor_reached":16,"playtime":431,"items_purged":[],"score":210,"play_id":"0920c559-c2b0-4138-844f-ff47a02f3934","local_time":"20190719152603","is_ascension_mode":true,"campfire_choices":[{"data":"Berserk","floor":7.0,"key":"SMITH"},{"data":"Anger","floor":13.0,"key":"SMITH"},{"data":"Bash","floor":15,"key":"SMITH"}],"neow_cost":"NONE","seed_source_timestamp":713899649523839,"circlet_count":0,"master_deck":["AscendersBane","Strike_R","Strike_R","Strike_R","Strike_R","Strike_R","Defend_R","Defend_R","Defend_R","Defend_R","Bash+1","Inflame","Metallicize","Anger+1","Berserk+1","Twin Strike","Iron Wave","Flame Barrier","Shrug It Off"],"special_seed":0,"relics":["Burning Blood","NeowsBlessing","Question Card","Peace Pipe","Tiny Chest","Shovel","Art of War","Blue Candle"],"potions_floor_usage":[],"damage_taken":[{"damage":0.0,"enemies":"Jaw Worm","floor":1.0,"turns":1.0},{"damage":0.0,"enemies":"Cultist","floor":3.0,"turns":1.0},{"damage":0.0,"enemies":"2 Louse","floor":4.0,"turns":1.0},{"damage":24.0,"enemies":"Lagavulin","floor":6.0,"turns":7.0},{"damage":34.0,"enemies":"3 Sentries","floor":8.0,"turns":9.0},{"damage":17.0,"enemies":"Blue Slaver","floor":11.0,"turns":4.0},{"damage":6.0,"enemies":"Gremlin Nob","floor":12.0,"turns":4.0},{"damage":8.0,"enemies":"Large Slime","floor":14.0,"turns":4.0},{"damage":33,"enemies":"Slime Boss","floor":16,"turns":3}],"seed_played":"-4282083163620784591","potions_obtained":[{"floor":4.0,"key":"Dexterity Potion"},{"floor":8.0,"key":"Weak Potion"},{"floor":11.0,"key":"Block Potion"}],"is_trial":false,"path_per_floor":["M","?","M","M","?","E","R","E","T","T","M","E","R","M","R","B"],"character_chosen":"IRONCLAD","items_purchased":[],"campfire_rested":0,"item_purchase_floors":[],"current_hp_per_floor":[74,74,75,75,80,62,62,34,34,34,23,23,23,21,21,0],"gold":199,"neow_bonus":"THREE_ENEMY_KILL","is_prod":false,"is_daily":false,"chose_seed":false,"campfire_upgraded":3,"win_rate":0,"timestamp":1563542763,"path_taken":["M","?","M","?","?","E","R","E","T","?","M","E","R","M","R","BOSS"],"build_version":"2019-07-17","purchased_purges":0,"victory":false,"max_hp_per_floor":[75,75,75,75,80,80,80,80,80,80,80,80,80,80,80,80],"card_choices":[{"not_picked":["Flex","Body Slam"],"picked":"Inflame","floor":1.0},{"not_picked":["Pommel Strike","Cleave","Body Slam"],"picked":"Metallicize","floor":3.0},{"not_picked":["Havoc","Armaments","Warcry"],"picked":"Anger","floor":4.0},{"not_picked":["Bloodletting","Twin Strike","Perfected Strike"],"picked":"Berserk","floor":6.0},{"not_picked":["Dark Embrace","Sword Boomerang","Perfected Strike"],"picked":"Twin Strike","floor":8.0},{"not_picked":["Fire Breathing","Burning Pact","Armaments"],"picked":"Iron Wave","floor":11.0},{"not_picked":["Barricade","Armaments","Pummel"],"picked":"Flame Barrier","floor":12.0},{"not_picked":["Twin Strike","Rupture","Feel No Pain"],"picked":"Shrug It Off","floor":14.0}],"player_experience":660047,"relics_obtained":[{"floor":6.0,"key":"Peace Pipe"},{"floor":8.0,"key":"Tiny Chest"},{"floor":9.0,"key":"Shovel"},{"floor":10.0,"key":"Art of War"},{"floor":12.0,"key":"Blue Candle"}],"event_choices":[{"damage_healed":0.0,"max_hp_gain":0.0,"max_hp_loss":0.0,"gold_gain":0.0,"event_name":"WeMeetAgain","player_choice":"Paid Gold","floor":2.0,"gold_loss":98.0,"damage_taken":0.0,"relics_obtained":["Question Card"]},{"damage_healed":0.0,"max_hp_gain":5.0,"max_hp_loss":0.0,"gold_gain":0.0,"event_name":"Big Fish","player_choice":"Donut","floor":5.0,"gold_loss":0.0,"damage_taken":0.0}],"is_beta":false,"boss_relics":[],"items_purged_floors":[],"is_endless":false,"potions_floor_spawned":[4,8,11],"killed_by":"Slime Boss","ascension_level":15}