{"gold_per_floor":[18,18,18,28,45,45,56,56,80,112,8,36,36,36,36,107,107,120,134,59,59,59,59,59,87,112,112,162,162,190,210,210,289,289,305,305,305,84,104,104,130,130,130,130,130,142,175,175,175,175],"floor_reached":50,"playtime":3265,"items_purged":["Strike_B"],"score":1026,"play_id":"0a38f04f-0ab7-49a9-869f-192d7af3cb70","local_time":"20190605202857","is_ascension_mode":true,"campfire_choices":[{"floor":6.0,"key":"REST"},{"floor":15.0,"key":"REST"},{"data":"Seek","floor":23.0,"key":"SMITH"},{"floor":27.0,"key":"REST"},{"data":"Static Discharge","floor":29.0,"key":"SMITH"},{"floor":32.0,"key":"REST"},{"data":"Biased Cognition","floor":40.0,"key":"SMITH"},{"data":"Loop","floor":45.0,"key":"SMITH"},{"floor":49,"key":"REST"}],"neow_cost":"NO_GOLD","seed_source_timestamp":422034356013873,"circlet_count":0,"master_deck":["AscendersBane","Strike_B","Defend_B","Defend_B","Defend_B","Defend_B","Zap","Dualcast+1","Electrodynamics","Coolheaded+1","Steam","Ball Lightning","Steam","Compile Driver","Self Repair","Coolheaded","Barrage","Core Surge","Seek+1","Compile Driver+1","Static Discharge+1","Reprogram+1","Undo","Steam+1","Biased Cognition+1","Loop+1","Coolheaded","Pain","Panacea","Master of Strategy","Hologram"],"special_seed":0,"relics":["FrozenCore","Kunai","Juzu Bracelet","Cables","Bag of Preparation","Philosopher\u0027s Stone","MutagenicStrength","Regal Pillow","Bag of Marbles","Meat on the Bone","ClockworkSouvenir","Potion Belt","WarpedTongs","Frozen Egg 2","Vajra"],"potions_floor_usage":[47,50],"damage_taken":[{"damage":1.0,"enemies":"Cultist","floor":1.0,"turns":3.0},{"damage":13.0,"enemies":"Small Slimes","floor":4.0,"turns":3.0},{"damage":8.0,"enemies":"2 Louse","floor":5.0,"turns":2.0},{"damage":6.0,"enemies":"Blue Slaver","floor":7.0,"turns":3.0},{"damage":11.0,"enemies":"3 Sentries","floor":10.0,"turns":4.0},{"damage":24.0,"enemies":"Lagavulin","floor":12.0,"turns":5.0},{"damage":14.0,"enemies":"Hexaghost","floor":16.0,"turns":9.0},{"damage":13.0,"enemies":"Shell Parasite","floor":18.0,"turns":6.0},{"damage":4.0,"enemies":"Spheric Guardian","floor":19.0,"turns":4.0},{"damage":35.0,"enemies":"Slavers","floor":25.0,"turns":3.0},{"damage":47.0,"enemies":"Book of Stabbing","floor":30.0,"turns":4.0},{"damage":0.0,"enemies":"3 Cultists","floor":31.0,"turns":2.0},{"damage":64.0,"enemies":"Champ","floor":33.0,"turns":15.0},{"damage":0.0,"enemies":"3 Darklings","floor":35.0,"turns":2.0},{"damage":0.0,"enemies":"3 Shapes","floor":39.0,"turns":3.0},{"damage":7.0,"enemies":"Nemesis","floor":41.0,"turns":11.0},{"damage":19.0,"enemies":"Maw","floor":46.0,"turns":9.0},{"damage":38,"enemies":"Giant Head","floor":47,"turns":12},{"damage":71,"enemies":"Time Eater","floor":50,"turns":7}],"seed_played":"-6322132145525385315","potions_obtained":[{"floor":4.0,"key":"AttackPotion"},{"floor":5.0,"key":"Energy Potion"},{"floor":7.0,"key":"LiquidBronze"},{"floor":30.0,"key":"FocusPotion"},{"floor":35.0,"key":"Weak Potion"},{"floor":46.0,"key":"SpeedPotion"}],"is_trial":false,"path_per_floor":["M","T","$","M","M","R","M","?","T","E","$","E","?","?","R","B",null,"M","M","$","?","?","R","$","E","T","R","?","R","E","M","R","B",null,"M","?","?","$","M","R","E","?","T","?","R","M","E","?","R","B"],"character_chosen":"DEFECT","items_purchased":["Coolheaded","Barrage","ClockworkSouvenir"],"campfire_rested":5,"item_purchase_floors":[11,11,38],"current_hp_per_floor":[63,63,63,50,42,63,57,57,57,46,46,22,22,1,22,15,57,51,54,54,54,54,54,54,19,19,55,55,55,15,34,70,25,60,60,60,60,60,67,67,67,67,67,57,57,45,29,29,64,0],"gold":175,"neow_bonus":"THREE_RARE_CARDS","is_prod":false,"is_daily":false,"chose_seed":false,"campfire_upgraded":4,"win_rate":0,"timestamp":1559759337,"path_taken":["M","?","?","M","M","R","M","?","T","E","$","E","?","?","R","BOSS","M","M","$","?","?","R","$","E","T","R","?","R","E","M","R","BOSS","M","?","?","?","M","R","E","?","T","?","R","M","E","?","R","BOSS"],"build_version":"2019-01-23","purchased_purges":1,"victory":false,"max_hp_per_floor":[71,71,71,71,71,71,71,71,71,71,71,71,71,71,71,71,71,71,71,71,71,71,71,71,71,71,71,71,71,71,71,71,71,71,71,71,67,67,67,67,67,67,67,67,67,67,67,67,67,67],"card_choices":[{"not_picked":["Seek","All For One"],"picked":"Electrodynamics","floor":0.0},{"not_picked":["Beam Cell","Gash"],"picked":"Coolheaded","floor":1.0},{"not_picked":["Turbo","Stack"],"picked":"Steam","floor":4.0},{"not_picked":["Compile Driver","Consume"],"picked":"Ball Lightning","floor":5.0},{"not_picked":["Leap","Turbo"],"picked":"Steam","floor":7.0},{"not_picked":["Meteor Strike","Turbo"],"picked":"Self Repair","floor":10.0},{"not_picked":["Compile Driver","Hello World"],"picked":"Core Surge","floor":12.0},{"not_picked":["All For One","Hyperbeam"],"picked":"Seek","floor":16.0},{"not_picked":["Leap","Gash"],"picked":"Compile Driver+1","floor":18.0},{"not_picked":["Double Energy+1","Rebound+1"],"picked":"Static Discharge","floor":19.0},{"not_picked":["Leap","Stack"],"picked":"Reprogram+1","floor":25.0},{"not_picked":["Gash","All For One"],"picked":"Undo","floor":30.0},{"not_picked":["Force Field+1","Fusion"],"picked":"Steam+1","floor":31.0},{"not_picked":["Electrodynamics","Echo Form"],"picked":"Biased Cognition","floor":33.0},{"not_picked":["Steam","Recycle","Redo"],"picked":"SKIP","floor":35.0},{"not_picked":["Beam Cell+1","Ball Lightning+1"],"picked":"Loop","floor":39.0},{"not_picked":["Storm","BootSequence"],"picked":"Coolheaded","floor":41.0},{"not_picked":["Violence","PanicButton"],"picked":"Panacea","floor":44.0},{"not_picked":["Sadistic Nature+1","Good Instincts"],"picked":"Master of Strategy","floor":44.0},{"not_picked":["Hello World+1","Beam Cell"],"picked":"Hologram","floor":46.0},{"not_picked":["Aggregate+1","Electrodynamics+1","Skim"],"picked":"SKIP","floor":47}],"player_experience":457872,"relics_obtained":[{"floor":2.0,"key":"Kunai"},{"floor":9.0,"key":"Juzu Bracelet"},{"floor":10.0,"key":"Cables"},{"floor":12.0,"key":"Bag of Preparation"},{"floor":25.0,"key":"Regal Pillow"},{"floor":26.0,"key":"Bag of Marbles"},{"floor":30.0,"key":"Meat on the Bone"},{"floor":41.0,"key":"Potion Belt"},{"floor":43.0,"key":"Frozen Egg 2"},{"floor":47,"key":"Vajra"}],"event_choices":[{"damage_healed":0.0,"max_hp_gain":0.0,"max_hp_loss":0.0,"gold_gain":0.0,"cards_transformed":["Strike_B"],"event_name":"Transmorgrifier","player_choice":"Transformed","floor":8.0,"gold_loss":0.0,"damage_taken":0.0,"cards_obtained":["Compile Driver"]},{"damage_healed":0.0,"max_hp_gain":0.0,"max_hp_loss":0.0,"gold_gain":0.0,"event_name":"The Cleric","player_choice":"Leave","floor":13.0,"gold_loss":0.0,"damage_taken":0.0},{"damage_healed":0.0,"max_hp_gain":0.0,"max_hp_loss":0.0,"gold_gain":0.0,"event_name":"Shining Light","player_choice":"Entered Light","floor":14.0,"gold_loss":0.0,"damage_taken":21.0,"cards_upgraded":["Coolheaded","Dualcast"]},{"damage_healed":0.0,"max_hp_gain":0.0,"max_hp_loss":0.0,"gold_gain":0.0,"event_name":"Beggar","player_choice":"Ignored","floor":21.0,"gold_loss":0.0,"damage_taken":0.0},{"damage_healed":0.0,"max_hp_gain":0.0,"max_hp_loss":0.0,"gold_gain":0.0,"event_name":"Drug Dealer","player_choice":"Inject Mutagens","floor":22.0,"gold_loss":0.0,"damage_taken":0.0,"relics_obtained":["MutagenicStrength"]},{"damage_healed":0.0,"max_hp_gain":0.0,"max_hp_loss":0.0,"gold_gain":50.0,"event_name":"Nest","player_choice":"Stole From Cult","floor":28.0,"gold_loss":0.0,"damage_taken":0.0},{"cards_removed":["Strike_B"],"damage_healed":0.0,"max_hp_gain":0.0,"max_hp_loss":0.0,"gold_gain":0.0,"event_name":"Falling","player_choice":"Removed Attack","floor":36.0,"gold_loss":0.0,"damage_taken":0.0},{"damage_healed":0.0,"max_hp_gain":0.0,"max_hp_loss":4.0,"gold_gain":0.0,"event_name":"Winding Halls","player_choice":"Max HP","floor":37.0,"gold_loss":0.0,"damage_taken":0.0},{"damage_healed":0.0,"max_hp_gain":0.0,"max_hp_loss":0.0,"gold_gain":0.0,"event_name":"Accursed Blacksmith","player_choice":"Rummage","floor":42.0,"gold_loss":0.0,"damage_taken":0.0,"relics_obtained":["WarpedTongs"],"cards_obtained":["Pain"]},{"damage_healed":0.0,"max_hp_gain":0.0,"max_hp_loss":0.0,"gold_gain":0.0,"event_name":"SensoryStone","player_choice":"Memory 3","floor":44.0,"gold_loss":0.0,"damage_taken":10.0},{"damage_healed":0,"gold_gain":0,"player_choice":"Ignored","damage_taken":0,"max_hp_gain":0,"max_hp_loss":0,"event_name":"The Moai Head","floor":48,"gold_loss":0}],"is_beta":false,"boss_relics":[{"not_picked":["Astrolabe","Tiny House"],"picked":"Philosopher\u0027s Stone"},{"not_picked":["Velvet Choker","Lizard Tail"],"picked":"FrozenCore"}],"items_purged_floors":[20],"is_endless":false,"potions_floor_spawned":[4,5,7,16,19,30,31,35,46],"killed_by":"Time Eater","ascension_level":18}