{"gold_per_floor":[113,129,129,143,160,176,241,241,241,256,289,314,314,329,329,430,430,450,450,467,477,495,495,514,531,578,578,589,589],"floor_reached":29,"playtime":1508,"items_purged":[],"score":243,"play_id":"f36e8e1c-fccb-463a-9288-292d29bfa916","local_time":"20190407142202","is_ascension_mode":false,"campfire_choices":[{"data":"Uppercut","floor":8.0,"key":"SMITH"},{"data":"Searing Blow","floor":13.0,"key":"SMITH"},{"data":"Searing Blow+1","floor":15.0,"key":"SMITH"},{"data":"Searing Blow+2","floor":23,"key":"SMITH"},{"floor":27,"key":"REST"}],"neow_cost":"NONE","seed_source_timestamp":159542400730943,"circlet_count":0,"master_deck":["Strike_R","Strike_R","Strike_R","Defend_R","Defend_R","Defend_R","Defend_R","Bash","Uppercut+1","Disarm","Searing Blow+3","Headbutt","Warcry","Ghostly Armor","True Grit","Dual Wield","Double Tap","Intimidate+1","Bloodletting"],"special_seed":0,"relics":["Burning Blood","Happy Flower","Tiny Chest","Gambling Chip","Prayer Wheel","Bag of Marbles","Empty Cage"],"potions_floor_usage":[24,29,29],"damage_taken":[{"damage":6.0,"enemies":"Small Slimes","floor":1.0,"turns":3.0},{"damage":1.0,"enemies":"Cultist","floor":2.0,"turns":3.0},{"damage":1.0,"enemies":"Jaw Worm","floor":4.0,"turns":3.0},{"damage":7.0,"enemies":"3 Louse","floor":5.0,"turns":5.0},{"damage":4.0,"enemies":"Looter","floor":6.0,"turns":4.0},{"damage":32.0,"enemies":"3 Sentries","floor":7.0,"turns":9.0},{"damage":3.0,"enemies":"Red Slaver","floor":10.0,"turns":3.0},{"damage":16.0,"enemies":"Gremlin Nob","floor":11.0,"turns":4.0},{"damage":7.0,"enemies":"Exordium Thugs","floor":14.0,"turns":5.0},{"damage":25,"enemies":"The Guardian","floor":16,"turns":11},{"damage":21,"enemies":"2 Thieves","floor":18,"turns":4},{"damage":4,"enemies":"Shell Parasite","floor":20,"turns":6},{"damage":16,"enemies":"Cultist and Chosen","floor":21,"turns":6},{"damage":32,"enemies":"Centurion and Healer","floor":22,"turns":9},{"damage":9,"enemies":"Snake Plant","floor":24,"turns":3},{"damage":16,"enemies":"Cultist and Chosen","floor":25,"turns":7},{"damage":6,"enemies":"Snecko","floor":28,"turns":4},{"damage":41,"enemies":"Centurion and Healer","floor":29,"turns":4}],"seed_played":"-8483654109989571110","potions_obtained":[{"floor":4.0,"key":"GamblersBrew"},{"floor":10.0,"key":"FearPotion"},{"floor":11.0,"key":"Regen Potion"},{"floor":14.0,"key":"SteroidPotion"},{"floor":20,"key":"FearPotion"},{"floor":24,"key":"SkillPotion"}],"is_trial":false,"path_per_floor":["M","M","?","M","M","M","E","R","T","M","E","T","R","M","R","B",null,"M","?","M","M","M","R","M","M","T","R","M","M"],"character_chosen":"IRONCLAD","items_purchased":[],"campfire_rested":1,"item_purchase_floors":[],"current_hp_per_floor":[80,80,72,77,76,78,52,52,52,55,45,45,45,44,44,25,80,65,50,52,42,16,16,22,12,12,37,37,0],"gold":589,"neow_bonus":"RANDOM_COMMON_RELIC","is_prod":false,"is_daily":false,"chose_seed":false,"campfire_upgraded":4,"win_rate":0,"timestamp":1554661322,"path_taken":["M","M","?","M","M","M","E","R","T","?","E","?","R","M","R","BOSS","M","?","M","M","M","R","M","M","T","R","M","M"],"build_version":"2019-01-23","purchased_purges":0,"victory":false,"max_hp_per_floor":[80,80,80,80,80,80,80,80,80,80,80,80,80,80,80,80,80,80,85,85,85,85,85,85,85,85,85,85,85],"card_choices":[{"not_picked":["True Grit","Body Slam"],"picked":"Uppercut","floor":1.0},{"not_picked":["Sever Soul","Clash"],"picked":"Disarm","floor":2.0},{"not_picked":["Thunderclap","Wild Strike"],"picked":"Searing Blow","floor":4.0},{"not_picked":["Twin Strike","Armaments"],"picked":"Headbutt","floor":5.0},{"not_picked":["Cleave","Heavy Blade"],"picked":"Warcry","floor":6.0},{"not_picked":["Searing Blow","Cleave"],"picked":"Ghostly Armor","floor":7.0},{"not_picked":["Rampage","Havoc","Pommel Strike"],"picked":"SKIP","floor":10.0},{"not_picked":["Exhume","Combust","Dropkick"],"picked":"SKIP","floor":11.0},{"not_picked":["Iron Wave","Shrug It Off"],"picked":"True Grit","floor":14.0},{"not_picked":["Cleave","Whirlwind"],"picked":"Dual Wield","floor":14.0},{"not_picked":["Impervious","Juggernaut"],"picked":"Double Tap","floor":16},{"not_picked":["Evolve","Flex+1","Twin Strike"],"picked":"SKIP","floor":18},{"not_picked":["Spot Weakness","Blood for Blood+1","Iron Wave"],"picked":"SKIP","floor":18},{"not_picked":["Heavy Blade+1","Fiend Fire","Havoc"],"picked":"SKIP","floor":20},{"not_picked":["Flame Barrier","Anger","Heavy Blade"],"picked":"SKIP","floor":20},{"not_picked":["Twin Strike+1","Rage"],"picked":"Intimidate+1","floor":21},{"not_picked":["Clothesline","Wild Strike","Shrug It Off"],"picked":"SKIP","floor":21},{"not_picked":["Dual Wield","Clash","Iron Wave"],"picked":"SKIP","floor":22},{"not_picked":["Thunderclap","Fire Breathing","Feel No Pain"],"picked":"SKIP","floor":22},{"not_picked":["Demon Form","Armaments","Anger"],"picked":"SKIP","floor":24},{"not_picked":["Corruption","Infernal Blade","Cleave"],"picked":"SKIP","floor":24},{"not_picked":["Perfected Strike","Shockwave","Sword Boomerang"],"picked":"SKIP","floor":25},{"not_picked":["Flame Barrier","Shrug It Off","Heavy Blade+1"],"picked":"SKIP","floor":25},{"not_picked":["Entrench","Armaments"],"picked":"Bloodletting","floor":28},{"not_picked":["Havoc","Intimidate","Wild Strike+1"],"picked":"SKIP","floor":28}],"player_experience":770884,"relics_obtained":[{"floor":7.0,"key":"Tiny Chest"},{"floor":9.0,"key":"Gambling Chip"},{"floor":11.0,"key":"Prayer Wheel"},{"floor":12.0,"key":"Bag of Marbles"}],"event_choices":[{"damage_healed":0.0,"max_hp_gain":0.0,"max_hp_loss":0.0,"gold_gain":0.0,"event_name":"Wheel of Change","player_choice":"Damaged","floor":3.0,"gold_loss":0.0,"damage_taken":8.0},{"damage_healed":0,"gold_gain":0,"player_choice":"Shed Blood","damage_taken":20,"max_hp_gain":5,"max_hp_loss":0,"event_name":"Forgotten Altar","floor":19,"gold_loss":0}],"is_beta":false,"boss_relics":[{"not_picked":["Eternal Feather","Black Star"],"picked":"Empty Cage"}],"items_purged_floors":[],"is_endless":false,"potions_floor_spawned":[4,10,11,14,20,24,28],"killed_by":"Centurion and Healer","ascension_level":0}