{"gold_per_floor":[110,121,121,133,308,308,327,327,327,340,61,61,77,112,112,216,216,233,133,159,34,45,45,56,56,56,56,74,74,101,115,115,213,213,224,237,459,472,472,472,491,60,60,60,70,70,84,111,111,111],"floor_reached":51,"playtime":4768,"items_purged":["Doubt","Strike_G","Strike_G"],"score":669,"play_id":"5df808fe-d7c6-4708-b944-56965fbb12c3","local_time":"20180831225631","is_ascension_mode":false,"campfire_choices":[{"data":"Underhanded Strike","floor":6,"key":"SMITH"},{"floor":8,"key":"REST"},{"data":"Deadly Poison","floor":12,"key":"SMITH"},{"data":"Skewer","floor":15,"key":"SMITH"},{"data":"Adrenaline","floor":23,"key":"SMITH"},{"data":"Leg Sweep","floor":27,"key":"SMITH"},{"data":"Corpse Explosion","floor":29,"key":"SMITH"},{"floor":32,"key":"REST"},{"data":"Catalyst","floor":40,"key":"SMITH"},{"floor":46,"key":"REST"},{"floor":49,"key":"REST"}],"neow_cost":"PERCENT_DAMAGE","seed_source_timestamp":1369268099327444,"circlet_count":0,"master_deck":["Defend_G","Defend_G","Defend_G","Strike_G","Survivor","Neutralize","Underhanded Strike+1","Backstab","Deadly Poison+1","Flying Knee","Corpse Explosion+1","Catalyst+1","Unload","Skewer+1","Adrenaline+1","Bouncing Flask+1","Prepared+1","Dagger Throw","Outmaneuver+1","Leg Sweep+1","Malaise","Footwork+1","Dash","Venomology","Deflect+1","Concentrate+1","Acrobatics+1","Tools of the Trade","Decay","Madness","Madness","Doubt"],"relics":["Ring of the Snake","Question Card","Strawberry","Empty Cage","Red Mask","Tingsha","Pear","Cursed Key","Bottled Tornado","Pantograph","Art of War"],"potions_floor_usage":[14,20,33,33,36,41,50,50,50,50],"damage_taken":[{"damage":1,"enemies":"Cultist","floor":1,"turns":5},{"damage":4,"enemies":"Jaw Worm","floor":2,"turns":5},{"damage":0,"enemies":"Small Slimes","floor":4,"turns":2},{"damage":5,"enemies":"2 Fungi Beasts","floor":7,"turns":3},{"damage":6,"enemies":"3 Louse","floor":10,"turns":3},{"damage":0,"enemies":"Large Slime","floor":13,"turns":3},{"damage":17,"enemies":"Lagavulin","floor":14,"turns":6},{"damage":10,"enemies":"Slime Boss","floor":16,"turns":9},{"damage":5,"enemies":"3 Byrds","floor":18,"turns":2},{"damage":18,"enemies":"Masked Bandits","floor":20,"turns":4},{"damage":0,"enemies":"Chosen","floor":22,"turns":3},{"damage":1,"enemies":"Snecko","floor":24,"turns":4},{"damage":1,"enemies":"Centurion and Healer","floor":28,"turns":3},{"damage":10,"enemies":"Slavers","floor":30,"turns":2},{"damage":6,"enemies":"Shelled Parasite and Fungi","floor":31,"turns":2},{"damage":8,"enemies":"Automaton","floor":33,"turns":6},{"damage":8,"enemies":"Orb Walker","floor":35,"turns":3},{"damage":23,"enemies":"3 Darklings","floor":36,"turns":4},{"damage":9,"enemies":"Transient","floor":38,"turns":5},{"damage":0,"enemies":"Reptomancer","floor":41,"turns":8},{"damage":33,"enemies":"Sphere and 2 Shapes","floor":45,"turns":4},{"damage":25,"enemies":"3 Darklings","floor":47,"turns":3},{"damage":16,"enemies":"Awakened One","floor":50,"turns":13}],"seed_played":"-791336448912135048","potions_obtained":[{"floor":2,"key":"Weak Potion"},{"floor":7,"key":"Regen Potion"},{"floor":10,"key":"SmokeBomb"},{"floor":16,"key":"Poison Potion"},{"floor":20,"key":"PowerPotion"},{"floor":24,"key":"FearPotion"},{"floor":36,"key":"Energy Potion"},{"floor":45,"key":"GhostInAJar"}],"is_trial":false,"path_per_floor":["M","M","?","M","?","R","M","R","T","M","$","R","M","E","R","B",null,"M","$","?","$","M","R","M","?","T","R","M","R","E","M","R","B",null,"M","M","?","M","?","R","M","$","T","?","M","R","M","T","R","B"],"character_chosen":"THE_SILENT","items_purchased":["Corpse Explosion","Catalyst","Tools of the Trade","Bottled Tornado","PowerPotion"],"campfire_rested":4,"item_purchase_floors":[11,11,42,42,42],"current_hp_per_floor":[59,55,48,48,48,48,43,68,68,62,62,62,62,52,52,42,91,86,86,68,68,68,68,67,67,67,67,66,66,66,60,90,82,101,93,70,70,61,61,61,76,76,76,63,30,60,35,35,65,74],"gold":111,"neow_bonus":"TWENTY_PERCENT_HP_BONUS","is_prod":false,"is_daily":false,"chose_seed":false,"campfire_upgraded":7,"win_rate":0,"timestamp":1535770591,"path_taken":["M","M","?","M","?","R","M","R","T","M","$","R","M","E","R","BOSS","M","$","?","?","?","R","M","?","T","R","M","R","E","M","R","BOSS","M","M","?","M","?","R","?","$","T","?","M","R","M","?","R","BOSS"],"build_version":"2018-08-30","purchased_purges":3,"victory":true,"max_hp_per_floor":[84,84,84,84,84,84,84,84,84,84,84,84,84,91,91,91,91,91,91,91,91,91,91,91,91,91,91,91,91,101,101,101,101,101,101,101,101,101,101,101,101,101,101,101,101,101,101,101,101,101],"card_choices":[{"not_picked":["Reflex","Acrobatics"],"picked":"Underhanded Strike","floor":1},{"not_picked":["Leg Sweep","Cloak And Dagger"],"picked":"Backstab","floor":2},{"not_picked":["Concentrate","Blade Dance","Slice"],"picked":"SKIP","floor":4},{"not_picked":["Outmaneuver","Blade Dance"],"picked":"Deadly Poison","floor":7},{"not_picked":["PiercingWail","Dodge and Roll","Quick Slash"],"picked":"Flying Knee","floor":10},{"not_picked":["Sucker Punch","Backstab","Dagger Throw"],"picked":"Unload","floor":13},{"not_picked":["Night Terror","Corpse Explosion","Cloak And Dagger"],"picked":"Skewer","floor":14},{"not_picked":["Storm of Steel","Bullet Time","Doppelganger"],"picked":"Adrenaline","floor":16},{"not_picked":["Underhanded Strike","Quick Slash+1","Flechettes"],"picked":"Bouncing Flask+1","floor":18},{"not_picked":["Dagger Spray+1","Bane+1","Quick Slash"],"picked":"Prepared+1","floor":20},{"not_picked":["Sucker Punch+1","Outmaneuver","Heel Hook"],"picked":"Dagger Throw","floor":22},{"not_picked":["Flechettes","Masterful Stab","Flying Knee"],"picked":"Outmaneuver+1","floor":24},{"not_picked":["Dagger Spray","Tactician","Dagger Throw+1"],"picked":"Malaise","floor":28},{"not_picked":["Cloak And Dagger","Skewer","Bouncing Flask"],"picked":"Footwork+1","floor":30},{"not_picked":["Sucker Punch","Dagger Spray","Cloak And Dagger"],"picked":"Dash","floor":31},{"not_picked":["Adrenaline","Phantasmal Killer","Die Die Die"],"picked":"Venomology","floor":33},{"not_picked":["Sucker Punch+1","Slice+1","Bane+1","Crippling Poison"],"picked":"SKIP","floor":35},{"not_picked":["Eviscerate","Poisoned Stab","Finisher"],"picked":"Deflect+1","floor":36},{"not_picked":["Backflip","Expertise","Slice+1"],"picked":"Concentrate+1","floor":38},{"not_picked":["Sucker Punch+1","Masterful Stab","Slice"],"picked":"Acrobatics+1","floor":41},{"not_picked":["Prepared","PiercingWail","Sucker Punch","Quick Slash"],"picked":"SKIP","floor":45},{"not_picked":["Flying Knee+1","PiercingWail+1","Heel Hook","Deflect"],"picked":"SKIP","floor":47}],"player_experience":342191,"relics_obtained":[{"floor":9,"key":"Question Card"},{"floor":14,"key":"Strawberry"},{"floor":20,"key":"Red Mask"},{"floor":26,"key":"Tingsha"},{"floor":30,"key":"Pear"},{"floor":43,"key":"Pantograph"},{"floor":48,"key":"Art of War"}],"event_choices":[{"event_name":"Golden Wing","player_choice":"Card Removal","floor":3,"damage_taken":0},{"event_name":"Liars Game","player_choice":"agreed","floor":5,"damage_taken":0},{"event_name":"Masked Bandits","player_choice":"Fought Bandits","floor":20,"damage_taken":0},{"event_name":"The Library","player_choice":"Read","floor":25,"damage_taken":0},{"event_name":"Tomb of Lord Red Mask","player_choice":"Wore Mask","floor":37,"damage_taken":0},{"event_name":"Falling","player_choice":"Removed Skill","floor":39,"damage_taken":0},{"event_name":"Winding Halls","player_choice":"Embrace Madness","floor":44,"damage_taken":0}],"is_beta":false,"boss_relics":[{"not_picked":["Sozu","Philosopher\u0027s Stone"],"picked":"Empty Cage"},{"not_picked":["Runic Pyramid","Fusion Hammer"],"picked":"Cursed Key"}],"items_purged_floors":[11,19,21],"is_endless":false,"potions_floor_spawned":[2,7,10,16,20,24,28,30,36,45],"ascension_level":0}