{"gold_per_floor":[117,117,117,133,149,181,17,17],"floor_reached":8,"playtime":257,"items_purged":[],"score":112,"play_id":"772a4e7c-1b25-4eeb-bbfb-f5e863cf3f62","local_time":"20190529223109","is_ascension_mode":true,"campfire_choices":[],"neow_cost":"NONE","seed_source_timestamp":91099165259113,"circlet_count":0,"master_deck":["AscendersBane","Strike_R","Strike_R","Strike_R","Strike_R","Strike_R","Defend_R","Defend_R","Defend_R","Defend_R","Bash","Whirlwind","Armaments"],"special_seed":0,"relics":["Burning Blood","NeowsBlessing","Dodecahedron","Champion Belt","Happy Flower"],"potions_floor_usage":[8],"damage_taken":[{"damage":0.0,"enemies":"2 Louse","floor":1.0,"turns":1.0},{"damage":0,"enemies":"Small Slimes","floor":4,"turns":1},{"damage":0,"enemies":"Cultist","floor":5,"turns":1},{"damage":35,"enemies":"3 Sentries","floor":6,"turns":5},{"damage":52,"enemies":"Gremlin Gang","floor":8,"turns":3}],"seed_played":"-3503559743046092623","potions_obtained":[{"floor":1,"key":"Weak Potion"},{"floor":4,"key":"Ancient Potion"}],"is_trial":false,"path_per_floor":["M","?","?","M","M","E","$","M"],"character_chosen":"IRONCLAD","items_purchased":["Happy Flower"],"campfire_rested":0,"item_purchase_floors":[7],"current_hp_per_floor":[74,74,74,75,75,46,46,0],"gold":17,"neow_bonus":"THREE_ENEMY_KILL","is_prod":false,"is_daily":false,"chose_seed":false,"campfire_upgraded":0,"win_rate":0,"timestamp":1559161869,"path_taken":["M","?","?","M","?","E","$","?"],"build_version":"2019-01-23","purchased_purges":0,"victory":false,"max_hp_per_floor":[75,75,75,75,75,75,75,75],"card_choices":[{"not_picked":["Clothesline","Dual Wield"],"picked":"Whirlwind","floor":1},{"not_picked":["Dual Wield","Perfected Strike"],"picked":"Armaments","floor":4},{"not_picked":["Havoc","Combust","Wild Strike"],"picked":"SKIP","floor":5},{"not_picked":["Pommel Strike","Warcry","Combust"],"picked":"SKIP","floor":6}],"player_experience":384734,"relics_obtained":[{"floor":6,"key":"Champion Belt"}],"event_choices":[{"damage_healed":0,"gold_gain":0,"player_choice":"Box","damage_taken":0,"relics_obtained":["Dodecahedron"],"max_hp_gain":0,"max_hp_loss":0,"event_name":"Big Fish","floor":2,"gold_loss":0,"cards_obtained":["Regret"]},{"cards_removed":["Regret"],"damage_healed":0,"gold_gain":0,"player_choice":"Removed Curses","damage_taken":0,"max_hp_gain":0,"max_hp_loss":0,"event_name":"Fountain of Cleansing","floor":3,"gold_loss":0}],"is_beta":false,"boss_relics":[],"items_purged_floors":[],"is_endless":false,"potions_floor_spawned":[1,4],"killed_by":"Gremlin Gang","ascension_level":20}