{"gold_per_floor":[109,126,144,111,36,63,63,83,110,110,36,71,71,21,21,98,98,23,23,23,39,57,57],"floor_reached":23,"playtime":1135,"items_purged":["Strike_R","Strike_R","Strike_R"],"score":348,"play_id":"f03e50a2-3d1d-4207-9c01-782945e385f8","local_time":"20190914203405","is_ascension_mode":true,"campfire_choices":[{"data":"Anger","floor":7.0,"key":"SMITH"},{"data":"Bash","floor":10.0,"key":"SMITH"},{"data":"Feel No Pain","floor":15.0,"key":"SMITH"}],"neow_cost":"NONE","seed_source_timestamp":160317783949200,"circlet_count":0,"master_deck":["AscendersBane","Strike_R","Strike_R","Defend_R","Defend_R","Defend_R","Defend_R","Bash+1","Feel No Pain+1","Metallicize+1","Anger+1","Power Through","Armaments","Shrug It Off","Ghostly Armor+1","Demon Form","Burning Pact","Second Wind","Corruption"],"special_seed":0,"relics":["Burning Blood","NeowsBlessing","Omamori","Smiling Mask","MealTicket","Mark of Pain","Enchiridion"],"potions_floor_usage":[22],"damage_taken":[{"damage":0.0,"enemies":"Cultist","floor":1.0,"turns":1.0},{"damage":0.0,"enemies":"Small Slimes","floor":2.0,"turns":1.0},{"damage":0.0,"enemies":"Jaw Worm","floor":3.0,"turns":1.0},{"damage":25.0,"enemies":"Exordium Thugs","floor":4.0,"turns":6.0},{"damage":11.0,"enemies":"3 Sentries","floor":6.0,"turns":12.0},{"damage":11.0,"enemies":"Gremlin Gang","floor":8.0,"turns":8.0},{"damage":13.0,"enemies":"Lagavulin","floor":12.0,"turns":8.0},{"damage":11.0,"enemies":"Hexaghost","floor":16.0,"turns":15.0},{"damage":15,"enemies":"2 Thieves","floor":18,"turns":5},{"damage":17,"enemies":"Spheric Guardian","floor":21,"turns":6},{"damage":27,"enemies":"Centurion and Healer","floor":22,"turns":10},{"damage":32,"enemies":"Gremlin Leader","floor":23,"turns":4}],"seed_played":"5819969067511455464","potions_obtained":[{"floor":3.0,"key":"EntropicBrew"},{"floor":4.0,"key":"Block Potion"},{"floor":16.0,"key":"Regen Potion"}],"is_trial":false,"path_per_floor":["M","M","M","M","$","E","R","M","T","R","$","E","?","$","R","B",null,"M","?","$","M","M","E"],"character_chosen":"IRONCLAD","items_purchased":["Shrug It Off"],"campfire_rested":0,"item_purchase_floors":[11],"current_hp_per_floor":[74,75,75,56,56,51,51,46,46,46,46,39,16,31,31,26,63,54,33,48,37,31,0],"gold":57,"neow_bonus":"THREE_ENEMY_KILL","is_prod":false,"is_daily":false,"chose_seed":false,"campfire_upgraded":3,"win_rate":0,"timestamp":1568486045,"path_taken":["M","M","M","?","?","E","R","?","T","R","$","E","?","$","R","BOSS","M","?","?","M","?","E"],"build_version":"2019-09-12","purchased_purges":3,"victory":false,"max_hp_per_floor":[75,75,75,75,75,75,75,75,75,75,75,75,75,75,75,75,75,75,75,75,75,75,75],"card_choices":[{"not_picked":["Cleave","Sever Soul","Thunderclap"],"picked":"SKIP","floor":1.0},{"not_picked":["Thunderclap","Pommel Strike"],"picked":"Feel No Pain","floor":2.0},{"not_picked":["Shrug It Off","Cleave"],"picked":"Metallicize","floor":3.0},{"not_picked":["Clash","Wild Strike"],"picked":"Anger","floor":4.0},{"not_picked":["Body Slam","Warcry"],"picked":"Power Through","floor":6.0},{"not_picked":["Seeing Red","Warcry"],"picked":"Armaments","floor":8.0},{"not_picked":["Twin Strike","Havoc"],"picked":"Ghostly Armor","floor":12.0},{"not_picked":["Reaper","Double Tap"],"picked":"Demon Form","floor":16.0},{"not_picked":["Burning Pact","Twin Strike","Shrug It Off"],"picked":"SKIP","floor":18},{"not_picked":["Twin Strike","Shrug It Off"],"picked":"Burning Pact","floor":18},{"not_picked":["Carnage","Searing Blow+1"],"picked":"Second Wind","floor":21},{"not_picked":["Cleave","True Grit"],"picked":"Corruption","floor":22}],"player_experience":826749,"relics_obtained":[{"floor":6.0,"key":"Omamori"},{"floor":9.0,"key":"Smiling Mask"},{"floor":12.0,"key":"MealTicket"},{"floor":19,"key":"Enchiridion"}],"event_choices":[{"damage_healed":0.0,"max_hp_gain":0.0,"max_hp_loss":0.0,"gold_gain":0.0,"event_name":"Shining Light","player_choice":"Entered Light","floor":13.0,"gold_loss":0.0,"damage_taken":23.0,"cards_upgraded":["Metallicize","Ghostly Armor"]},{"damage_healed":0,"gold_gain":0,"player_choice":"Obtained Book","damage_taken":21,"max_hp_gain":0,"max_hp_loss":0,"event_name":"Cursed Tome","floor":19,"gold_loss":0}],"is_beta":true,"boss_relics":[{"not_picked":["Pandora\u0027s Box","Philosopher\u0027s Stone"],"picked":"Mark of Pain"}],"items_purged_floors":[5,11,14],"is_endless":false,"potions_floor_spawned":[3,4,12,16],"killed_by":"Gremlin Leader","ascension_level":15}