{"gold_per_floor":[116,62,62,62,62,101,120,195,195,236,236,260,260,279,279,375,375,348,364,364,380,305,305,305],"floor_reached":24,"playtime":963,"items_purged":[],"score":458,"play_id":"c99b5ebe-c29e-4592-98a8-5e16bc73942e","local_time":"20190612161507","is_ascension_mode":true,"campfire_choices":[{"data":"Noxious Fumes","floor":11,"key":"SMITH"},{"data":"Neutralize","floor":13,"key":"SMITH"},{"data":"Dash","floor":15,"key":"SMITH"},{"floor":23,"key":"REST"}],"neow_cost":"NONE","seed_source_timestamp":586217604762,"circlet_count":0,"master_deck":["AscendersBane","Defend_G","Defend_G","Defend_G","Defend_G","Defend_G","Strike_G","Strike_G","Strike_G","Strike_G","Survivor","Neutralize+1","Flying Knee","Dagger Throw","Dash+1","Noxious Fumes+1","PiercingWail","A Thousand Cuts","Cloak And Dagger"],"relics":["Ring of the Serpent","NeowsBlessing","Golden Idol","PreservedInsect","Strawberry","Pen Nib","Pantograph"],"potions_floor_usage":[10,19,24],"damage_taken":[{"damage":0,"enemies":"Small Slimes","floor":1,"turns":1},{"damage":0,"enemies":"Gremlin Nob","floor":6,"turns":1},{"damage":0,"enemies":"2 Louse","floor":7,"turns":1},{"damage":12,"enemies":"Lagavulin","floor":10,"turns":5},{"damage":0,"enemies":"Jaw Worm","floor":12,"turns":4},{"damage":4,"enemies":"Looter","floor":14,"turns":3},{"damage":35,"enemies":"Hexaghost","floor":16,"turns":11},{"damage":18,"enemies":"2 Thieves","floor":18,"turns":4},{"damage":3,"enemies":"Shell Parasite","floor":19,"turns":7},{"damage":34,"enemies":"Sentry and Sphere","floor":21,"turns":8},{"damage":29,"enemies":"Slavers","floor":24,"turns":1}],"seed_played":"-109433894257165467","potions_obtained":[{"floor":10,"key":"Block Potion"},{"floor":12,"key":"Block Potion"},{"floor":18,"key":"PowerPotion"},{"floor":21,"key":"Strength Potion"}],"is_trial":false,"path_per_floor":["M","$","?","?","T","E","M","?","T","E","R","M","R","M","R","B",null,"M","M","?","M","?","R","E"],"character_chosen":"THE_SILENT","items_purchased":["PowerPotion"],"campfire_rested":1,"item_purchase_floors":[2],"current_hp_per_floor":[59,59,59,59,59,66,66,55,55,43,43,43,43,39,39,29,58,40,37,37,3,3,23,0],"gold":305,"neow_bonus":"THREE_ENEMY_KILL","is_prod":false,"is_daily":false,"chose_seed":false,"campfire_upgraded":3,"win_rate":0,"timestamp":1560348907,"path_taken":["M","$","?","?","?","E","M","?","T","E","R","?","R","M","R","BOSS","M","M","?","M","?","R","E"],"build_version":"2019-01-23","purchased_purges":0,"victory":false,"max_hp_per_floor":[66,66,66,60,60,67,67,67,67,67,67,67,67,67,67,67,67,67,67,67,67,67,67,67],"card_choices":[{"not_picked":["Outmaneuver","Acrobatics"],"picked":"Flying Knee","floor":1},{"not_picked":["Quick Slash","Flying Knee"],"picked":"Dagger Throw","floor":6},{"not_picked":["Deflect","Eviscerate"],"picked":"Dash","floor":7},{"not_picked":["Flying Knee","Bane"],"picked":"Noxious Fumes","floor":10},{"not_picked":["Flechettes","Storm of Steel","Dagger Throw"],"picked":"SKIP","floor":12},{"not_picked":["Flechettes","Storm of Steel","Dagger Throw"],"picked":"SKIP","floor":12},{"not_picked":["Bane","Choke"],"picked":"PiercingWail","floor":14},{"not_picked":["Grand Finale","Phantasmal Killer"],"picked":"A Thousand Cuts","floor":16},{"not_picked":["Outmaneuver","Flechettes","Infinite Blades"],"picked":"SKIP","floor":18},{"not_picked":["Dagger Spray","Sucker Punch"],"picked":"Cloak And Dagger","floor":19},{"not_picked":["Outmaneuver","Flying Knee","Dagger Spray"],"picked":"SKIP","floor":21}],"player_experience":518094,"relics_obtained":[{"floor":5,"key":"PreservedInsect"},{"floor":6,"key":"Strawberry"},{"floor":9,"key":"Pen Nib"},{"floor":10,"key":"Pantograph"}],"event_choices":[{"damage_healed":0,"gold_gain":0,"player_choice":"Leave","damage_taken":0,"max_hp_gain":0,"max_hp_loss":0,"event_name":"The Cleric","floor":3,"gold_loss":0},{"damage_healed":0,"gold_gain":0,"player_choice":"Lose Max HP","damage_taken":0,"relics_obtained":["Golden Idol"],"max_hp_gain":0,"max_hp_loss":6,"event_name":"Golden Idol","floor":4,"gold_loss":0},{"damage_healed":0,"gold_gain":75,"player_choice":"Gather Gold","damage_taken":11,"max_hp_gain":0,"max_hp_loss":0,"event_name":"World of Goop","floor":8,"gold_loss":0},{"damage_healed":0,"gold_gain":0,"player_choice":"Ignored","damage_taken":0,"max_hp_gain":0,"max_hp_loss":0,"event_name":"Vampires","floor":20,"gold_loss":0},{"cards_removed":["Strike_G"],"damage_healed":0,"gold_gain":0,"player_choice":"Gave Gold","damage_taken":0,"max_hp_gain":0,"max_hp_loss":0,"event_name":"Beggar","floor":22,"gold_loss":75}],"is_beta":false,"boss_relics":[{"not_picked":["Calling Bell","Ectoplasm"],"picked":"Ring of the Serpent"}],"items_purged_floors":[],"is_endless":false,"potions_floor_spawned":[10,12,14,18,21],"killed_by":"Slavers","ascension_level":20}