{"gold_per_floor":[114,129,204,219,219,249,249,279,329,344,19,34,49,64,64,164,164,179,179,194,209,124,154,154,184,259,259,289,50,50,65,65,165,165,180,180,235,250,265,295,295,325,350,350,350,350,118,133,133,133],"floor_reached":51,"playtime":2381,"items_purged":["Distraction"],"score":1000,"play_id":"d31b719e-1c81-4651-9c23-91e697c8c90e","local_time":"20190819195820","daily_mods":["Draft","Colorless Cards","Lethality"],"is_ascension_mode":false,"campfire_choices":[{"data":"Cloak And Dagger","floor":7,"key":"SMITH"},{"data":"Envenom","floor":15,"key":"SMITH"},{"data":"Glass Knife","floor":24,"key":"SMITH"},{"data":"Well Laid Plans","floor":32,"key":"SMITH"},{"data":"Deep Breath","floor":41,"key":"SMITH"},{"data":"Bouncing Flask","floor":44,"key":"SMITH"},{"data":"Cloak And Dagger","floor":46,"key":"SMITH"},{"data":"Leg Sweep","floor":49,"key":"SMITH"}],"neow_cost":"","seed_source_timestamp":257558532723759,"circlet_count":0,"master_deck":["Slice","Quick Slash","Leg Sweep+1","Backflip","PiercingWail","PiercingWail","Blur","Cloak And Dagger+1","Deflect","Quick Slash","Escape Plan","Slice","Deep Breath+1","Backstab","Bouncing Flask+1","Swift Strike","Crippling Poison","Endless Agony","Envenom+1","Panache","Bouncing Flask+1","Quick Slash+1","Cloak And Dagger+1","Glass Knife+1","Calculated Gamble+1","Ghostly","Ghostly","Ghostly","Ghostly","Ghostly","Dark Shackles","Well Laid Plans+1","Master of Strategy","Acrobatics+1","Skewer+1","Caltrops+1","Footwork","Riddle With Holes+1"],"special_seed":18127,"relics":["Ring of the Serpent","Snake Skull","Orichalcum","Potion Belt","Gremlin Horn","Black Star","Enchiridion","Omamori","Kunai","Darkstone Periapt","Centennial Puzzle","Incense Burner","Bottled Lightning","Torii","The Specimen","TwistedFunnel","Tiny Chest","Anchor","Pear","Pen Nib","Mango","Dream Catcher","Oddly Smooth Stone"],"potions_floor_usage":[23,50,50,50,50,50,50,50,50,50,50,50,50],"damage_taken":[{"damage":0,"enemies":"Small Slimes","floor":1,"turns":2},{"damage":0,"enemies":"Cultist","floor":2,"turns":2},{"damage":0,"enemies":"Jaw Worm","floor":4,"turns":2},{"damage":5,"enemies":"Gremlin Nob","floor":6,"turns":3},{"damage":4,"enemies":"Lagavulin","floor":8,"turns":4},{"damage":0,"enemies":"3 Louse","floor":10,"turns":2},{"damage":0,"enemies":"Exordium Wildlife","floor":12,"turns":2},{"damage":0,"enemies":"Lots of Slimes","floor":13,"turns":2},{"damage":0,"enemies":"Large Slime","floor":14,"turns":2},{"damage":22,"enemies":"Hexaghost","floor":16,"turns":6},{"damage":0,"enemies":"2 Thieves","floor":18,"turns":4},{"damage":1,"enemies":"Chosen","floor":20,"turns":2},{"damage":0,"enemies":"Centurion and Healer","floor":21,"turns":2},{"damage":24,"enemies":"Gremlin Leader","floor":23,"turns":3},{"damage":12,"enemies":"Slavers","floor":25,"turns":3},{"damage":0,"enemies":"Book of Stabbing","floor":28,"turns":5},{"damage":0,"enemies":"3 Cultists","floor":31,"turns":3},{"damage":0,"enemies":"Automaton","floor":33,"turns":5},{"damage":0,"enemies":"3 Darklings","floor":35,"turns":2},{"damage":0,"enemies":"Orb Walker","floor":38,"turns":2},{"damage":0,"enemies":"Spire Growth","floor":39,"turns":4},{"damage":0,"enemies":"Giant Head","floor":40,"turns":8},{"damage":0,"enemies":"Reptomancer","floor":42,"turns":5},{"damage":0,"enemies":"4 Shapes","floor":48,"turns":2},{"damage":0,"enemies":"Time Eater","floor":50,"turns":8}],"seed_played":"-1712421257355705167","potions_obtained":[{"floor":2,"key":"Ancient Potion"},{"floor":4,"key":"Block Potion"},{"floor":10,"key":"Ancient Potion"},{"floor":12,"key":"Fire Potion"},{"floor":25,"key":"AttackPotion"},{"floor":31,"key":"EntropicBrew"},{"floor":39,"key":"SpeedPotion"},{"floor":40,"key":"PowerPotion"}],"is_trial":false,"path_per_floor":["M","M","?","M","?","E","R","E","T","M","$","M","M","M","R","B",null,"M","?","M","M","?","E","R","E","T","?","E","$","?","M","R","B",null,"M","$","T","M","M","E","R","E","T","R","?","R","$","M","R","B",null],"character_chosen":"THE_SILENT","items_purchased":["Gremlin Horn","TwistedFunnel","Well Laid Plans","Footwork","Oddly Smooth Stone"],"campfire_rested":0,"item_purchase_floors":[11,29,29,47,47],"current_hp_per_floor":[70,70,59,59,70,65,65,61,61,61,61,61,61,61,61,39,70,70,54,53,53,53,29,29,17,17,17,17,17,13,13,13,13,40,40,40,40,40,40,50,50,64,64,64,64,64,64,64,64,64],"gold":133,"neow_bonus":"","is_prod":false,"is_daily":true,"chose_seed":false,"campfire_upgraded":8,"win_rate":0,"timestamp":1566237500,"path_taken":["M","M","?","M","?","E","R","E","T","M","$","M","?","M","R","BOSS","M","?","M","M","?","E","R","E","T","?","E","$","?","?","R","BOSS","M","$","?","M","M","E","R","E","T","R","?","R","$","?","R","BOSS"],"build_version":"2019-07-17","purchased_purges":1,"victory":true,"max_hp_per_floor":[70,70,70,70,70,70,70,70,70,70,70,70,70,70,70,70,70,70,70,70,70,70,70,70,70,70,35,35,35,40,40,40,40,40,40,40,40,40,40,50,50,64,64,64,64,64,64,64,64,64],"card_choices":[{"not_picked":["Expertise","Flying Knee"],"picked":"Slice","floor":0},{"not_picked":["Sucker Punch","All Out Attack"],"picked":"Quick Slash","floor":0},{"not_picked":["Expertise","Outmaneuver"],"picked":"Distraction","floor":0},{"not_picked":["Poisoned Stab","Deflect"],"picked":"Leg Sweep","floor":0},{"not_picked":["Outmaneuver","Deflect"],"picked":"Backflip","floor":0},{"not_picked":["Masterful Stab","Poisoned Stab"],"picked":"PiercingWail","floor":0},{"not_picked":["Deflect","Flying Knee"],"picked":"PiercingWail","floor":0},{"not_picked":["Quick Slash","Catalyst"],"picked":"Blur","floor":0},{"not_picked":["Dodge and Roll","Deflect"],"picked":"Cloak And Dagger","floor":0},{"not_picked":["Dagger Throw","Quick Slash"],"picked":"Deflect","floor":0},{"not_picked":["Bane","Deadly Poison"],"picked":"Quick Slash","floor":0},{"not_picked":["Poisoned Stab","Underhanded Strike"],"picked":"Escape Plan","floor":0},{"not_picked":["PiercingWail","Expertise"],"picked":"Slice","floor":0},{"not_picked":["Bane","Underhanded Strike"],"picked":"Deadly Poison","floor":0},{"not_picked":["Deadly Poison","Expertise"],"picked":"Deep Breath","floor":0},{"not_picked":["Blade Dance","Sucker Punch"],"picked":"Backstab","floor":1},{"not_picked":["Deadly Poison","Underhanded Strike","Sucker Punch"],"picked":"SKIP","floor":2},{"not_picked":["Underhanded Strike","Slice","Poisoned Stab"],"picked":"SKIP","floor":4},{"not_picked":["Prepared","Panacea"],"picked":"Bouncing Flask","floor":6},{"not_picked":["Eviscerate","Setup","Panacea"],"picked":"SKIP","floor":8},{"not_picked":["Dagger Throw","Discovery"],"picked":"Swift Strike","floor":10},{"not_picked":["Enlightenment","Dagger Throw"],"picked":"Crippling Poison","floor":12},{"not_picked":["PiercingWail","Good Instincts"],"picked":"Endless Agony","floor":13},{"not_picked":["Heel Hook","Prepared"],"picked":"Envenom","floor":14},{"not_picked":["Violence","The Bomb"],"picked":"Panache","floor":16},{"not_picked":["Choke","Good Instincts+1"],"picked":"Bouncing Flask+1","floor":18},{"not_picked":["Backflip","Deflect"],"picked":"Quick Slash+1","floor":20},{"not_picked":["Bandage Up","Quick Slash"],"picked":"Cloak And Dagger","floor":21},{"not_picked":["Cloak And Dagger","Prepared"],"picked":"Glass Knife","floor":23},{"not_picked":["Panacea+1","Sucker Punch+1"],"picked":"Calculated Gamble+1","floor":25},{"not_picked":["Enlightenment","Slice"],"picked":"Dark Shackles","floor":28},{"not_picked":["Sucker Punch","Predator","Dagger Spray"],"picked":"SKIP","floor":31},{"not_picked":["Unload","A Thousand Cuts"],"picked":"Master of Strategy","floor":33},{"not_picked":["Poisoned Stab","Panacea","Underhanded Strike+1"],"picked":"SKIP","floor":35},{"not_picked":["Flying Knee+1","Expertise"],"picked":"Acrobatics+1","floor":38},{"not_picked":["Blur","Outmaneuver+1","Dramatic Entrance"],"picked":"SKIP","floor":39},{"not_picked":["Sucker Punch","Acrobatics+1"],"picked":"Skewer+1","floor":40},{"not_picked":["Enlightenment+1","Blur+1"],"picked":"Caltrops+1","floor":42},{"not_picked":["Finisher","Well Laid Plans+1"],"picked":"Riddle With Holes+1","floor":48}],"player_experience":752965,"relics_obtained":[{"floor":6,"key":"Snake Skull"},{"floor":8,"key":"Orichalcum"},{"floor":9,"key":"Potion Belt"},{"floor":19,"key":"Enchiridion"},{"floor":23,"key":"Kunai"},{"floor":23,"key":"Darkstone Periapt"},{"floor":25,"key":"Centennial Puzzle"},{"floor":25,"key":"Incense Burner"},{"floor":26,"key":"Bottled Lightning"},{"floor":28,"key":"Torii"},{"floor":28,"key":"The Specimen"},{"floor":37,"key":"Tiny Chest"},{"floor":40,"key":"Anchor"},{"floor":40,"key":"Pear"},{"floor":42,"key":"Pen Nib"},{"floor":42,"key":"Mango"},{"floor":43,"key":"Dream Catcher"}],"event_choices":[{"damage_healed":0,"gold_gain":75,"player_choice":"Gather Gold","damage_taken":11,"max_hp_gain":0,"max_hp_loss":0,"event_name":"World of Goop","floor":3,"gold_loss":0},{"damage_healed":11,"gold_gain":0,"player_choice":"Full Heal","damage_taken":0,"max_hp_gain":0,"max_hp_loss":0,"event_name":"Wheel of Change","floor":5,"gold_loss":0},{"damage_healed":0,"gold_gain":0,"player_choice":"Obtained Book","damage_taken":16,"max_hp_gain":0,"max_hp_loss":0,"event_name":"Cursed Tome","floor":19,"gold_loss":0},{"damage_healed":0,"gold_gain":0,"player_choice":"Obtained Relic","damage_taken":0,"relics_obtained":["Omamori"],"max_hp_gain":0,"max_hp_loss":0,"event_name":"Addict","floor":22,"gold_loss":85},{"damage_healed":0,"gold_gain":0,"player_choice":"Became a Ghost","damage_taken":0,"max_hp_gain":0,"max_hp_loss":35,"event_name":"Ghosts","floor":27,"gold_loss":0,"cards_obtained":["Ghostly","Ghostly","Ghostly","Ghostly","Ghostly"]},{"damage_healed":0,"gold_gain":0,"player_choice":"Shed Blood","damage_taken":9,"max_hp_gain":5,"max_hp_loss":0,"event_name":"Forgotten Altar","floor":30,"gold_loss":0},{"cards_removed":["Deadly Poison"],"damage_healed":0,"gold_gain":0,"player_choice":"Purged","damage_taken":0,"max_hp_gain":0,"max_hp_loss":0,"event_name":"Purifier","floor":45,"gold_loss":0}],"is_beta":false,"boss_relics":[{"not_picked":["Snecko Eye","HoveringKite"],"picked":"Black Star"},{"not_picked":["Astrolabe","Runic Dome"],"picked":"Ring of the Serpent"}],"items_purged_floors":[11],"is_endless":false,"potions_floor_spawned":[2,4,10,12,25,31,38,39,40],"ascension_level":0}