{"gold_per_floor":[113,93,111,123,10,10,35,35,35,35,55,85,85,116,116,191,191,209,209,50,69,69,69,97,97,97,124,134,134,147,167,167,246,246,266,266,280,280,291,291,391,423,423,423,434,467,487,34,34,34,34],"floor_reached":52,"playtime":5366,"items_purged":["Decay"],"score":1836,"play_id":"eb690d63-ee88-47b0-923e-0dcc699c9c2e","local_time":"20190610004324","is_ascension_mode":true,"campfire_choices":[{"floor":6.0,"key":"REST"},{"floor":8.0,"key":"REST"},{"data":"Double Energy","floor":15.0,"key":"SMITH"},{"floor":23.0,"key":"REST"},{"floor":25.0,"key":"REST"},{"floor":29.0,"key":"REST"},{"floor":32.0,"key":"REST"},{"floor":40.0,"key":"REST"},{"data":"Biased Cognition","floor":49.0,"key":"SMITH"}],"neow_cost":"NONE","seed_source_timestamp":781199592497220,"circlet_count":0,"master_deck":["AscendersBane","Zap+1","Dualcast+1","Cold Snap","Coolheaded+1","Static Discharge","Self Repair","Hologram","Echo Form","Double Energy+1","Sweeping Beam+1","Go for the Eyes+1","Melter+1","Echo Form","Glacier","Core Surge+1","RitualDagger+1","Genetic Algorithm","Conserve Battery","Buffer","Biased Cognition+1","Undo","Auto Shields","Cold Snap+1","Steam Power","Self Repair","Auto Shields","Sweeping Beam+1","Glacier","Panacea","The Bomb","Dark Shackles","Cold Snap+1","Coolheaded"],"special_seed":0,"relics":["Cracked Core","Molten Egg 2","Blue Candle","Happy Flower","Strawberry","Snecko Eye","Blood Vial","Shuriken","Sundial","Pandora\u0027s Box","Peace Pipe","War Paint","Letter Opener","Bottled Tornado","Bottled Flame"],"potions_floor_usage":[50,51],"damage_taken":[{"damage":9.0,"enemies":"Jaw Worm","floor":1.0,"turns":4.0},{"damage":0.0,"enemies":"Cultist","floor":3.0,"turns":3.0},{"damage":14.0,"enemies":"Small Slimes","floor":4.0,"turns":3.0},{"damage":30.0,"enemies":"Gremlin Nob","floor":7.0,"turns":4.0},{"damage":0.0,"enemies":"3 Louse","floor":11.0,"turns":1.0},{"damage":30.0,"enemies":"Lagavulin","floor":12.0,"turns":8.0},{"damage":19.0,"enemies":"3 Sentries","floor":14.0,"turns":6.0},{"damage":13.0,"enemies":"Hexaghost","floor":16.0,"turns":11.0},{"damage":33.0,"enemies":"2 Thieves","floor":18.0,"turns":5.0},{"damage":14.0,"enemies":"3 Byrds","floor":21.0,"turns":6.0},{"damage":59.0,"enemies":"Slavers","floor":24.0,"turns":8.0},{"damage":46.0,"enemies":"Book of Stabbing","floor":27.0,"turns":6.0},{"damage":12.0,"enemies":"Snake Plant","floor":28.0,"turns":5.0},{"damage":28.0,"enemies":"3 Cultists","floor":30.0,"turns":6.0},{"damage":5.0,"enemies":"Snecko","floor":31.0,"turns":4.0},{"damage":27.0,"enemies":"Champ","floor":33.0,"turns":12.0},{"damage":15.0,"enemies":"Orb Walker","floor":35.0,"turns":8.0},{"damage":12.0,"enemies":"3 Shapes","floor":37.0,"turns":8.0},{"damage":32.0,"enemies":"Transient","floor":39.0,"turns":6.0},{"damage":32.0,"enemies":"Mind Bloom Boss Battle","floor":41.0,"turns":14.0},{"damage":10.0,"enemies":"Giant Head","floor":42.0,"turns":12.0},{"damage":25.0,"enemies":"3 Darklings","floor":45.0,"turns":6.0},{"damage":21.0,"enemies":"Nemesis","floor":46.0,"turns":16.0},{"damage":20.0,"enemies":"4 Shapes","floor":47.0,"turns":7.0},{"damage":15,"enemies":"Awakened One","floor":50,"turns":20},{"damage":29,"enemies":"Time Eater","floor":51,"turns":14}],"seed_played":"639841374970928219","potions_obtained":[{"floor":1.0,"key":"GamblersBrew"},{"floor":2.0,"key":"AttackPotion"},{"floor":12.0,"key":"Fire Potion"},{"floor":27.0,"key":"Weak Potion"},{"floor":35.0,"key":"Poison Potion"}],"is_trial":false,"path_per_floor":["M","?","M","M","$","R","E","R","T","?","M","E","?","E","R","B",null,"M","?","$","M","?","R","E","R","T","E","M","R","M","M","R","B",null,"M","?","M","?","M","R","?","E","T","?","M","E","M","$","R","B","B",null],"character_chosen":"DEFECT","items_purchased":["Self Repair","Hologram","Glacier","FocusPotion","FocusPotion","Bottled Flame"],"campfire_rested":7,"item_purchase_floors":[5,5,20,48,48,48],"current_hp_per_floor":[55,55,55,41,41,62,39,60,60,60,60,44,49,37,37,31,70,51,51,51,51,45,69,24,48,48,18,22,46,27,38,62,44,73,83,83,83,73,57,81,79,83,83,79,79,79,79,79,79,79,71],"gold":34,"neow_bonus":"UPGRADE_CARD","is_prod":false,"is_daily":false,"chose_seed":false,"campfire_upgraded":2,"win_rate":0,"timestamp":1560120204,"path_taken":["M","?","M","M","?","R","E","R","T","?","M","E","?","E","R","BOSS","M","?","$","M","?","R","E","R","T","E","M","R","M","M","R","BOSS","M","?","M","?","M","R","?","E","T","?","M","E","M","$","R","BOSS","BOSS"],"build_version":"2019-01-23","purchased_purges":1,"victory":true,"max_hp_per_floor":[71,71,71,71,71,71,71,71,71,71,71,71,76,83,83,83,83,83,83,83,83,83,83,83,83,83,83,83,83,83,83,83,83,83,83,83,83,83,83,83,83,83,83,79,79,79,79,79,79,79,79],"card_choices":[{"not_picked":["Scrape","Beam Cell"],"picked":"Cold Snap","floor":1.0},{"not_picked":["Rebound","Barrage"],"picked":"Coolheaded","floor":3.0},{"not_picked":["Double Energy","Rebound"],"picked":"Static Discharge","floor":4.0},{"not_picked":["FTL","Stack"],"picked":"Echo Form","floor":7.0},{"not_picked":["Steam","Cold Snap+1"],"picked":"Sweeping Beam+1","floor":11.0},{"not_picked":["Chill","Lockon+1"],"picked":"Go for the Eyes+1","floor":12.0},{"not_picked":["Go for the Eyes+1","Force Field"],"picked":"Melter+1","floor":14.0},{"not_picked":["Fission","Rainbow"],"picked":"Echo Form","floor":16.0},{"not_picked":["Turbo","Steam","Rebound+1"],"picked":"SKIP","floor":18.0},{"not_picked":["Leap","Stack"],"picked":"Core Surge+1","floor":21.0},{"not_picked":["Skim","Ball Lightning+1"],"picked":"Genetic Algorithm","floor":24.0},{"not_picked":["Sweeping Beam+1","Stack+1","Blizzard+1"],"picked":"SKIP","floor":27.0},{"not_picked":["Hello World","Beam Cell+1"],"picked":"Conserve Battery","floor":28.0},{"not_picked":["BootSequence","Reprogram","Gash+1"],"picked":"SKIP","floor":30.0},{"not_picked":["Storm","Go for the Eyes+1","Redo"],"picked":"SKIP","floor":31.0},{"not_picked":["Creative AI","Amplify"],"picked":"Buffer","floor":33.0},{"not_picked":["Auto Shields+1","Cold Snap+1"],"picked":"Sweeping Beam+1","floor":35.0},{"not_picked":["Hello World","Reprogram"],"picked":"Glacier","floor":37.0},{"not_picked":["Violence","Sadistic Nature"],"picked":"Panacea","floor":38.0},{"not_picked":["Enlightenment","Mind Blast+1"],"picked":"The Bomb","floor":38.0},{"not_picked":["Blind","Purity"],"picked":"Dark Shackles","floor":38.0},{"not_picked":["Steam","Steam Power+1"],"picked":"Cold Snap+1","floor":39.0},{"not_picked":["Barrage+1","Self Repair","Skim+1"],"picked":"SKIP","floor":42.0},{"not_picked":["Storm","Heatsinks","Redo+1"],"picked":"SKIP","floor":45.0},{"not_picked":["Rip and Tear+1","Stack","Sweeping Beam+1"],"picked":"SKIP","floor":46.0},{"not_picked":["Compile Driver+1","Lockon+1"],"picked":"Coolheaded","floor":47.0}],"player_experience":491596,"relics_obtained":[{"floor":7.0,"key":"Molten Egg 2"},{"floor":9.0,"key":"Blue Candle"},{"floor":12.0,"key":"Happy Flower"},{"floor":14.0,"key":"Strawberry"},{"floor":24.0,"key":"Blood Vial"},{"floor":26.0,"key":"Shuriken"},{"floor":27.0,"key":"Sundial"},{"floor":41.0,"key":"Peace Pipe"},{"floor":42.0,"key":"War Paint"},{"floor":43.0,"key":"Letter Opener"},{"floor":46.0,"key":"Bottled Tornado"}],"event_choices":[{"damage_healed":0.0,"max_hp_gain":0.0,"max_hp_loss":0.0,"gold_gain":0.0,"event_name":"The Woman in Blue","player_choice":"Bought 1 Potion","floor":2.0,"gold_loss":0.0,"damage_taken":0.0},{"damage_healed":0.0,"max_hp_gain":0.0,"max_hp_loss":0.0,"gold_gain":0.0,"cards_transformed":["Strike_B"],"event_name":"Living Wall","player_choice":"Change","floor":10.0,"gold_loss":0.0,"damage_taken":0.0,"cards_obtained":["Double Energy"]},{"damage_healed":0.0,"max_hp_gain":5.0,"max_hp_loss":0.0,"gold_gain":0.0,"event_name":"Big Fish","player_choice":"Donut","floor":13.0,"gold_loss":0.0,"damage_taken":0.0},{"damage_healed":0.0,"max_hp_gain":0.0,"max_hp_loss":0.0,"gold_gain":0.0,"event_name":"Forgotten Altar","player_choice":"Smashed Altar","floor":19.0,"gold_loss":0.0,"damage_taken":0.0,"cards_obtained":["Decay"]},{"damage_healed":0.0,"max_hp_gain":0.0,"max_hp_loss":0.0,"gold_gain":0.0,"event_name":"Nest","player_choice":"Joined the Cult","floor":22.0,"gold_loss":0.0,"damage_taken":6.0,"cards_obtained":["RitualDagger"]},{"damage_healed":0.0,"max_hp_gain":0.0,"max_hp_loss":0.0,"gold_gain":0.0,"event_name":"Tomb of Lord Red Mask","player_choice":"Ignored","floor":36.0,"gold_loss":0.0,"damage_taken":0.0},{"damage_healed":0.0,"max_hp_gain":0.0,"max_hp_loss":0.0,"gold_gain":0.0,"event_name":"SensoryStone","player_choice":"Memory 3","floor":38.0,"gold_loss":0.0,"damage_taken":10.0},{"damage_healed":0.0,"max_hp_gain":0.0,"max_hp_loss":0.0,"gold_gain":0.0,"event_name":"MindBloom","player_choice":"Fight","floor":41.0,"gold_loss":0.0,"damage_taken":0.0},{"damage_healed":0.0,"max_hp_gain":0.0,"max_hp_loss":4.0,"gold_gain":0.0,"event_name":"Winding Halls","player_choice":"Max HP","floor":44.0,"gold_loss":0.0,"damage_taken":0.0}],"is_beta":false,"boss_relics":[{"not_picked":["Philosopher\u0027s Stone","Tiny House"],"picked":"Snecko Eye"},{"not_picked":["Velvet Choker","Astrolabe"],"picked":"Pandora\u0027s Box"}],"items_purged_floors":[20],"is_endless":false,"potions_floor_spawned":[1,12,14,16,18,21,27,31,35,41,42],"ascension_level":20}