{"gold_per_floor":[111,111,61,86,96,125,125,52,75,75,94,94,121,138,138,238,238,254,254,269,269,281,310,310,328,328,338,263,263,278,304,304,406,406,419,130,130,130,140,165,165,200,200,216,216,216,241,241,241,241,241,241,44,79,79],"floor_reached":56,"playtime":9937,"items_purged":["Strike_R"],"score":1381,"play_id":"24bd018f-0c14-4aad-9d6e-c904cb3ba9db","local_time":"20190424223408","is_ascension_mode":false,"campfire_choices":[{"data":"Body Slam","floor":7.0,"key":"SMITH"},{"data":"Dual Wield","floor":10.0,"key":"SMITH"},{"data":"Body Slam","floor":15.0,"key":"SMITH"},{"data":"Power Through","floor":24.0,"key":"SMITH"},{"data":"Rage","floor":29.0,"key":"SMITH"},{"data":"Barricade","floor":32.0,"key":"SMITH"},{"data":"Uppercut","floor":41,"key":"SMITH"},{"floor":49,"key":"RECALL"},{"data":"Battle Trance","floor":52,"key":"SMITH"}],"neow_cost":"NONE","seed_source_timestamp":1649278545430183,"circlet_count":0,"master_deck":["Strike_R","Defend_R","Defend_R","Defend_R","Defend_R","Bash","Dual Wield+1","Body Slam+1","Rage+1","Headbutt","Disarm","Power Through+1","Body Slam+1","Seeing Red","Barricade+1","Intimidate+1","Uppercut+1","Warcry+1","Battle Trance+1","Feed","Burning Pact+1","Metallicize","Battle Trance","Power Through+1","Flame Barrier"],"special_seed":0,"relics":["Burning Blood","PreservedInsect","Meat on the Bone","Art of War","Oddly Smooth Stone","Philosopher\u0027s Stone","Happy Flower","Ancient Tea Set","Incense Burner","Question Card","Busted Crown","Medical Kit","Charon\u0027s Ashes","Potion Belt","Juzu Bracelet","Pen Nib","Strawberry"],"potions_floor_usage":[40,55,55],"damage_taken":[{"damage":2.0,"enemies":"2 Louse","floor":1.0,"turns":3.0},{"damage":6.0,"enemies":"Jaw Worm","floor":5.0,"turns":4.0},{"damage":50.0,"enemies":"Lagavulin","floor":6.0,"turns":9.0},{"damage":0.0,"enemies":"Cultist","floor":11.0,"turns":3.0},{"damage":5.0,"enemies":"Gremlin Nob","floor":13.0,"turns":4.0},{"damage":0.0,"enemies":"Large Slime","floor":14.0,"turns":3.0},{"damage":29.0,"enemies":"Slime Boss","floor":16.0,"turns":11.0},{"damage":15.0,"enemies":"2 Thieves","floor":18.0,"turns":4.0},{"damage":15.0,"enemies":"Spheric Guardian","floor":20.0,"turns":6.0},{"damage":8.0,"enemies":"Cultist and Chosen","floor":22.0,"turns":8.0},{"damage":0.0,"enemies":"Gremlin Leader","floor":23.0,"turns":8.0},{"damage":6.0,"enemies":"Snake Plant","floor":25.0,"turns":5.0},{"damage":4.0,"enemies":"3 Cultists","floor":27.0,"turns":7.0},{"damage":0.0,"enemies":"Snecko","floor":30.0,"turns":4.0},{"damage":15.0,"enemies":"Book of Stabbing","floor":31.0,"turns":4.0},{"damage":1.0,"enemies":"Champ","floor":33.0,"turns":7.0},{"damage":0.0,"enemies":"Orb Walker","floor":35.0,"turns":5.0},{"damage":8.0,"enemies":"3 Shapes","floor":39.0,"turns":8.0},{"damage":15,"enemies":"Reptomancer","floor":40,"turns":7},{"damage":0,"enemies":"Nemesis","floor":42,"turns":5},{"damage":0,"enemies":"Jaw Worm Horde","floor":44,"turns":2},{"damage":0,"enemies":"Giant Head","floor":47,"turns":8},{"damage":0,"enemies":"Donu and Deca","floor":50,"turns":12},{"damage":14,"enemies":"Shield and Spear","floor":54,"turns":7},{"damage":8,"enemies":"The Heart","floor":55,"turns":8}],"seed_played":"-2447457569067667640","potions_obtained":[{"floor":1.0,"key":"Weak Potion"},{"floor":11.0,"key":"Fire Potion"},{"floor":16.0,"key":"Weak Potion"},{"floor":20.0,"key":"Explosive Potion"},{"floor":23.0,"key":"Swift Potion"},{"floor":25.0,"key":"Fire Potion"},{"floor":27.0,"key":"FearPotion"},{"floor":39.0,"key":"Swift Potion"},{"floor":42,"key":"EssenceOfSteel"}],"is_trial":false,"path_per_floor":["M","$","?","T","M","E","R","$","T","R","M","?","E","M","R","B",null,"M","?","M","?","M","E","R","M","T","M","$","R","M","E","R","B",null,"M","$","?","$","M","E","R","E","T","M","?","?","E","?","R","B",null,"R","$","E","B",null],"character_chosen":"IRONCLAD","items_purchased":["Disarm","Metallicize","Medical Kit","Pen Nib","Swift Potion"],"campfire_rested":0,"item_purchase_floors":[8,36,36,53,53],"current_hp_per_floor":[80,80,80,80,80,36,36,36,36,36,54,54,55,61,61,50,80,71,56,59,59,57,63,63,63,63,65,65,65,71,62,62,67,85,85,85,85,85,86,80,80,86,86,94,89,89,92,92,92,95,95,95,95,94,92],"gold":79,"neow_bonus":"TRANSFORM_CARD","is_prod":false,"is_daily":false,"chose_seed":false,"campfire_upgraded":8,"win_rate":0,"timestamp":1556159648,"path_taken":["M","$","?","?","M","E","R","?","T","R","M","?","E","M","R","BOSS","M","?","M","?","M","E","R","M","T","?","$","R","M","E","R","BOSS","M","$","?","$","M","E","R","E","T","?","?","?","E","?","R","BOSS","R","$","E","BOSS"],"build_version":"2019-01-23","purchased_purges":1,"victory":true,"max_hp_per_floor":[80,80,80,80,80,80,80,80,80,80,80,80,80,80,80,80,80,80,85,85,85,85,85,85,85,85,85,85,85,85,85,85,85,85,85,85,85,85,88,91,91,91,91,94,89,89,92,92,92,95,95,95,95,102,102],"card_choices":[{"not_picked":["Second Wind","Wild Strike"],"picked":"Body Slam","floor":1.0},{"not_picked":["Headbutt","Entrench"],"picked":"Rage","floor":5.0},{"not_picked":["Fire Breathing","Spot Weakness"],"picked":"Headbutt","floor":6.0},{"not_picked":["Armaments","Iron Wave"],"picked":"Power Through","floor":11.0},{"not_picked":["Fire Breathing","Disarm"],"picked":"Body Slam","floor":13.0},{"not_picked":["Body Slam","Feel No Pain"],"picked":"Seeing Red","floor":14.0},{"not_picked":["Immolate","Offering"],"picked":"Barricade","floor":16.0},{"not_picked":["Flex","Searing Blow"],"picked":"Intimidate+1","floor":18.0},{"not_picked":["Headbutt","Twin Strike","Rupture"],"picked":"SKIP","floor":20.0},{"not_picked":["Power Through+1","Wild Strike"],"picked":"Uppercut","floor":22.0},{"not_picked":["Corruption","Dropkick+1"],"picked":"Warcry+1","floor":23.0},{"not_picked":["Wild Strike","Sever Soul","Clash+1"],"picked":"SKIP","floor":25.0},{"not_picked":["Cleave","Sword Boomerang+1","Flex"],"picked":"SKIP","floor":27.0},{"not_picked":["Exhume","Perfected Strike"],"picked":"Battle Trance","floor":30.0},{"not_picked":["Perfected Strike+1","Cleave+1","Flex+1"],"picked":"SKIP","floor":31.0},{"not_picked":["Immolate","Bludgeon","Barricade"],"picked":"Feed","floor":33.0},{"not_picked":["Havoc+1"],"picked":"Burning Pact+1","floor":35.0},{"not_picked":["Uppercut","Fire Breathing"],"picked":"SKIP","floor":39.0},{"not_picked":["Clothesline+1"],"picked":"Power Through+1","floor":40},{"not_picked":["Burning Pact+1","Havoc"],"picked":"SKIP","floor":42},{"not_picked":["Carnage+1","Perfected Strike"],"picked":"SKIP","floor":44},{"not_picked":["Body Slam"],"picked":"Flame Barrier","floor":47},{"not_picked":["Blood for Blood+1","Immolate"],"picked":"SKIP","floor":54}],"player_experience":819397,"relics_obtained":[{"floor":4.0,"key":"PreservedInsect"},{"floor":6.0,"key":"Meat on the Bone"},{"floor":9.0,"key":"Art of War"},{"floor":13.0,"key":"Oddly Smooth Stone"},{"floor":21.0,"key":"Happy Flower"},{"floor":23.0,"key":"Ancient Tea Set"},{"floor":26.0,"key":"Incense Burner"},{"floor":31.0,"key":"Question Card"},{"floor":40,"key":"Charon\u0027s Ashes"},{"floor":42,"key":"Potion Belt"},{"floor":47,"key":"Juzu Bracelet"},{"floor":54,"key":"Strawberry"}],"event_choices":[{"cards_removed":["Strike_R"],"damage_healed":0.0,"max_hp_gain":0.0,"max_hp_loss":0.0,"gold_gain":0.0,"event_name":"The Cleric","player_choice":"Card Removal","floor":3.0,"gold_loss":50.0,"damage_taken":0.0},{"cards_removed":["Strike_R"],"damage_healed":0.0,"max_hp_gain":0.0,"max_hp_loss":0.0,"gold_gain":0.0,"event_name":"Living Wall","player_choice":"Forget","floor":12.0,"gold_loss":0.0,"damage_taken":0.0},{"damage_healed":0.0,"max_hp_gain":5.0,"max_hp_loss":0.0,"gold_gain":0.0,"event_name":"Forgotten Altar","player_choice":"Shed Blood","floor":19.0,"gold_loss":0.0,"damage_taken":20.0},{"damage_healed":0.0,"max_hp_gain":0.0,"max_hp_loss":0.0,"gold_gain":0.0,"event_name":"Wheel of Change","player_choice":"Relic","floor":21.0,"gold_loss":0.0,"damage_taken":0.0},{"damage_healed":0.0,"max_hp_gain":0.0,"max_hp_loss":0.0,"gold_gain":0.0,"event_name":"Duplicator","player_choice":"Copied","floor":37.0,"gold_loss":0.0,"damage_taken":0.0,"cards_obtained":["Battle Trance"]},{"damage_healed":0,"gold_gain":0,"player_choice":"Max HP","damage_taken":0,"max_hp_gain":0,"max_hp_loss":5,"event_name":"Winding Halls","floor":45,"gold_loss":0},{"damage_healed":0,"gold_gain":0,"player_choice":"Ignored","damage_taken":0,"max_hp_gain":0,"max_hp_loss":0,"event_name":"NoteForYourself","floor":46,"gold_loss":0},{"damage_healed":0,"gold_gain":0,"player_choice":"Ignored","damage_taken":0,"max_hp_gain":0,"max_hp_loss":0,"event_name":"SecretPortal","floor":48,"gold_loss":0}],"is_beta":false,"boss_relics":[{"not_picked":["Coffee Dripper","Orrery"],"picked":"Philosopher\u0027s Stone"},{"not_picked":["Black Blood","Eternal Feather"],"picked":"Busted Crown"}],"items_purged_floors":[28],"is_endless":false,"potions_floor_spawned":[1,11,16,20,23,25,27,31,33,39,42],"ascension_level":0}