{"gold_per_floor":[116,133,148,148,148,148,180,180,180,207,224,224,239,253,253,330,330,345,50,50,0,14,14,29,58,107,107,107,107,123,123],"floor_reached":31,"playtime":1292,"items_purged":["Strike_R","Strike_R"],"score":490,"play_id":"c9a0e4d9-b7c1-4bef-87dd-8954212a46cb","local_time":"20190627191838","is_ascension_mode":true,"campfire_choices":[{"data":"Hemokinesis","floor":6.0,"key":"SMITH"},{"data":"Anger","floor":8.0,"key":"SMITH"},{"data":"Flame Barrier","floor":12.0,"key":"SMITH"},{"data":"Pommel Strike","floor":15.0,"key":"SMITH"},{"floor":23.0,"key":"REST"},{"floor":27,"key":"REST"},{"data":"Demon Form","floor":29,"key":"SMITH"}],"neow_cost":"NONE","seed_source_timestamp":642433290272221,"circlet_count":0,"master_deck":["AscendersBane","Strike_R","Strike_R","Strike_R","Defend_R","Defend_R","Defend_R","Defend_R","Bash+1","Hemokinesis+1","Flame Barrier+1","Anger+1","Evolve","Intimidate","Pommel Strike+1","Demon Form+1","Sword Boomerang","Seeing Red+1"],"special_seed":0,"relics":["Burning Blood","Magic Flower","Gambling Chip","Nunchaku","Smiling Mask","Black Star","Regal Pillow","MutagenicStrength","Red Skull","Vajra","Dream Catcher"],"potions_floor_usage":[31],"damage_taken":[{"damage":7.0,"enemies":"Small Slimes","floor":1.0,"turns":5.0},{"damage":2.0,"enemies":"2 Louse","floor":2.0,"turns":4.0},{"damage":3.0,"enemies":"Cultist","floor":3.0,"turns":3.0},{"damage":32.0,"enemies":"Lagavulin","floor":7.0,"turns":5.0},{"damage":10.0,"enemies":"Gremlin Nob","floor":10.0,"turns":3.0},{"damage":2.0,"enemies":"Red Slaver","floor":11.0,"turns":1.0},{"damage":5.0,"enemies":"Blue Slaver","floor":13.0,"turns":3.0},{"damage":6.0,"enemies":"Looter","floor":14.0,"turns":3.0},{"damage":61.0,"enemies":"Hexaghost","floor":16.0,"turns":10.0},{"damage":51.0,"enemies":"Shell Parasite","floor":18.0,"turns":7.0},{"damage":2.0,"enemies":"Chosen","floor":22.0,"turns":4.0},{"damage":20.0,"enemies":"Snecko","floor":24.0,"turns":7.0},{"damage":50,"enemies":"Slavers","floor":25,"turns":7},{"damage":23,"enemies":"Snake Plant","floor":30,"turns":4},{"damage":51,"enemies":"Book of Stabbing","floor":31,"turns":4}],"seed_played":"6834998431991603406","potions_obtained":[{"floor":3.0,"key":"LiquidBronze"},{"floor":10.0,"key":"Explosive Potion"},{"floor":11.0,"key":"Strength Potion"},{"floor":22.0,"key":"Strength Potion"}],"is_trial":false,"path_per_floor":["M","M","M","?","?","R","E","R","T","E","M","R","M","M","R","B",null,"M","$","?","$","M","R","M","E","T","R","?","R","M","E"],"character_chosen":"IRONCLAD","items_purchased":["Regen Potion","Regal Pillow"],"campfire_rested":2,"item_purchase_floors":[19,19],"current_hp_per_floor":[67,71,74,74,74,74,51,51,51,50,57,57,61,64,64,12,59,17,17,17,17,43,75,64,23,23,60,60,60,46,0],"gold":123,"neow_bonus":"UPGRADE_CARD","is_prod":false,"is_daily":false,"chose_seed":false,"campfire_upgraded":5,"win_rate":0,"timestamp":1561677518,"path_taken":["M","M","M","?","?","R","E","R","T","E","M","R","M","?","R","BOSS","M","$","?","$","M","R","M","E","T","R","?","R","M","E"],"build_version":"2019-01-23","purchased_purges":2,"victory":false,"max_hp_per_floor":[75,75,75,75,75,75,75,75,75,75,75,75,75,75,75,75,75,75,75,75,75,75,75,75,75,75,75,75,75,75,75],"card_choices":[{"not_picked":["Havoc","Perfected Strike"],"picked":"Warcry","floor":1.0},{"not_picked":["Burning Pact","Thunderclap"],"picked":"Hemokinesis","floor":2.0},{"not_picked":["Cleave","Iron Wave"],"picked":"Flame Barrier","floor":3.0},{"not_picked":["Dark Embrace","Headbutt"],"picked":"Anger","floor":7.0},{"not_picked":["Feel No Pain","Searing Blow"],"picked":"Evolve","floor":10.0},{"not_picked":["Anger","Infernal Blade"],"picked":"Intimidate","floor":11.0},{"not_picked":["Warcry","Havoc","Twin Strike"],"picked":"SKIP","floor":13.0},{"not_picked":["Uppercut","Headbutt"],"picked":"Pommel Strike","floor":14.0},{"not_picked":["Bludgeon","Limit Break"],"picked":"Demon Form","floor":16.0},{"not_picked":["Burning Pact","Clothesline","Dual Wield"],"picked":"SKIP","floor":18.0},{"not_picked":["Thunderclap","True Grit"],"picked":"Sword Boomerang","floor":22.0},{"not_picked":["Hemokinesis","Evolve","Headbutt"],"picked":"SKIP","floor":24.0},{"not_picked":["Headbutt+1","Anger","Burning Pact"],"picked":"SKIP","floor":25},{"not_picked":["Clash","Body Slam"],"picked":"Seeing Red+1","floor":27},{"not_picked":["Carnage","Second Wind","Infernal Blade"],"picked":"SKIP","floor":30}],"player_experience":1066085,"relics_obtained":[{"floor":7.0,"key":"Gambling Chip"},{"floor":9.0,"key":"Nunchaku"},{"floor":10.0,"key":"Smiling Mask"},{"floor":25,"key":"Red Skull"},{"floor":25,"key":"Vajra"},{"floor":26,"key":"Dream Catcher"}],"event_choices":[{"damage_healed":0.0,"max_hp_gain":0.0,"max_hp_loss":0.0,"gold_gain":0.0,"event_name":"Liars Game","player_choice":"Ignored","floor":4.0,"gold_loss":0.0,"damage_taken":0.0},{"cards_removed":["Warcry"],"damage_healed":0.0,"max_hp_gain":0.0,"max_hp_loss":0.0,"gold_gain":0.0,"event_name":"WeMeetAgain","player_choice":"Gave Card","floor":5.0,"gold_loss":0.0,"damage_taken":0.0,"relics_obtained":["Magic Flower"]},{"damage_healed":0.0,"max_hp_gain":0.0,"max_hp_loss":0.0,"gold_gain":0.0,"event_name":"Drug Dealer","player_choice":"Inject Mutagens","floor":20.0,"gold_loss":0.0,"damage_taken":0.0,"relics_obtained":["MutagenicStrength"]},{"damage_healed":0,"gold_gain":0,"player_choice":"Ignored","damage_taken":0,"max_hp_gain":0,"max_hp_loss":0,"event_name":"The Mausoleum","floor":28,"gold_loss":0}],"is_beta":false,"boss_relics":[{"not_picked":["Busted Crown","Coffee Dripper"],"picked":"Black Star"}],"items_purged_floors":[19,21],"is_endless":false,"potions_floor_spawned":[3,10,11,13,16,22,24],"killed_by":"Book of Stabbing","ascension_level":17}