{"gold_per_floor":[111,11,11,11,24,24,59,59,59,85,85,85,115,129,129,200,200,218,20,55,55,71,101,101,101,101,132,132,57,83,96,96,173,173,184,184,202,212,53,87,87,106,106,133,149,249,249,274,274,274,274,274,5,34,34],"floor_reached":56,"playtime":3867,"items_purged":["Strike_R"],"score":2500,"play_id":"f1246f34-cf4c-4be1-9adc-9a24f7a2cc82","local_time":"20190612001422","is_ascension_mode":true,"campfire_choices":[{"data":"Bash","floor":6.0,"key":"SMITH"},{"data":"Clothesline","floor":8.0,"key":"SMITH"},{"floor":11.0,"key":"REST"},{"data":"Shockwave","floor":15.0,"key":"SMITH"},{"data":"Juggernaut","floor":24.0,"key":"SMITH"},{"data":"Burning Pact","floor":28.0,"key":"SMITH"},{"data":"Metallicize","floor":32.0,"key":"SMITH"},{"data":"Demon Form","floor":41.0,"key":"SMITH"},{"floor":49.0,"key":"RECALL"},{"data":"True Grit","floor":52.0,"key":"SMITH"}],"neow_cost":"NONE","seed_source_timestamp":954037145945302,"circlet_count":0,"master_deck":["AscendersBane","Strike_R","Defend_R","Defend_R","Defend_R","Defend_R","Bash+1","Clothesline+1","Shrug It Off","Heavy Blade","Juggernaut+1","Shockwave+1","Metallicize+1","Shrug It Off","Impervious","Clothesline","Impervious","Corruption","Burning Pact+1","Second Wind","Sentinel","Shrug It Off","Barricade","Power Through+1","True Grit+1","Whirlwind","Demon Form+1","Carnage","Power Through+1","Dark Shackles","Dark Shackles","Shrug It Off+1","Feel No Pain","Clothesline+1"],"special_seed":0,"relics":["Snecko Eye","Strawberry","Pocketwatch","Pantograph","Singing Bowl","Regal Pillow","Coffee Dripper","DollysMirror","Red Mask","FossilizedHelix","Bottled Lightning","Orichalcum","Red Skull","Mark of Pain","Pear","Potion Belt","Champion Belt","Prayer Wheel","Bronze Scales","Self Forming Clay"],"potions_floor_usage":[55,55,55],"damage_taken":[{"damage":9.0,"enemies":"Jaw Worm","floor":1.0,"turns":3.0},{"damage":8.0,"enemies":"2 Louse","floor":5.0,"turns":2.0},{"damage":5.0,"enemies":"Lagavulin","floor":7.0,"turns":6.0},{"damage":9.0,"enemies":"3 Sentries","floor":10.0,"turns":6.0},{"damage":30.0,"enemies":"Lagavulin","floor":13.0,"turns":4.0},{"damage":0.0,"enemies":"Cultist","floor":14.0,"turns":3.0},{"damage":17.0,"enemies":"Slime Boss","floor":16.0,"turns":7.0},{"damage":12.0,"enemies":"2 Thieves","floor":18.0,"turns":3.0},{"damage":31.0,"enemies":"Masked Bandits","floor":20.0,"turns":7.0},{"damage":0.0,"enemies":"Spheric Guardian","floor":22.0,"turns":4.0},{"damage":0.0,"enemies":"Slavers","floor":23.0,"turns":5.0},{"damage":0.0,"enemies":"Book of Stabbing","floor":27.0,"turns":4.0},{"damage":0.0,"enemies":"Gremlin Leader","floor":30.0,"turns":5.0},{"damage":0.0,"enemies":"Chosen and Byrds","floor":31.0,"turns":3.0},{"damage":18.0,"enemies":"Champ","floor":33.0,"turns":9.0},{"damage":0.0,"enemies":"Orb Walker","floor":35.0,"turns":4.0},{"damage":0.0,"enemies":"3 Shapes","floor":37.0,"turns":5.0},{"damage":0.0,"enemies":"Spire Growth","floor":38.0,"turns":5.0},{"damage":0.0,"enemies":"Giant Head","floor":40.0,"turns":7.0},{"damage":0.0,"enemies":"Maw","floor":42.0,"turns":6.0},{"damage":0.0,"enemies":"Nemesis","floor":44.0,"turns":7.0},{"damage":0.0,"enemies":"4 Shapes","floor":45.0,"turns":4.0},{"damage":0.0,"enemies":"Mind Bloom Boss Battle","floor":46.0,"turns":5.0},{"damage":0.0,"enemies":"Giant Head","floor":48.0,"turns":7.0},{"damage":0.0,"enemies":"Donu and Deca","floor":50.0,"turns":7.0},{"damage":0.0,"enemies":"Shield and Spear","floor":54.0,"turns":6.0},{"damage":0,"enemies":"The Heart","floor":55,"turns":10}],"seed_played":"376632339862331809","potions_obtained":[{"floor":1.0,"key":"FearPotion"},{"floor":14.0,"key":"Regen Potion"},{"floor":27.0,"key":"Weak Potion"},{"floor":35.0,"key":"Regen Potion"},{"floor":37.0,"key":"Fruit Juice"},{"floor":45.0,"key":"SteroidPotion"},{"floor":48.0,"key":"Ancient Potion"}],"is_trial":false,"path_per_floor":["M","$","?","T","M","R","E","R","T","E","R","?","E","M","R","B",null,"M","$","?","?","M","E","R","?","T","E","R","?","E","M","R","B",null,"M","?","M","M","$","E","R","M","T","E","M","?","?","E","R","B",null,"R","$","E","B",null],"character_chosen":"IRONCLAD","items_purchased":["Shrug It Off","DollysMirror","Demon Form","Bronze Scales","Feel No Pain","Dexterity Potion"],"campfire_rested":1,"item_purchase_floors":[2,19,39,53,53,53],"current_hp_per_floor":[59,59,59,66,58,58,53,53,53,44,68,68,38,38,38,46,73,61,61,42,42,42,42,42,42,42,44,44,44,46,48,48,55,80,80,80,85,85,85,97,97,97,97,99,101,105,97,97,97,107,107,107,107,107,107],"gold":34,"neow_bonus":"BOSS_RELIC","is_prod":false,"is_daily":false,"chose_seed":false,"campfire_upgraded":8,"win_rate":0,"timestamp":1560291262,"path_taken":["M","$","?","?","M","R","E","R","T","E","R","?","E","?","R","BOSS","M","$","?","?","M","E","R","?","T","E","R","?","E","M","R","BOSS","M","?","M","M","$","E","R","M","T","E","M","?","?","E","R","BOSS","R","$","E","BOSS"],"build_version":"2019-01-23","purchased_purges":1,"victory":true,"max_hp_per_floor":[75,75,75,82,82,82,82,82,82,82,82,82,82,82,82,82,82,82,82,82,82,82,82,82,82,82,84,84,84,86,88,88,88,88,88,84,89,89,89,101,101,101,101,103,105,105,107,107,107,107,107,107,107,107,107],"card_choices":[{"not_picked":["Burning Pact","Anger"],"picked":"Clothesline","floor":1.0},{"not_picked":["Dropkick","Thunderclap"],"picked":"Heavy Blade","floor":5.0},{"not_picked":["Perfected Strike","Wild Strike","Thunderclap"],"picked":"SKIP","floor":7.0},{"not_picked":["Thunderclap","Armaments"],"picked":"Juggernaut","floor":10.0},{"not_picked":["Sentinel","Anger"],"picked":"Metallicize","floor":13.0},{"not_picked":["Rupture","Clash"],"picked":"Shrug It Off","floor":14.0},{"not_picked":["Juggernaut","Feed"],"picked":"Impervious","floor":16.0},{"not_picked":["Clash","Twin Strike"],"picked":"Clothesline","floor":18.0},{"not_picked":["Thunderclap","Dropkick"],"picked":"Corruption","floor":20.0},{"not_picked":["Thunderclap","Flex"],"picked":"Sentinel","floor":22.0},{"not_picked":["Heavy Blade","Havoc"],"picked":"Shrug It Off","floor":23.0},{"not_picked":["Cleave","Perfected Strike","Fire Breathing"],"picked":"Singing Bowl","floor":27.0},{"not_picked":["Burning Pact","Heavy Blade","Intimidate+1"],"picked":"Singing Bowl","floor":30.0},{"not_picked":["Sever Soul","Dropkick","Warcry"],"picked":"Singing Bowl","floor":31.0},{"not_picked":["Reaper","Impervious"],"picked":"Barricade","floor":33.0},{"not_picked":["Armaments+1","Fire Breathing"],"picked":"Power Through+1","floor":35.0},{"not_picked":["Wild Strike","Dropkick"],"picked":"True Grit","floor":37.0},{"not_picked":["Cleave","Wild Strike+1"],"picked":"Whirlwind","floor":38.0},{"not_picked":["Intimidate","Warcry","Seeing Red"],"picked":"Singing Bowl","floor":40.0},{"not_picked":["Pommel Strike","Rupture+1"],"picked":"Carnage","floor":42.0},{"not_picked":["Second Wind","Cleave+1","Fire Breathing"],"picked":"Singing Bowl","floor":44.0},{"not_picked":["Pommel Strike+1","Warcry+1","Thunderclap"],"picked":"Singing Bowl","floor":45.0},{"not_picked":["Hemokinesis","Armaments"],"picked":"Power Through+1","floor":46.0},{"not_picked":["Mind Blast","Flash of Steel"],"picked":"Dark Shackles","floor":47.0},{"not_picked":["HandOfGreed","Jack Of All Trades"],"picked":"Dark Shackles","floor":47.0},{"not_picked":["Impatience","Dramatic Entrance","Mind Blast"],"picked":"Singing Bowl","floor":47.0},{"not_picked":["Rupture","Rampage"],"picked":"Shrug It Off+1","floor":48.0},{"not_picked":["Pummel","Spot Weakness+1"],"picked":"Clothesline+1","floor":54.0}],"player_experience":514227,"relics_obtained":[{"floor":4.0,"key":"Strawberry"},{"floor":7.0,"key":"Pocketwatch"},{"floor":9.0,"key":"Pantograph"},{"floor":10.0,"key":"Singing Bowl"},{"floor":13.0,"key":"Regal Pillow"},{"floor":20.0,"key":"Red Mask"},{"floor":23.0,"key":"FossilizedHelix"},{"floor":26.0,"key":"Bottled Lightning"},{"floor":27.0,"key":"Orichalcum"},{"floor":30.0,"key":"Red Skull"},{"floor":40.0,"key":"Pear"},{"floor":44.0,"key":"Potion Belt"},{"floor":46.0,"key":"Champion Belt"},{"floor":48.0,"key":"Prayer Wheel"},{"floor":54.0,"key":"Self Forming Clay"}],"event_choices":[{"damage_healed":0.0,"max_hp_gain":0.0,"max_hp_loss":0.0,"gold_gain":0.0,"event_name":"The Cleric","player_choice":"Leave","floor":3.0,"gold_loss":0.0,"damage_taken":0.0},{"damage_healed":0.0,"max_hp_gain":0.0,"max_hp_loss":0.0,"gold_gain":0.0,"cards_transformed":["Strike_R"],"event_name":"Transmorgrifier","player_choice":"Transformed","floor":12.0,"gold_loss":0.0,"damage_taken":0.0,"cards_obtained":["Shockwave"]},{"damage_healed":0.0,"max_hp_gain":0.0,"max_hp_loss":0.0,"gold_gain":0.0,"event_name":"Masked Bandits","player_choice":"Fought Bandits","floor":20.0,"gold_loss":0.0,"damage_taken":0.0},{"damage_healed":0.0,"max_hp_gain":0.0,"max_hp_loss":0.0,"gold_gain":0.0,"cards_transformed":["Strike_R","Strike_R"],"event_name":"Drug Dealer","player_choice":"Became Test Subject","floor":21.0,"gold_loss":0.0,"damage_taken":0.0,"cards_obtained":["Burning Pact","Second Wind"]},{"damage_healed":0.0,"max_hp_gain":0.0,"max_hp_loss":0.0,"gold_gain":0.0,"event_name":"Forgotten Altar","player_choice":"Smashed Altar","floor":25.0,"gold_loss":0.0,"damage_taken":0.0,"cards_obtained":["Decay"]},{"cards_removed":["Decay"],"damage_healed":0.0,"max_hp_gain":0.0,"max_hp_loss":0.0,"gold_gain":0.0,"event_name":"Beggar","player_choice":"Gave Gold","floor":29.0,"gold_loss":75.0,"damage_taken":0.0},{"damage_healed":0.0,"max_hp_gain":0.0,"max_hp_loss":4.0,"gold_gain":0.0,"event_name":"Winding Halls","player_choice":"Max HP","floor":36.0,"gold_loss":0.0,"damage_taken":0.0},{"damage_healed":0.0,"max_hp_gain":0.0,"max_hp_loss":0.0,"gold_gain":0.0,"event_name":"MindBloom","player_choice":"Fight","floor":46.0,"gold_loss":0.0,"damage_taken":0.0},{"damage_healed":0.0,"max_hp_gain":0.0,"max_hp_loss":0.0,"gold_gain":0.0,"event_name":"SensoryStone","player_choice":"Memory 3","floor":47.0,"gold_loss":0.0,"damage_taken":10.0}],"is_beta":false,"boss_relics":[{"not_picked":["Calling Bell","White Beast Statue"],"picked":"Coffee Dripper"},{"not_picked":["Tiny House","Black Star"],"picked":"Mark of Pain"}],"items_purged_floors":[2],"is_endless":false,"potions_floor_spawned":[1,14,18,27,31,35,37,45,48],"ascension_level":15}