{"gold_per_floor":[114,114,132,132,153,153,192,211,211,211,224,242,260,301,301,429,429,443,353,371,371,371,371,439,439,514,548,378,401,401,414,414,535,535,553,553,250,266,266,601,601,615,666,666,666,999,1017,1031,1031,1031,1031,1031,145,176,176],"floor_reached":56,"playtime":2881,"items_purged":["Defend_R","Decay","Defend_R"],"score":1327,"play_id":"ba62a01e-6615-459e-9046-770c93db49b9","local_time":"20190927231143","is_ascension_mode":false,"campfire_choices":[{"data":"Immolate","floor":6.0,"key":"SMITH"},{"data":"Barricade","floor":10.0,"key":"SMITH"},{"data":"Shrug It Off","floor":15.0,"key":"SMITH"},{"data":"Shockwave","floor":23.0,"key":"SMITH"},{"data":"Shrug It Off","floor":25.0,"key":"SMITH"},{"data":"Good Instincts","floor":30.0,"key":"SMITH"},{"data":"Heavy Blade","floor":32.0,"key":"SMITH"},{"floor":41.0,"key":"RECALL"},{"data":"Brutality","floor":44.0,"key":"SMITH"},{"data":"Juggernaut","floor":49.0,"key":"SMITH"},{"data":"Bash","floor":52.0,"key":"SMITH"}],"neow_cost":"NONE","seed_source_timestamp":1196213555024008,"circlet_count":0,"master_deck":["Defend_R+1","Defend_R","Bash+1","Juggernaut+1","Thunderclap","Spot Weakness","Immolate+1","Barricade+1","Shrug It Off+1","Headbutt","Shrug It Off+1","Feed","Metallicize+1","Shockwave+1","Reaper","Ghostly Armor","Spot Weakness+1","Twin Strike+1","Good Instincts+1","Disarm+1","Heavy Blade+1","Heavy Blade+1","Shrug It Off+1","Brutality+1","True Grit+1","Battle Trance+1","Parasite","Offering","Uppercut+1"],"special_seed":0,"relics":["Burning Blood","Potion Belt","Self Forming Clay","Prayer Wheel","Black Star","Ornamental Fan","Tiny Chest","Mummified Hand","Ancient Tea Set","Pocketwatch","Cursed Key","Paper Frog","DollysMirror","Blood Vial","Old Coin","Mercury Hourglass","Calipers","Magic Flower","StoneCalendar"],"potions_floor_usage":[55,55,55,55],"damage_taken":[{"damage":1.0,"enemies":"Cultist","floor":1.0,"turns":3.0},{"damage":1.0,"enemies":"2 Louse","floor":3.0,"turns":3.0},{"damage":0.0,"enemies":"Small Slimes","floor":5.0,"turns":2.0},{"damage":25.0,"enemies":"Gremlin Nob","floor":7.0,"turns":4.0},{"damage":7.0,"enemies":"2 Fungi Beasts","floor":8.0,"turns":2.0},{"damage":6.0,"enemies":"Exordium Thugs","floor":11.0,"turns":3.0},{"damage":0.0,"enemies":"Gremlin Gang","floor":12.0,"turns":1.0},{"damage":1.0,"enemies":"2 Fungi Beasts","floor":13.0,"turns":2.0},{"damage":4.0,"enemies":"3 Sentries","floor":14.0,"turns":2.0},{"damage":21.0,"enemies":"The Guardian","floor":16.0,"turns":13.0},{"damage":20.0,"enemies":"Chosen","floor":18.0,"turns":8.0},{"damage":11.0,"enemies":"Shell Parasite","floor":20.0,"turns":9.0},{"damage":17.0,"enemies":"Book of Stabbing","floor":24.0,"turns":6.0},{"damage":13.0,"enemies":"Gremlin Leader","floor":27.0,"turns":6.0},{"damage":0.0,"enemies":"3 Cultists","floor":29.0,"turns":4.0},{"damage":0.0,"enemies":"Cultist and Chosen","floor":31.0,"turns":6.0},{"damage":43.0,"enemies":"Automaton","floor":33.0,"turns":11.0},{"damage":7.0,"enemies":"3 Darklings","floor":35.0,"turns":5.0},{"damage":0.0,"enemies":"Orb Walker","floor":38.0,"turns":3.0},{"damage":25.0,"enemies":"Nemesis","floor":40.0,"turns":7.0},{"damage":18.0,"enemies":"Jaw Worm Horde","floor":42.0,"turns":4.0},{"damage":32.0,"enemies":"Spire Growth","floor":47.0,"turns":6.0},{"damage":5.0,"enemies":"Writhing Mass","floor":48.0,"turns":6.0},{"damage":12.0,"enemies":"Time Eater","floor":50.0,"turns":13.0},{"damage":37.0,"enemies":"Shield and Spear","floor":54.0,"turns":11.0},{"damage":43,"enemies":"The Heart","floor":55,"turns":8}],"seed_played":"-866735748621118711","potions_obtained":[{"floor":3.0,"key":"Strength Potion"},{"floor":5.0,"key":"Energy Potion"},{"floor":12.0,"key":"SneckoOil"},{"floor":13.0,"key":"Dexterity Potion"},{"floor":20.0,"key":"PowerPotion"},{"floor":24.0,"key":"Fire Potion"},{"floor":29.0,"key":"Poison Potion"},{"floor":38.0,"key":"Explosive Potion"},{"floor":42.0,"key":"Fire Potion"},{"floor":48.0,"key":"Regen Potion"}],"is_trial":false,"path_per_floor":["M","?","M","?","M","R","E","M","T","R","M","M","M","E","R","B",null,"M","?","M","?","?","R","E","R","T","E","$","M","R","M","R","B",null,"M","T","$","M","?","E","R","M","T","R","?","?","M","M","R","B",null,"R","$","E","B",null],"character_chosen":"IRONCLAD","items_purchased":["Good Instincts","DollysMirror","Offering","BloodPotion","Weak Potion","Mercury Hourglass","Calipers"],"campfire_rested":0,"item_purchase_floors":[28,37,53,53,53,53,53],"current_hp_per_floor":[80,60,65,65,71,71,52,51,51,51,51,57,62,64,64,49,80,69,69,67,67,67,67,71,71,71,89,89,89,89,92,92,77,95,95,95,95,98,98,98,98,94,94,94,94,94,77,101,101,110,110,110,110,113,87],"gold":176,"neow_bonus":"ONE_RANDOM_RARE_CARD","is_prod":false,"is_daily":false,"chose_seed":false,"campfire_upgraded":10,"win_rate":0,"timestamp":1569640303,"path_taken":["M","?","M","?","M","R","E","M","T","R","M","?","M","E","R","BOSS","M","?","?","?","?","R","E","R","T","E","$","M","R","M","R","BOSS","M","?","$","M","?","E","R","?","T","R","?","?","?","M","R","BOSS","R","$","E","BOSS"],"build_version":"2019-07-17","purchased_purges":3,"victory":true,"max_hp_per_floor":[80,80,80,80,80,80,80,80,80,80,80,80,80,80,80,80,80,83,83,86,86,86,86,86,86,86,89,89,89,89,92,92,95,95,95,95,95,98,98,98,98,101,101,101,101,101,104,107,107,110,110,110,110,113,113],"card_choices":[{"not_picked":["True Grit","Perfected Strike"],"picked":"Thunderclap","floor":1.0},{"not_picked":["Clash","Armaments"],"picked":"Spot Weakness","floor":3.0},{"not_picked":["Searing Blow","Twin Strike"],"picked":"Immolate","floor":5.0},{"not_picked":["Headbutt","Double Tap"],"picked":"Barricade","floor":7.0},{"not_picked":["Dual Wield","Clash"],"picked":"Shrug It Off","floor":8.0},{"not_picked":["Perfected Strike","Sever Soul","Warcry"],"picked":"SKIP","floor":11.0},{"not_picked":["Pommel Strike","Reckless Charge"],"picked":"Headbutt","floor":12.0},{"not_picked":["Heavy Blade","Pommel Strike","Wild Strike"],"picked":"SKIP","floor":13.0},{"not_picked":["Flex","Rampage"],"picked":"Shrug It Off","floor":14.0},{"not_picked":["Berserk","Immolate"],"picked":"Feed","floor":16.0},{"not_picked":["Sword Boomerang+1","Cleave+1"],"picked":"Metallicize","floor":18.0},{"not_picked":["Body Slam","True Grit"],"picked":"Shockwave","floor":18.0},{"not_picked":["Clash+1","Sword Boomerang","Cleave"],"picked":"SKIP","floor":20.0},{"not_picked":["Sever Soul","Second Wind","Headbutt"],"picked":"SKIP","floor":20.0},{"not_picked":["Heavy Blade","Sever Soul"],"picked":"Spot Weakness+1","floor":24.0},{"not_picked":["Double Tap","Inflame"],"picked":"Twin Strike+1","floor":27.0},{"not_picked":["Rupture","Reckless Charge"],"picked":"Disarm+1","floor":29.0},{"not_picked":["Infernal Blade+1","Shockwave","True Grit"],"picked":"SKIP","floor":29.0},{"not_picked":["Blood for Blood","Shockwave+1"],"picked":"Heavy Blade","floor":31.0},{"not_picked":["Pummel","Searing Blow+1","Wild Strike"],"picked":"SKIP","floor":31.0},{"not_picked":["Rage","Infernal Blade+1"],"picked":"Heavy Blade+1","floor":35.0},{"not_picked":["Blood for Blood+1","Cleave","Uppercut+1"],"picked":"SKIP","floor":35.0},{"not_picked":["Havoc","Anger"],"picked":"Feel No Pain","floor":38.0},{"not_picked":["Heavy Blade+1","Clash","Iron Wave+1"],"picked":"SKIP","floor":38.0},{"not_picked":["Wild Strike","Clash"],"picked":"Brutality","floor":40.0},{"not_picked":["Wild Strike+1","Perfected Strike"],"picked":"True Grit+1","floor":42.0},{"not_picked":["Feel No Pain+1","Battle Trance+1","Havoc"],"picked":"SKIP","floor":42.0},{"not_picked":["Feel No Pain+1","Havoc"],"picked":"Battle Trance+1","floor":42.0},{"not_picked":["Warcry","Feed","Sentinel"],"picked":"SKIP","floor":47.0},{"not_picked":["Battle Trance","Sword Boomerang+1","Carnage+1"],"picked":"SKIP","floor":47.0},{"not_picked":["Twin Strike","Anger","Thunderclap"],"picked":"SKIP","floor":48.0},{"not_picked":["Thunderclap+1","Cleave","True Grit+1"],"picked":"SKIP","floor":48.0},{"not_picked":["Clothesline+1","True Grit+1"],"picked":"Uppercut+1","floor":54.0}],"player_experience":1323723,"relics_obtained":[{"floor":7.0,"key":"Potion Belt"},{"floor":9.0,"key":"Self Forming Clay"},{"floor":14.0,"key":"Prayer Wheel"},{"floor":24.0,"key":"Ornamental Fan"},{"floor":24.0,"key":"Tiny Chest"},{"floor":26.0,"key":"Mummified Hand"},{"floor":27.0,"key":"Ancient Tea Set"},{"floor":27.0,"key":"Pocketwatch"},{"floor":36.0,"key":"Paper Frog"},{"floor":40.0,"key":"Blood Vial"},{"floor":40.0,"key":"Old Coin"},{"floor":54.0,"key":"Magic Flower"},{"floor":54.0,"key":"StoneCalendar"}],"event_choices":[{"damage_healed":0.0,"max_hp_gain":0.0,"max_hp_loss":0.0,"gold_gain":0.0,"event_name":"Golden Idol","player_choice":"Take Damage","floor":2.0,"gold_loss":0.0,"damage_taken":20.0,"relics_obtained":["Golden Idol"]},{"cards_removed":["Strike_R"],"damage_healed":0.0,"max_hp_gain":0.0,"max_hp_loss":0.0,"gold_gain":0.0,"event_name":"Bonfire Elementals","player_choice":"Offered Basic","floor":4.0,"gold_loss":0.0,"damage_taken":0.0},{"cards_removed":["Strike_R"],"damage_healed":0.0,"max_hp_gain":0.0,"max_hp_loss":0.0,"gold_gain":0.0,"event_name":"Designer","player_choice":"Upgrade and Remove","floor":19.0,"gold_loss":90.0,"damage_taken":0.0,"cards_upgraded":["Defend_R"]},{"damage_healed":0.0,"max_hp_gain":0.0,"max_hp_loss":0.0,"gold_gain":0.0,"cards_transformed":["Strike_R","Strike_R"],"event_name":"Drug Dealer","player_choice":"Became Test Subject","floor":21.0,"gold_loss":0.0,"damage_taken":0.0,"cards_obtained":["Reaper","Ghostly Armor"]},{"cards_removed":["Strike_R"],"damage_healed":0.0,"max_hp_gain":0.0,"max_hp_loss":0.0,"gold_gain":0.0,"event_name":"Purifier","player_choice":"Purged","floor":22.0,"gold_loss":0.0,"damage_taken":0.0},{"damage_healed":0.0,"max_hp_gain":0.0,"max_hp_loss":0.0,"gold_gain":0.0,"event_name":"Accursed Blacksmith","player_choice":"Forge","floor":39.0,"gold_loss":0.0,"damage_taken":0.0,"cards_upgraded":["Metallicize"]},{"cards_removed":["Feel No Pain"],"damage_healed":0.0,"max_hp_gain":0.0,"max_hp_loss":0.0,"gold_gain":0.0,"event_name":"Falling","player_choice":"Removed Power","floor":45.0,"gold_loss":0.0,"damage_taken":0.0},{"damage_healed":0.0,"max_hp_gain":0.0,"max_hp_loss":0.0,"gold_gain":333.0,"event_name":"The Moai Head","player_choice":"Gave Idol","floor":46.0,"relics_lost":["Golden Idol"],"gold_loss":0.0,"damage_taken":0.0}],"is_beta":false,"boss_relics":[{"not_picked":["Runic Dome","Tiny House"],"picked":"Black Star"},{"not_picked":["Philosopher\u0027s Stone","Astrolabe"],"picked":"Cursed Key"}],"items_purged_floors":[28,37,53],"is_endless":false,"potions_floor_spawned":[3,5,12,13,20,24,29,38,42,48],"ascension_level":0}