{"gold_per_floor":[110,69,69,86,86,86,99,99,126,146,162,197,197,226,226,321,321,334,352,363,363,363,397,80,80,80,80,80,97,117,127,127,228,228,244,1243,463,481,481,516,534,163,211,222,132,163,181,181,181,181,181,181,33,60,60],"floor_reached":55,"playtime":4895,"items_purged":["Strike_G","Normality","Normality"],"score":812,"play_id":"e056cba0-383a-4895-af2d-17a9dabde55d","local_time":"20181227202400","is_ascension_mode":false,"campfire_choices":[{"data":"Footwork","floor":6.0,"key":"SMITH"},{"data":"Dagger Spray","floor":8.0,"key":"SMITH"},{"data":"Poisoned Stab","floor":13.0,"key":"SMITH"},{"data":"Bouncing Flask","floor":15.0,"key":"SMITH"},{"floor":27.0,"key":"RECALL"},{"floor":32.0,"key":"REST"},{"floor":49,"key":"REST"},{"floor":52,"key":"REST"}],"neow_cost":"NONE","seed_source_timestamp":609634732976141,"circlet_count":0,"master_deck":["Defend_G","Defend_G","Defend_G","Strike_G+1","Survivor","Neutralize","PiercingWail","Footwork+1","Backstab","Dagger Spray+1","Bouncing Flask+1","Poisoned Stab+1","Blur","Dodge and Roll+1","Corpse Explosion","Distraction+1","Sucker Punch+1","Blur","Outmaneuver","Burst","Prepared+1","Adrenaline","Bane+1","Skewer+1","Secret Technique","Acrobatics+1","Backflip","Backflip","Catalyst","Glass Knife","Deflect+1"],"special_seed":0,"relics":["Ring of the Snake","Blood Vial","Letter Opener","Dream Catcher","Fusion Hammer","Pantograph","Matryoshka","Gremlin Horn","Ornamental Fan","Philosopher\u0027s Stone","Paper Crane","TwistedFunnel","Sundial","Shuriken","Pen Nib","Art of War","Snake Skull","Whetstone","Dodecahedron"],"potions_floor_usage":[55,55,55],"damage_taken":[{"damage":1.0,"enemies":"Jaw Worm","floor":1.0,"turns":6.0},{"damage":8.0,"enemies":"2 Louse","floor":4.0,"turns":4.0},{"damage":0.0,"enemies":"Cultist","floor":7.0,"turns":4.0},{"damage":3.0,"enemies":"Gremlin Gang","floor":10.0,"turns":5.0},{"damage":0.0,"enemies":"2 Fungi Beasts","floor":11.0,"turns":2.0},{"damage":20.0,"enemies":"3 Sentries","floor":12.0,"turns":6.0},{"damage":21.0,"enemies":"Lagavulin","floor":14.0,"turns":7.0},{"damage":2.0,"enemies":"Hexaghost","floor":16.0,"turns":8.0},{"damage":2.0,"enemies":"Chosen","floor":18.0,"turns":4.0},{"damage":0.0,"enemies":"Spheric Guardian","floor":19.0,"turns":3.0},{"damage":1.0,"enemies":"Shelled Parasite and Fungi","floor":20.0,"turns":5.0},{"damage":8.0,"enemies":"Slavers","floor":23.0,"turns":3.0},{"damage":0.0,"enemies":"3 Cultists","floor":29.0,"turns":3.0},{"damage":12.0,"enemies":"Snecko","floor":30.0,"turns":5.0},{"damage":0.0,"enemies":"Chosen and Byrds","floor":31.0,"turns":5.0},{"damage":23.0,"enemies":"Collector","floor":33.0,"turns":8.0},{"damage":0.0,"enemies":"3 Darklings","floor":35.0,"turns":3.0},{"damage":0.0,"enemies":"3 Shapes","floor":38.0,"turns":2.0},{"damage":2.0,"enemies":"Giant Head","floor":40.0,"turns":6.0},{"damage":0,"enemies":"Writhing Mass","floor":41,"turns":6},{"damage":0,"enemies":"Maw","floor":44,"turns":6},{"damage":0,"enemies":"Reptomancer","floor":46,"turns":5},{"damage":0,"enemies":"3 Darklings","floor":47,"turns":1},{"damage":11,"enemies":"Time Eater","floor":50,"turns":11},{"damage":57,"enemies":"Shield and Spear","floor":54,"turns":4},{"damage":37,"enemies":"The Heart","floor":55,"turns":9}],"seed_played":"-3180070371169372432","potions_obtained":[{"floor":1.0,"key":"Dexterity Potion"},{"floor":7.0,"key":"LiquidBronze"},{"floor":12.0,"key":"GamblersBrew"},{"floor":16.0,"key":"Fire Potion"},{"floor":23.0,"key":"Energy Potion"},{"floor":29.0,"key":"SteroidPotion"},{"floor":30.0,"key":"Ancient Potion"},{"floor":31.0,"key":"GhostInAJar"}],"is_trial":false,"path_per_floor":["M","$","?","M","?","R","M","R","T","M","M","E","R","E","R","B",null,"M","M","M","?","?","E","$","?","T","R","$","M","M","M","R","B",null,"M","?","$","M","?","E","M","$","T","M","?","E","M","?","R","B",null,"R","$","E","B"],"character_chosen":"THE_SILENT","items_purchased":["Footwork","Matryoshka","Paper Crane","Skewer","Secret Technique","TwistedFunnel","Shuriken","Whetstone"],"campfire_rested":3,"item_purchase_floors":[2,24,37,37,37,37,42,53],"current_hp_per_floor":[69,69,62,56,56,56,58,58,58,57,59,41,41,22,22,22,70,68,70,69,69,69,62,62,62,62,62,62,64,54,56,70,47,70,70,70,70,70,70,68,70,70,70,70,70,70,70,66,66,55,66,66,66,9,0],"gold":60,"neow_bonus":"RANDOM_COMMON_RELIC","is_prod":false,"is_daily":false,"chose_seed":false,"campfire_upgraded":4,"win_rate":0,"timestamp":1545960240,"path_taken":["M","$","?","M","?","R","M","R","T","?","M","E","R","E","R","BOSS","M","?","M","?","?","E","$","?","T","R","$","M","M","?","R","BOSS","M","?","$","M","?","E","M","$","T","M","?","E","?","?","R","BOSS","R","$","E","BOSS"],"build_version":"2018-12-20","purchased_purges":3,"victory":false,"max_hp_per_floor":[70,70,70,70,70,70,70,70,70,70,70,70,70,70,70,70,70,70,70,70,70,70,70,70,70,70,70,70,70,70,70,70,70,70,70,70,70,70,70,70,70,70,70,70,70,70,70,66,66,66,66,66,66,66,66],"card_choices":[{"not_picked":["Noxious Fumes","Tactician"],"picked":"PiercingWail","floor":1.0},{"not_picked":["Underhanded Strike","Poisoned Stab"],"picked":"Backstab","floor":4.0},{"not_picked":["Reflex","Sucker Punch"],"picked":"Dagger Spray","floor":7.0},{"not_picked":["Choke","Prepared"],"picked":"Bouncing Flask","floor":10.0},{"not_picked":["Endless Agony","Predator"],"picked":"Poisoned Stab","floor":11.0},{"not_picked":["Leg Sweep","Grand Finale"],"picked":"Blur","floor":12.0},{"not_picked":["Dash","Deadly Poison"],"picked":"Dodge and Roll","floor":14.0},{"not_picked":["Die Die Die","Envenom"],"picked":"Corpse Explosion","floor":16.0},{"not_picked":["Dagger Spray","Cloak And Dagger","Deadly Poison"],"picked":"SKIP","floor":18.0},{"not_picked":["Slice","Backflip"],"picked":"Distraction+1","floor":19.0},{"not_picked":["Terror","Backflip"],"picked":"Sucker Punch+1","floor":20.0},{"not_picked":["Quick Slash+1","Sucker Punch+1","Underhanded Strike"],"picked":"SKIP","floor":23.0},{"not_picked":["Crippling Poison+1","Bane+1","Slice"],"picked":"SKIP","floor":29.0},{"not_picked":["Distraction","Outmaneuver","Blur"],"picked":"SKIP","floor":30.0},{"not_picked":["Dagger Throw","Caltrops"],"picked":"Burst","floor":31.0},{"not_picked":["Slice+1","Dodge and Roll"],"picked":"Prepared+1","floor":32.0},{"not_picked":["Envenom","Bullet Time"],"picked":"Adrenaline","floor":33.0},{"not_picked":["Dash+1","Sucker Punch"],"picked":"Bane+1","floor":35.0},{"not_picked":["Prepared+1","Reflex"],"picked":"Acrobatics+1","floor":38.0},{"not_picked":["Underhanded Strike+1","Cloak And Dagger+1"],"picked":"Backflip","floor":40.0},{"not_picked":["PiercingWail","Venomology","Dagger Throw+1"],"picked":"SKIP","floor":41},{"not_picked":["Dagger Throw","Bane"],"picked":"Backflip","floor":44},{"not_picked":["Quick Slash+1","Cloak And Dagger"],"picked":"Catalyst","floor":46},{"not_picked":["Blade Dance+1","Dagger Spray"],"picked":"Glass Knife","floor":47},{"not_picked":["Bane","Flying Knee+1"],"picked":"Deflect+1","floor":49},{"not_picked":["Outmaneuver","Slice","Underhanded Strike+1"],"picked":"SKIP","floor":54}],"player_experience":601929,"relics_obtained":[{"floor":12.0,"key":"Letter Opener"},{"floor":14.0,"key":"Dream Catcher"},{"floor":23.0,"key":"Pantograph"},{"floor":26.0,"key":"Gremlin Horn"},{"floor":26.0,"key":"Ornamental Fan"},{"floor":40.0,"key":"Sundial"},{"floor":43,"key":"Pen Nib"},{"floor":43,"key":"Art of War"},{"floor":46,"key":"Snake Skull"},{"floor":54,"key":"Dodecahedron"}],"event_choices":[{"cards_removed":["Defend_G"],"damage_healed":0.0,"max_hp_gain":0.0,"max_hp_loss":0.0,"gold_gain":0.0,"event_name":"Golden Wing","player_choice":"Card Removal","floor":3.0,"gold_loss":0.0,"damage_taken":7.0},{"cards_removed":["Strike_G"],"damage_healed":0.0,"max_hp_gain":0.0,"max_hp_loss":0.0,"gold_gain":0.0,"event_name":"Purifier","player_choice":"Purged","floor":5.0,"gold_loss":0.0,"damage_taken":0.0},{"damage_healed":0.0,"max_hp_gain":0.0,"max_hp_loss":0.0,"gold_gain":0.0,"cards_transformed":["Strike_G","Strike_G"],"event_name":"Drug Dealer","player_choice":"Became Test Subject","floor":21.0,"gold_loss":0.0,"damage_taken":0.0,"cards_obtained":["Blur","Outmaneuver"]},{"damage_healed":0.0,"max_hp_gain":0.0,"max_hp_loss":0.0,"gold_gain":0.0,"event_name":"Ghosts","player_choice":"Ignored","floor":22.0,"gold_loss":0.0,"damage_taken":0.0},{"damage_healed":0.0,"max_hp_gain":0.0,"max_hp_loss":0.0,"gold_gain":0.0,"event_name":"Vampires","player_choice":"Ignored","floor":25.0,"gold_loss":0.0,"damage_taken":0.0},{"damage_healed":0.0,"max_hp_gain":0.0,"max_hp_loss":0.0,"gold_gain":999.0,"event_name":"MindBloom","player_choice":"Gold","floor":36.0,"gold_loss":0.0,"damage_taken":0.0,"cards_obtained":["Normality","Normality"]},{"damage_healed":0.0,"max_hp_gain":0.0,"max_hp_loss":0.0,"gold_gain":0.0,"event_name":"Tomb of Lord Red Mask","player_choice":"Ignored","floor":39.0,"gold_loss":0.0,"damage_taken":0.0},{"cards_removed":["Defend_G"],"damage_healed":0,"gold_gain":0,"player_choice":"Upgrade and Remove","damage_taken":0,"max_hp_gain":0,"max_hp_loss":0,"event_name":"Designer","floor":45,"gold_loss":90,"cards_upgraded":["Dodge and Roll"]},{"damage_healed":0,"gold_gain":0,"player_choice":"Max HP","damage_taken":0,"max_hp_gain":0,"max_hp_loss":4,"event_name":"Winding Halls","floor":48,"gold_loss":0}],"is_beta":false,"boss_relics":[{"not_picked":["Pandora\u0027s Box","Lizard Tail"],"picked":"Fusion Hammer"},{"not_picked":["White Beast Statue","Runic Dome"],"picked":"Philosopher\u0027s Stone"}],"items_purged_floors":[24,37,42],"is_endless":false,"potions_floor_spawned":[1,7,12,16,18,23,29,30,31,33,38,40,47],"killed_by":"The Heart","ascension_level":0}