{"gold_per_floor":[16,34,34,49,75,110,110,124,200,239,239,275,289,439,439,439],"floor_reached":16,"playtime":854,"items_purged":[],"score":298,"play_id":"f4394d9e-0b88-4dbe-80fc-3ca46e729ed5","local_time":"20190816191504","is_ascension_mode":true,"campfire_choices":[{"data":"Zap","floor":7,"key":"SMITH"},{"floor":11,"key":"REST"},{"data":"Reinforced Body","floor":15,"key":"SMITH"}],"neow_cost":"NO_GOLD","seed_source_timestamp":262515426718,"circlet_count":0,"master_deck":["AscendersBane","Strike_B","Strike_B","Strike_B","Strike_B","Defend_B","Defend_B","Defend_B","Defend_B","Zap+1","Dualcast","Hologram","Coolheaded","White Noise","Machine Learning","Coolheaded","Sweeping Beam","Ball Lightning","Reinforced Body+1","Doubt"],"special_seed":0,"relics":["Cracked Core","Bird Faced Urn","Golden Idol","Lantern","Ginger","Mummified Hand","Pocketwatch","Happy Flower"],"potions_floor_usage":[6,13,16],"damage_taken":[{"damage":0,"enemies":"Cultist","floor":1,"turns":4},{"damage":9,"enemies":"Jaw Worm","floor":2,"turns":3},{"damage":3,"enemies":"Small Slimes","floor":4,"turns":4},{"damage":21,"enemies":"Lagavulin","floor":6,"turns":9},{"damage":12,"enemies":"Exordium Wildlife","floor":8,"turns":5},{"damage":14,"enemies":"Gremlin Nob","floor":10,"turns":4},{"damage":21,"enemies":"3 Sentries","floor":12,"turns":6},{"damage":9,"enemies":"3 Louse","floor":13,"turns":2},{"damage":17,"enemies":"Hexaghost","floor":16,"turns":11}],"seed_played":"-90929412625591200","potions_obtained":[{"floor":1,"key":"EssenceOfSteel"},{"floor":6,"key":"EssenceOfSteel"},{"floor":8,"key":"EssenceOfSteel"}],"is_trial":false,"path_per_floor":["M","M","?","M","T","E","R","M","T","E","R","E","M","?","R","B"],"character_chosen":"DEFECT","items_purchased":[],"campfire_rested":1,"item_purchase_floors":[],"current_hp_per_floor":[64,55,55,52,52,33,33,25,25,15,34,17,12,12,12,0],"gold":439,"neow_bonus":"ONE_RARE_RELIC","is_prod":false,"is_daily":false,"chose_seed":false,"campfire_upgraded":2,"win_rate":0,"timestamp":1565975704,"path_taken":["M","?","?","M","?","E","R","?","T","E","R","E","M","?","R","BOSS"],"build_version":"2019-07-17","purchased_purges":0,"victory":false,"max_hp_per_floor":[71,71,64,64,64,64,64,64,64,64,64,64,64,64,64,64],"card_choices":[{"not_picked":["Aggregate","Fusion"],"picked":"Hologram","floor":1},{"not_picked":["Steam","Turbo"],"picked":"Coolheaded","floor":2},{"not_picked":["Blizzard","Chill"],"picked":"White Noise","floor":4},{"not_picked":["Force Field","Streamline"],"picked":"Machine Learning","floor":6},{"not_picked":["FTL","Force Field"],"picked":"Coolheaded","floor":8},{"not_picked":["Beam Cell","Ball Lightning"],"picked":"Sweeping Beam","floor":10},{"not_picked":["Streamline","Compile Driver"],"picked":"Ball Lightning","floor":12},{"not_picked":["Cold Snap","Beam Cell"],"picked":"Reinforced Body","floor":13}],"player_experience":734535,"relics_obtained":[{"floor":5,"key":"Lantern"},{"floor":6,"key":"Ginger"},{"floor":9,"key":"Mummified Hand"},{"floor":10,"key":"Pocketwatch"},{"floor":12,"key":"Happy Flower"}],"event_choices":[{"damage_healed":0,"gold_gain":0,"player_choice":"Lose Max HP","damage_taken":0,"relics_obtained":["Golden Idol"],"max_hp_gain":0,"max_hp_loss":7,"event_name":"Golden Idol","floor":3,"gold_loss":0},{"damage_healed":0,"gold_gain":150,"player_choice":"AGREE","damage_taken":0,"max_hp_gain":0,"max_hp_loss":0,"event_name":"Liars Game","floor":14,"gold_loss":0,"cards_obtained":["Doubt"]}],"is_beta":false,"boss_relics":[],"items_purged_floors":[],"is_endless":false,"potions_floor_spawned":[1,6,8,10],"killed_by":"Hexaghost","ascension_level":15}