{"gold_per_floor":[110,110,260,279,289,289,314,328,355,355,335,335],"floor_reached":12,"playtime":421,"items_purged":[],"score":137,"play_id":"5a8c657c-6320-4610-93a4-3a9fb31d091a","local_time":"20190720115601","is_ascension_mode":true,"campfire_choices":[{"data":"Clothesline","floor":6,"key":"SMITH"},{"data":"Anger","floor":10,"key":"SMITH"}],"neow_cost":"NONE","seed_source_timestamp":787727082542049,"circlet_count":0,"master_deck":["AscendersBane","Strike_R","Strike_R","Strike_R","Strike_R","Defend_R","Defend_R","Defend_R","Defend_R","Bash+1","Clothesline+1","Doubt","Cleave","Twin Strike","Carnage","Anger+1"],"special_seed":0,"relics":["Burning Blood","Strawberry","Centennial Puzzle"],"potions_floor_usage":[8,12],"damage_taken":[{"damage":20.0,"enemies":"Jaw Worm","floor":1.0,"turns":5.0},{"damage":2,"enemies":"Small Slimes","floor":4,"turns":4},{"damage":13,"enemies":"2 Louse","floor":5,"turns":3},{"damage":36,"enemies":"Gremlin Nob","floor":7,"turns":5},{"damage":37,"enemies":"Exordium Thugs","floor":8,"turns":7},{"damage":20,"enemies":"3 Sentries","floor":12,"turns":4}],"seed_played":"-7873239857032477960","potions_obtained":[{"floor":4,"key":"BloodPotion"},{"floor":7,"key":"Energy Potion"},{"floor":11,"key":"FearPotion"}],"is_trial":false,"path_per_floor":["M","?","?","M","M","R","E","M","T","R","?","E"],"character_chosen":"IRONCLAD","items_purchased":[],"campfire_rested":0,"item_purchase_floors":[],"current_hp_per_floor":[54,54,54,58,51,51,28,17,17,17,17,0],"gold":335,"neow_bonus":"UPGRADE_CARD","is_prod":false,"is_daily":false,"chose_seed":false,"campfire_upgraded":2,"win_rate":0,"timestamp":1563616561,"path_taken":["M","?","?","M","M","R","E","M","T","R","?","E"],"build_version":"2019-07-17","purchased_purges":0,"victory":false,"max_hp_per_floor":[75,75,75,75,75,75,82,82,82,82,82,82],"card_choices":[{"not_picked":["Warcry","Body Slam","Rage"],"picked":"SKIP","floor":1.0},{"not_picked":["Bloodletting","Armaments"],"picked":"Cleave","floor":4},{"not_picked":["Thunderclap","Flex"],"picked":"Twin Strike","floor":5},{"not_picked":["Feel No Pain","Twin Strike"],"picked":"Carnage","floor":7},{"not_picked":["Twin Strike","Heavy Blade"],"picked":"Anger","floor":8}],"player_experience":666684,"relics_obtained":[{"floor":7,"key":"Strawberry"},{"floor":9,"key":"Centennial Puzzle"}],"event_choices":[{"damage_healed":0,"gold_gain":0,"cards_transformed":["Strike_R"],"player_choice":"Change","damage_taken":0,"max_hp_gain":0,"max_hp_loss":0,"event_name":"Living Wall","floor":2,"gold_loss":0,"cards_obtained":["Clothesline"]},{"damage_healed":0,"gold_gain":150,"player_choice":"AGREE","damage_taken":0,"max_hp_gain":0,"max_hp_loss":0,"event_name":"Liars Game","floor":3,"gold_loss":0,"cards_obtained":["Doubt"]},{"damage_healed":0,"gold_gain":0,"player_choice":"Bought 1 Potion","damage_taken":0,"max_hp_gain":0,"max_hp_loss":0,"event_name":"The Woman in Blue","floor":11,"gold_loss":0}],"is_beta":false,"boss_relics":[],"items_purged_floors":[],"is_endless":false,"potions_floor_spawned":[4,7],"killed_by":"3 Sentries","ascension_level":15}