{"gold_per_floor":[212,229,304,39,39,74,74,74,98,98,137,155,174,195,195,326,326,349,349,264,288,304,304,318,318,373,373,472,472,486,501,501,606,606,619,634,367,367,377,411,411,423,423,423,440,460,477,503,503,503,503,503,44,71,71],"floor_reached":55,"playtime":2346,"items_purged":["Strike_R","Strike_R"],"score":741,"play_id":"1baa48a9-258a-435f-8d96-5f6bea359ea9","local_time":"20190403213418","is_ascension_mode":false,"campfire_choices":[{"data":"Cleave","floor":7.0,"key":"SMITH"},{"data":"Bash","floor":10.0,"key":"SMITH"},{"data":"Spot Weakness","floor":15.0,"key":"SMITH"},{"data":"Double Tap","floor":23.0,"key":"SMITH"},{"data":"Sword Boomerang","floor":27.0,"key":"SMITH"},{"data":"Twin Strike","floor":29.0,"key":"SMITH"},{"data":"Headbutt","floor":32.0,"key":"SMITH"},{"floor":41.0,"key":"REST"},{"floor":44.0,"key":"RECALL"},{"floor":49.0,"key":"REST"},{"floor":52.0,"key":"REST"}],"neow_cost":"NONE","seed_source_timestamp":450918803405557,"circlet_count":0,"master_deck":["Strike_R","Defend_R","Defend_R","Defend_R","Defend_R","Bash+1","Thunderclap","Ghostly Armor","Cleave+1","Thunderclap","Sword Boomerang+1","Twin Strike+1","Spot Weakness+1","Double Tap+1","Infernal Blade+1","Shrug It Off","Headbutt+1","Offering","Infernal Blade+1","Flame Barrier+1","Secret Technique","Spot Weakness+1","Disarm+1","Rage","Twin Strike+1","Reaper","Rage","Secret Technique","Shockwave+1"],"special_seed":0,"relics":["Burning Blood","Membership Card","Orichalcum","Bloody Idol","Mercury Hourglass","PreservedInsect","Omamori","Lizard Tail","Dodecahedron","Red Skull","Fusion Hammer","Oddly Smooth Stone","Bag of Preparation","Regal Pillow","Ancient Tea Set","Ornamental Fan","Mango","Vajra"],"potions_floor_usage":[55,55,55],"damage_taken":[{"damage":5.0,"enemies":"Jaw Worm","floor":1.0,"turns":4.0},{"damage":0.0,"enemies":"Small Slimes","floor":2.0,"turns":4.0},{"damage":25.0,"enemies":"3 Sentries","floor":6.0,"turns":9.0},{"damage":24.0,"enemies":"Lagavulin","floor":11.0,"turns":4.0},{"damage":0.0,"enemies":"2 Louse","floor":12.0,"turns":1.0},{"damage":0.0,"enemies":"Gremlin Gang","floor":13.0,"turns":2.0},{"damage":3.0,"enemies":"2 Fungi Beasts","floor":14.0,"turns":2.0},{"damage":24.0,"enemies":"Hexaghost","floor":16.0,"turns":9.0},{"damage":4.0,"enemies":"Spheric Guardian","floor":18.0,"turns":3.0},{"damage":12.0,"enemies":"Shell Parasite","floor":21.0,"turns":3.0},{"damage":11.0,"enemies":"Snecko","floor":22.0,"turns":4.0},{"damage":31.0,"enemies":"Snake Plant","floor":24.0,"turns":3.0},{"damage":23.0,"enemies":"Centurion and Healer","floor":30.0,"turns":5.0},{"damage":2.0,"enemies":"Cultist and Chosen","floor":31.0,"turns":3.0},{"damage":69.0,"enemies":"Champ","floor":33.0,"turns":7.0},{"damage":7.0,"enemies":"Orb Walker","floor":35.0,"turns":3.0},{"damage":36.0,"enemies":"3 Darklings","floor":36.0,"turns":5.0},{"damage":7.0,"enemies":"Jaw Worm Horde","floor":39.0,"turns":2.0},{"damage":41.0,"enemies":"Nemesis","floor":40.0,"turns":3.0},{"damage":6.0,"enemies":"Spire Growth","floor":42.0,"turns":3.0},{"damage":22.0,"enemies":"4 Shapes","floor":45.0,"turns":1.0},{"damage":9.0,"enemies":"Jaw Worm Horde","floor":46.0,"turns":2.0},{"damage":0.0,"enemies":"3 Darklings","floor":47.0,"turns":2.0},{"damage":17.0,"enemies":"Reptomancer","floor":48.0,"turns":3.0},{"damage":54.0,"enemies":"Time Eater","floor":50.0,"turns":8.0},{"damage":0.0,"enemies":"Shield and Spear","floor":54.0,"turns":2.0},{"damage":95,"enemies":"The Heart","floor":55,"turns":6}],"seed_played":"-5748751297966320053","potions_obtained":[{"floor":6.0,"key":"FearPotion"},{"floor":12.0,"key":"Block Potion"},{"floor":14.0,"key":"EntropicBrew"},{"floor":21.0,"key":"EssenceOfSteel"},{"floor":22.0,"key":"SkillPotion"},{"floor":36.0,"key":"PowerPotion"},{"floor":48.0,"key":"Dexterity Potion"}],"is_trial":false,"path_per_floor":["M","M","?","$","?","E","R","?","T","R","E","M","M","M","R","B",null,"M","?","?","M","M","R","M","?","T","R","?","R","M","M","R","B",null,"M","M","$","?","M","E","R","M","T","R","M","M","M","E","R","B",null,"R","$","E","B"],"character_chosen":"IRONCLAD","items_purchased":["Membership Card","Orichalcum","Oddly Smooth Stone","Bag of Preparation","Secret Technique","Ornamental Fan","Mango","Rage","Secret Technique"],"campfire_rested":3,"item_purchase_floors":[4,4,37,37,37,53,53,53,53],"current_hp_per_floor":[80,80,69,69,49,30,30,30,30,30,12,18,24,27,27,9,80,80,80,80,74,69,69,44,44,49,49,54,54,42,51,51,35,80,80,55,55,55,59,29,68,73,73,73,62,64,75,69,80,32,80,80,94,94,0],"gold":71,"neow_bonus":"HUNDRED_GOLD","is_prod":false,"is_daily":false,"chose_seed":false,"campfire_upgraded":7,"win_rate":0,"timestamp":1554341658,"path_taken":["M","M","?","$","?","E","R","?","T","R","E","?","M","M","R","BOSS","M","?","?","M","M","R","M","?","T","R","?","R","?","M","R","BOSS","M","M","$","?","M","E","R","?","T","R","M","M","M","E","R","BOSS","R","$","E","BOSS"],"build_version":"2019-01-23","purchased_purges":2,"victory":false,"max_hp_per_floor":[80,80,80,80,80,80,80,80,80,80,80,80,80,80,80,80,80,80,80,80,80,80,80,80,80,80,80,80,80,80,80,80,80,80,80,80,80,80,80,80,80,80,80,80,80,80,80,80,80,80,80,80,94,94,94],"card_choices":[{"not_picked":["True Grit","Armaments"],"picked":"Thunderclap","floor":1.0},{"not_picked":["Reckless Charge","Thunderclap"],"picked":"Ghostly Armor","floor":2.0},{"not_picked":["Entrench","Fire Breathing"],"picked":"Cleave","floor":6.0},{"not_picked":["Dark Embrace","Sever Soul"],"picked":"Thunderclap","floor":11.0},{"not_picked":["Thunderclap","Iron Wave"],"picked":"Sword Boomerang","floor":12.0},{"not_picked":["Pommel Strike","Clothesline"],"picked":"Twin Strike","floor":13.0},{"not_picked":["Combust","Whirlwind"],"picked":"Spot Weakness","floor":14.0},{"not_picked":["Barricade","Brutality"],"picked":"Double Tap","floor":16.0},{"not_picked":["Shrug It Off","Headbutt"],"picked":"Infernal Blade+1","floor":18.0},{"not_picked":["Wild Strike","Searing Blow"],"picked":"Shrug It Off","floor":21.0},{"not_picked":["Flex+1","Rupture"],"picked":"Headbutt","floor":22.0},{"not_picked":["Havoc","Twin Strike","Body Slam+1"],"picked":"SKIP","floor":24.0},{"not_picked":["Wild Strike+1","Flex","Clothesline"],"picked":"SKIP","floor":30.0},{"not_picked":["Rupture","True Grit","Heavy Blade+1"],"picked":"SKIP","floor":31.0},{"not_picked":["Impervious","Immolate"],"picked":"Offering","floor":33.0},{"not_picked":["Perfected Strike","Body Slam+1"],"picked":"Infernal Blade+1","floor":35.0},{"not_picked":["Shrug It Off+1","Warcry"],"picked":"Flame Barrier+1","floor":36.0},{"not_picked":["Power Through","Feel No Pain"],"picked":"Spot Weakness+1","floor":39.0},{"not_picked":["Armaments","Reaper"],"picked":"Disarm+1","floor":40.0},{"not_picked":["Whirlwind+1","Hemokinesis","Armaments+1"],"picked":"SKIP","floor":42.0},{"not_picked":["Clash+1","Bloodletting","Hemokinesis"],"picked":"SKIP","floor":45.0},{"not_picked":["Havoc","Sword Boomerang"],"picked":"Rage","floor":46.0},{"not_picked":["Carnage","Headbutt+1"],"picked":"Twin Strike+1","floor":47.0},{"not_picked":["Perfected Strike","Clash"],"picked":"Reaper","floor":48.0},{"not_picked":["Bludgeon","Burning Pact+1"],"picked":"Shockwave+1","floor":54.0}],"player_experience":760256,"relics_obtained":[{"floor":6.0,"key":"Mercury Hourglass"},{"floor":9.0,"key":"PreservedInsect"},{"floor":11.0,"key":"Omamori"},{"floor":26.0,"key":"Red Skull"},{"floor":40.0,"key":"Regal Pillow"},{"floor":48.0,"key":"Ancient Tea Set"},{"floor":54.0,"key":"Vajra"}],"event_choices":[{"damage_healed":0.0,"max_hp_gain":0.0,"max_hp_loss":0.0,"gold_gain":75.0,"event_name":"World of Goop","player_choice":"Gather Gold","floor":3.0,"gold_loss":0.0,"damage_taken":11.0},{"damage_healed":0.0,"max_hp_gain":0.0,"max_hp_loss":0.0,"gold_gain":0.0,"event_name":"Golden Idol","player_choice":"Take Damage","floor":5.0,"gold_loss":0.0,"damage_taken":20.0,"relics_obtained":["Golden Idol"]},{"cards_removed":["Strike_R"],"damage_healed":0.0,"max_hp_gain":0.0,"max_hp_loss":0.0,"gold_gain":0.0,"event_name":"Purifier","player_choice":"Purged","floor":8.0,"gold_loss":0.0,"damage_taken":0.0},{"damage_healed":0.0,"max_hp_gain":0.0,"max_hp_loss":0.0,"gold_gain":0.0,"event_name":"Ghosts","player_choice":"Ignored","floor":19.0,"gold_loss":0.0,"damage_taken":0.0},{"damage_healed":0.0,"max_hp_gain":0.0,"max_hp_loss":0.0,"gold_gain":0.0,"event_name":"Addict","player_choice":"Obtained Relic","floor":20.0,"gold_loss":85.0,"damage_taken":0.0,"relics_obtained":["Dodecahedron"]},{"damage_healed":0.0,"max_hp_gain":0.0,"max_hp_loss":0.0,"gold_gain":0.0,"event_name":"Forgotten Altar","player_choice":"Gave Idol","floor":25.0,"relics_lost":["Golden Idol"],"gold_loss":0.0,"damage_taken":0.0,"relics_obtained":["Bloody Idol"]},{"damage_healed":0.0,"max_hp_gain":0.0,"max_hp_loss":0.0,"gold_gain":99.0,"event_name":"Nest","player_choice":"Stole From Cult","floor":28.0,"gold_loss":0.0,"damage_taken":0.0},{"cards_removed":["Strike_R"],"damage_healed":0.0,"max_hp_gain":0.0,"max_hp_loss":0.0,"gold_gain":0.0,"event_name":"Bonfire Elementals","player_choice":"Offered Basic","floor":38.0,"gold_loss":0.0,"damage_taken":0.0}],"is_beta":false,"boss_relics":[{"not_picked":["Eternal Feather","Pandora\u0027s Box"],"picked":"Lizard Tail"},{"not_picked":["Busted Crown","Astrolabe"],"picked":"Fusion Hammer"}],"items_purged_floors":[37,53],"is_endless":false,"potions_floor_spawned":[6,12,14,21,22,36,39,45,47,48],"killed_by":"The Heart","ascension_level":0}