{"gold_per_floor":[113,124,136,152,77,110,110,139,139,139,164,164,50,81,81,158,158,173,173,173,173,55,84,102,102,102,132,132,149,179,190,190,261,261,278,4,21,35,16,46,64,95,95,95,110,136,136,236,236,236,236,236,46,77,77],"floor_reached":56,"playtime":3667,"items_purged":["Strike_R","Strike_R"],"score":2506,"play_id":"87cda403-2e69-4805-8f6f-6db2b99fb633","local_time":"20190809175352","is_ascension_mode":true,"campfire_choices":[{"data":"Bludgeon","floor":7.0,"key":"SMITH"},{"data":"True Grit","floor":12.0,"key":"SMITH"},{"data":"Bash","floor":15.0,"key":"SMITH"},{"floor":25.0,"key":"REST"},{"data":"Uppercut","floor":28.0,"key":"SMITH"},{"data":"Disarm","floor":32.0,"key":"SMITH"},{"data":"Anger","floor":44,"key":"SMITH"},{"floor":49,"key":"RECALL"},{"data":"J.A.X.","floor":52,"key":"SMITH"}],"neow_cost":"NONE","seed_source_timestamp":428897957470925,"circlet_count":0,"master_deck":["AscendersBane","Strike_R","Defend_R","Defend_R","Defend_R","Defend_R","Bash+1","Impatience","Carnage","True Grit+1","Anger+1","Iron Wave","Bludgeon+1","Corruption+1","Metallicize+1","Berserk+1","Uppercut+1","J.A.X.+1","Disarm+1","Shrug It Off+1","Evolve+1","Reckless Charge","Sentinel+1","Exhume","Battle Trance","Barricade+1","Battle Trance+1","Pommel Strike","Metallicize+1","Shrug It Off","Burning Pact+1","Clothesline+1","Headbutt+1","Juggernaut+1","Sentinel","Uppercut+1"],"special_seed":0,"relics":["Burning Blood","The Courier","Meat on the Bone","Frozen Egg 2","Mercury Hourglass","Regal Pillow","Black Star","Enchiridion","Potion Belt","Sundial","Pantograph","Orichalcum","Lantern","Gremlin Horn","Art of War","Orrery","Self Forming Clay","Red Skull","Molten Egg 2","Blood Vial","Incense Burner","Unceasing Top","Mummified Hand","Ice Cream","Ornamental Fan","Boot"],"potions_floor_usage":[46,55,55,55],"damage_taken":[{"damage":0.0,"enemies":"Small Slimes","floor":1.0,"turns":3.0},{"damage":1.0,"enemies":"2 Louse","floor":2.0,"turns":3.0},{"damage":2.0,"enemies":"Jaw Worm","floor":3.0,"turns":4.0},{"damage":11.0,"enemies":"Looter","floor":4.0,"turns":2.0},{"damage":41.0,"enemies":"Lagavulin","floor":6.0,"turns":9.0},{"damage":15.0,"enemies":"3 Sentries","floor":8.0,"turns":5.0},{"damage":16.0,"enemies":"Gremlin Nob","floor":11.0,"turns":3.0},{"damage":11.0,"enemies":"3 Sentries","floor":14.0,"turns":6.0},{"damage":5.0,"enemies":"Slime Boss","floor":16.0,"turns":10.0},{"damage":16.0,"enemies":"Chosen","floor":18.0,"turns":5.0},{"damage":31.0,"enemies":"Slavers","floor":23.0,"turns":5.0},{"damage":6.0,"enemies":"Spheric Guardian","floor":24.0,"turns":3.0},{"damage":30.0,"enemies":"Gremlin Leader","floor":27.0,"turns":8.0},{"damage":0.0,"enemies":"Centurion and Healer","floor":29.0,"turns":6.0},{"damage":21.0,"enemies":"Slavers","floor":30.0,"turns":7.0},{"damage":27.0,"enemies":"Shelled Parasite and Fungi","floor":31.0,"turns":4.0},{"damage":49.0,"enemies":"Champ","floor":33.0,"turns":13.0},{"damage":0.0,"enemies":"Orb Walker","floor":35.0,"turns":2.0},{"damage":3.0,"enemies":"3 Shapes","floor":37.0,"turns":4.0},{"damage":12.0,"enemies":"Maw","floor":38.0,"turns":7.0},{"damage":4.0,"enemies":"Nemesis","floor":40.0,"turns":9.0},{"damage":16.0,"enemies":"3 Darklings","floor":41.0,"turns":4.0},{"damage":31.0,"enemies":"Giant Head","floor":42.0,"turns":9.0},{"damage":38,"enemies":"Spire Growth","floor":45,"turns":7},{"damage":35,"enemies":"Reptomancer","floor":46,"turns":6},{"damage":0,"enemies":"Mind Bloom Boss Battle","floor":48,"turns":7},{"damage":43,"enemies":"Time Eater","floor":50,"turns":9},{"damage":16,"enemies":"Shield and Spear","floor":54,"turns":4},{"damage":64,"enemies":"The Heart","floor":55,"turns":6}],"seed_played":"3382575180052870621","potions_obtained":[{"floor":2.0,"key":"AttackPotion"},{"floor":3.0,"key":"Ancient Potion"},{"floor":6.0,"key":"Fire Potion"},{"floor":24.0,"key":"PowerPotion"},{"floor":29.0,"key":"Explosive Potion"},{"floor":33.0,"key":"Poison Potion"},{"floor":37.0,"key":"Regen Potion"},{"floor":42.0,"key":"EssenceOfSteel"}],"is_trial":false,"path_per_floor":["M","M","M","M","?","E","R","E","T","?","E","R","$","E","R","B",null,"M","?","?","?","$","E","M","R","T","E","R","M","E","M","R","B",null,"M","$","M","M","$","E","M","E","T","R","M","E","?","?","R","B",null,"R","$","E","B",null],"character_chosen":"IRONCLAD","items_purchased":["Corruption+1","Metallicize+1","Disarm","Self Forming Clay","Shrug It Off","Juggernaut+1","Sentinel","Strength Potion"],"campfire_rested":1,"item_purchase_floors":[13,13,22,36,39,53,53,53],"current_hp_per_floor":[74,75,75,70,70,35,35,26,26,51,53,53,53,48,48,49,69,59,59,59,38,38,25,37,74,74,50,50,56,53,44,44,38,66,72,72,75,69,69,71,61,48,48,48,30,29,29,62,62,50,69,69,69,61,29],"gold":77,"neow_bonus":"RANDOM_COLORLESS","is_prod":false,"is_daily":false,"chose_seed":false,"campfire_upgraded":7,"win_rate":0,"timestamp":1565366032,"path_taken":["M","M","M","M","?","E","R","E","T","?","E","R","$","E","R","BOSS","M","?","?","?","$","E","M","R","T","E","R","M","E","M","R","BOSS","M","$","M","M","$","E","M","E","T","R","M","E","?","?","R","BOSS","R","$","E","BOSS"],"build_version":"2019-07-17","purchased_purges":2,"victory":true,"max_hp_per_floor":[75,75,75,75,75,75,75,75,75,75,75,75,75,75,75,75,75,75,75,75,75,75,75,75,75,75,75,75,75,75,75,75,75,75,75,75,75,75,75,75,75,75,75,75,75,75,75,75,75,75,75,75,75,75,75],"card_choices":[{"not_picked":["Rupture","Armaments"],"picked":"Carnage","floor":1.0},{"not_picked":["Pommel Strike","Rage"],"picked":"True Grit","floor":2.0},{"not_picked":["True Grit","Twin Strike"],"picked":"Anger","floor":3.0},{"not_picked":["Body Slam","Pummel"],"picked":"Iron Wave","floor":4.0},{"not_picked":["True Grit","Sword Boomerang"],"picked":"Bludgeon","floor":6.0},{"not_picked":["Brutality","Twin Strike","Combust"],"picked":"SKIP","floor":8.0},{"not_picked":["Body Slam","Brutality+1","Clash"],"picked":"SKIP","floor":11.0},{"not_picked":["Pommel Strike","Havoc","Pummel"],"picked":"SKIP","floor":14.0},{"not_picked":["Fiend Fire","Offering"],"picked":"Berserk+1","floor":16.0},{"not_picked":["Carnage","Spot Weakness"],"picked":"Uppercut","floor":18.0},{"not_picked":["Wild Strike+1","Havoc","Hemokinesis"],"picked":"SKIP","floor":23.0},{"not_picked":["Pommel Strike","Evolve+1"],"picked":"Shrug It Off+1","floor":24.0},{"not_picked":["Iron Wave","Twin Strike"],"picked":"Evolve+1","floor":27.0},{"not_picked":["Evolve+1","Headbutt","Heavy Blade"],"picked":"SKIP","floor":29.0},{"not_picked":["Havoc+1","Ghostly Armor"],"picked":"Reckless Charge","floor":30.0},{"not_picked":["Iron Wave","Pummel+1"],"picked":"Sentinel+1","floor":31.0},{"not_picked":["Berserk+1","Reaper"],"picked":"Exhume","floor":33.0},{"not_picked":["Iron Wave","Headbutt"],"picked":"Battle Trance","floor":34.0},{"not_picked":["Anger+1","Flex+1"],"picked":"Barricade+1","floor":34.0},{"not_picked":["Rupture+1","Perfected Strike"],"picked":"Battle Trance+1","floor":35.0},{"not_picked":["Rupture+1","Body Slam"],"picked":"Pommel Strike","floor":37.0},{"not_picked":["Thunderclap","Sentinel"],"picked":"Metallicize+1","floor":38.0},{"not_picked":["Double Tap","Warcry+1"],"picked":"Burning Pact+1","floor":40.0},{"not_picked":["Sword Boomerang+1","Twin Strike+1"],"picked":"Clothesline+1","floor":41.0},{"not_picked":["Cleave+1","Rupture+1","Clothesline+1"],"picked":"SKIP","floor":42.0},{"not_picked":["Warcry","Armaments"],"picked":"Headbutt+1","floor":45},{"not_picked":["Entrench","Cleave+1","Twin Strike+1"],"picked":"SKIP","floor":46},{"not_picked":["Sever Soul+1","Second Wind"],"picked":"Uppercut+1","floor":54}],"player_experience":726623,"relics_obtained":[{"floor":6.0,"key":"The Courier"},{"floor":8.0,"key":"Meat on the Bone"},{"floor":9.0,"key":"Frozen Egg 2"},{"floor":11.0,"key":"Mercury Hourglass"},{"floor":14.0,"key":"Regal Pillow"},{"floor":21.0,"key":"Enchiridion"},{"floor":23.0,"key":"Potion Belt"},{"floor":23.0,"key":"Sundial"},{"floor":26.0,"key":"Pantograph"},{"floor":27.0,"key":"Orichalcum"},{"floor":27.0,"key":"Lantern"},{"floor":30.0,"key":"Gremlin Horn"},{"floor":30.0,"key":"Art of War"},{"floor":40.0,"key":"Red Skull"},{"floor":40.0,"key":"Molten Egg 2"},{"floor":42.0,"key":"Blood Vial"},{"floor":42.0,"key":"Incense Burner"},{"floor":46,"key":"Unceasing Top"},{"floor":46,"key":"Mummified Hand"},{"floor":48,"key":"Ice Cream"},{"floor":54,"key":"Ornamental Fan"},{"floor":54,"key":"Boot"}],"event_choices":[{"cards_removed":["Strike_R"],"damage_healed":0.0,"max_hp_gain":0.0,"max_hp_loss":0.0,"gold_gain":0.0,"event_name":"The Cleric","player_choice":"Card Removal","floor":5.0,"gold_loss":75.0,"damage_taken":0.0},{"damage_healed":25.0,"max_hp_gain":0.0,"max_hp_loss":0.0,"gold_gain":0.0,"event_name":"Big Fish","player_choice":"Banana","floor":10.0,"gold_loss":0.0,"damage_taken":0.0},{"damage_healed":0.0,"max_hp_gain":0.0,"max_hp_loss":0.0,"gold_gain":0.0,"event_name":"Ghosts","player_choice":"Ignored","floor":19.0,"gold_loss":0.0,"damage_taken":0.0},{"damage_healed":0.0,"max_hp_gain":0.0,"max_hp_loss":0.0,"gold_gain":0.0,"event_name":"Drug Dealer","player_choice":"Obtain J.A.X.","floor":20.0,"gold_loss":0.0,"damage_taken":0.0,"cards_obtained":["J.A.X."]},{"damage_healed":0.0,"max_hp_gain":0.0,"max_hp_loss":0.0,"gold_gain":0.0,"event_name":"Cursed Tome","player_choice":"Obtained Book","floor":21.0,"gold_loss":0.0,"damage_taken":21.0},{"cards_removed":["Strike_R"],"damage_healed":0,"gold_gain":0,"player_choice":"Removed Attack","damage_taken":0,"max_hp_gain":0,"max_hp_loss":0,"event_name":"Falling","floor":47,"gold_loss":0},{"damage_healed":0,"gold_gain":0,"player_choice":"Fight","damage_taken":0,"max_hp_gain":0,"max_hp_loss":0,"event_name":"MindBloom","floor":48,"gold_loss":0}],"is_beta":false,"boss_relics":[{"not_picked":["Lizard Tail","Black Blood"],"picked":"Black Star"},{"not_picked":["Fusion Hammer","Coffee Dripper"],"picked":"Orrery"}],"items_purged_floors":[22,36],"is_endless":false,"potions_floor_spawned":[2,3,6,8,11,24,29,33,37,38,42,45],"ascension_level":15}