{"gold_per_floor":[113,113,126,301,321,355,355,355,355,63,63,102,172,186,186,186],"floor_reached":16,"playtime":645,"items_purged":[],"score":108,"play_id":"ab78c2f7-8d8e-4bba-a478-f7429ed33c4f","local_time":"20190602181904","is_ascension_mode":false,"campfire_choices":[{"floor":8.0,"key":"REST"},{"data":"Body Slam","floor":11.0,"key":"SMITH"},{"data":"Body Slam","floor":15.0,"key":"SMITH"}],"neow_cost":"NONE","seed_source_timestamp":158468099775952,"circlet_count":0,"master_deck":["Strike_R","Strike_R","Strike_R","Strike_R","Strike_R","Defend_R","Defend_R","Defend_R","Defend_R","Bash","Pommel Strike","Doubt","Iron Wave","Body Slam+1","Shrug It Off+1","Body Slam+1","True Grit+1"],"special_seed":0,"relics":["Burning Blood","Bag of Preparation","Calipers","Pen Nib","Golden Idol","Matryoshka","Toxic Egg 2","Art of War","Ancient Tea Set"],"potions_floor_usage":[],"damage_taken":[{"damage":3.0,"enemies":"Small Slimes","floor":1.0,"turns":3.0},{"damage":6.0,"enemies":"Jaw Worm","floor":3.0,"turns":3.0},{"damage":7.0,"enemies":"2 Louse","floor":5.0,"turns":4.0},{"damage":50.0,"enemies":"3 Sentries","floor":6.0,"turns":13.0},{"damage":28.0,"enemies":"Gremlin Nob","floor":12.0,"turns":4.0},{"damage":25.0,"enemies":"Gremlin Nob","floor":13.0,"turns":5.0},{"damage":1.0,"enemies":"2 Fungi Beasts","floor":14.0,"turns":4.0},{"damage":18,"enemies":"The Guardian","floor":16,"turns":10}],"seed_played":"499364626790514404","potions_obtained":[{"floor":3.0,"key":"GamblersBrew"},{"floor":5.0,"key":"Explosive Potion"},{"floor":14.0,"key":"SpeedPotion"}],"is_trial":false,"path_per_floor":["M","?","M","?","M","E","?","R","T","$","R","E","?","M","R","B"],"character_chosen":"IRONCLAD","items_purchased":["Toxic Egg 2","Body Slam"],"campfire_rested":1,"item_purchase_floors":[10,10],"current_hp_per_floor":[80,77,77,77,76,32,32,54,54,54,54,32,13,18,18,0],"gold":186,"neow_bonus":"RANDOM_COMMON_RELIC","is_prod":false,"is_daily":false,"chose_seed":false,"campfire_upgraded":2,"win_rate":0,"timestamp":1559492344,"path_taken":["M","?","M","?","M","E","?","R","T","$","R","E","?","M","R","BOSS"],"build_version":"2019-01-23","purchased_purges":0,"victory":false,"max_hp_per_floor":[80,80,80,80,80,80,74,74,74,74,74,74,74,74,74,74],"card_choices":[{"not_picked":["Cleave","Clothesline","Sword Boomerang"],"picked":"SKIP","floor":1.0},{"not_picked":["Cleave","Clothesline","Sword Boomerang"],"picked":"SKIP","floor":1.0},{"not_picked":["Searing Blow","Clash"],"picked":"Pommel Strike","floor":3.0},{"not_picked":["Perfected Strike","Flame Barrier","Havoc"],"picked":"SKIP","floor":5.0},{"not_picked":["Dropkick","Inflame"],"picked":"Iron Wave","floor":6.0},{"not_picked":["Dark Embrace","Blood for Blood"],"picked":"Shrug It Off+1","floor":12.0},{"not_picked":["Dropkick","Metallicize"],"picked":"Body Slam","floor":13.0},{"not_picked":["Havoc+1","Cleave"],"picked":"True Grit+1","floor":14.0}],"player_experience":434805,"relics_obtained":[{"floor":6.0,"key":"Pen Nib"},{"floor":9.0,"key":"Matryoshka"},{"floor":12.0,"key":"Art of War"}],"event_choices":[{"damage_healed":0.0,"max_hp_gain":0.0,"max_hp_loss":0.0,"gold_gain":0.0,"event_name":"Scrap Ooze","player_choice":"Success","floor":2.0,"gold_loss":0.0,"damage_taken":3.0,"relics_obtained":["Calipers"]},{"damage_healed":0.0,"max_hp_gain":0.0,"max_hp_loss":0.0,"gold_gain":175.0,"event_name":"Liars Game","player_choice":"AGREE","floor":4.0,"gold_loss":0.0,"damage_taken":0.0,"cards_obtained":["Doubt"]},{"damage_healed":0.0,"max_hp_gain":0.0,"max_hp_loss":6.0,"gold_gain":0.0,"event_name":"Golden Idol","player_choice":"Lose Max HP","floor":7.0,"gold_loss":0.0,"damage_taken":0.0,"relics_obtained":["Golden Idol"]},{"damage_healed":0.0,"max_hp_gain":0.0,"max_hp_loss":0.0,"gold_gain":0.0,"event_name":"Dead Adventurer","player_choice":"Searched \u00272\u0027 times","floor":13.0,"gold_loss":0.0,"damage_taken":0.0,"relics_obtained":["Ancient Tea Set"]}],"is_beta":false,"boss_relics":[],"items_purged_floors":[],"is_endless":false,"potions_floor_spawned":[3,5,14],"killed_by":"The Guardian","ascension_level":0}