{"gold_per_floor":[111,10,27,102,102,131,131,162,162,175,175,175,229,244,244,316,316,336,366,366,378,378],"floor_reached":22,"playtime":628,"items_purged":["Strike_B"],"score":380,"play_id":"3f965be2-d6ef-4624-b5e5-43ad941e7c54","local_time":"20190726182147","is_ascension_mode":true,"campfire_choices":[{"data":"Go for the Eyes","floor":7,"key":"SMITH"},{"data":"Sweeping Beam","floor":11,"key":"SMITH"},{"data":"Recycle","floor":15,"key":"SMITH"}],"neow_cost":"NONE","seed_source_timestamp":1329111189610917,"circlet_count":0,"master_deck":["AscendersBane","Strike_B","Strike_B","Strike_B","Defend_B","Defend_B","Defend_B","Defend_B","Zap+1","Dualcast","Ball Lightning","Cold Snap","Compile Driver","Go for the Eyes+1","Static Discharge","Sweeping Beam+1","Recycle+1","Hyperbeam","Ball Lightning+1","Consume"],"relics":["Cracked Core","NeowsBlessing","Pear","Pen Nib","PreservedInsect","Question Card","Smiling Mask","Inserter","Tiny Chest"],"potions_floor_usage":[],"damage_taken":[{"damage":0,"enemies":"2 Louse","floor":1,"turns":1},{"damage":0,"enemies":"Small Slimes","floor":3,"turns":1},{"damage":0,"enemies":"Gremlin Nob","floor":6,"turns":1},{"damage":13,"enemies":"Lagavulin","floor":8,"turns":5},{"damage":5,"enemies":"Jaw Worm","floor":10,"turns":3},{"damage":0,"enemies":"Blue Slaver","floor":14,"turns":2},{"damage":15,"enemies":"Slime Boss","floor":16,"turns":9},{"damage":16,"enemies":"Chosen","floor":18,"turns":5},{"damage":37,"enemies":"2 Thieves","floor":21,"turns":3},{"damage":16,"enemies":"Shelled Parasite and Fungi","floor":22,"turns":2}],"seed_played":"-8629666651655674193","potions_obtained":[{"floor":1,"key":"Swift Potion"},{"floor":3,"key":"PowerPotion"}],"is_trial":false,"path_per_floor":["M","$","M","?","?","E","R","E","T","M","R","?","T","M","R","B",null,"M","?","?","M","M"],"character_chosen":"DEFECT","items_purchased":["Cold Snap"],"campfire_rested":0,"item_purchase_floors":[2],"current_hp_per_floor":[64,64,64,53,53,63,63,50,50,45,45,34,34,34,34,19,66,50,50,50,13,0],"gold":378,"neow_bonus":"THREE_ENEMY_KILL","is_prod":false,"is_daily":false,"chose_seed":false,"campfire_upgraded":3,"win_rate":0,"timestamp":1564158107,"path_taken":["M","$","M","?","?","E","R","E","T","M","R","?","?","M","R","BOSS","M","?","?","M","?"],"build_version":"2019-07-17","purchased_purges":1,"victory":false,"max_hp_per_floor":[71,71,71,71,71,81,81,81,81,81,81,81,81,81,81,81,81,81,81,81,81,81],"card_choices":[{"not_picked":["Fusion","Undo"],"picked":"Ball Lightning","floor":1},{"not_picked":["Conserve Battery","Beam Cell"],"picked":"Compile Driver","floor":3},{"not_picked":["Rebound","Auto Shields"],"picked":"Go for the Eyes","floor":6},{"not_picked":["Go for the Eyes","Rebound"],"picked":"Static Discharge","floor":8},{"not_picked":["Barrage","Ball Lightning"],"picked":"Sweeping Beam","floor":10},{"not_picked":["Skim","Compile Driver","Darkness"],"picked":"Recycle","floor":14},{"not_picked":["Reboot","Thunder Strike","Meteor Strike"],"picked":"Hyperbeam","floor":16},{"not_picked":["Storm","Rip and Tear","Go for the Eyes+1"],"picked":"Ball Lightning+1","floor":18},{"not_picked":["Streamline","Self Repair","Hologram"],"picked":"Consume","floor":21}],"player_experience":695726,"relics_obtained":[{"floor":6,"key":"Pear"},{"floor":8,"key":"Pen Nib"},{"floor":9,"key":"PreservedInsect"},{"floor":13,"key":"Smiling Mask"}],"event_choices":[{"damage_healed":0,"gold_gain":75,"player_choice":"Gather Gold","damage_taken":11,"max_hp_gain":0,"max_hp_loss":0,"event_name":"World of Goop","floor":4,"gold_loss":0},{"damage_healed":0,"gold_gain":0,"player_choice":"Grow","damage_taken":0,"max_hp_gain":0,"max_hp_loss":0,"event_name":"Living Wall","floor":5,"gold_loss":0,"cards_upgraded":["Zap"]},{"damage_healed":0,"gold_gain":0,"player_choice":"Success","damage_taken":11,"relics_obtained":["Question Card"],"max_hp_gain":0,"max_hp_loss":0,"event_name":"Scrap Ooze","floor":12,"gold_loss":0},{"damage_healed":0,"gold_gain":0,"player_choice":"Opened","damage_taken":0,"relics_obtained":["Tiny Chest"],"max_hp_gain":0,"max_hp_loss":0,"event_name":"The Mausoleum","floor":19,"gold_loss":0,"cards_obtained":["Writhe"]},{"cards_removed":["Writhe"],"damage_healed":0,"gold_gain":0,"player_choice":"Removed Curses","damage_taken":0,"max_hp_gain":0,"max_hp_loss":0,"event_name":"Fountain of Cleansing","floor":20,"gold_loss":0}],"is_beta":false,"boss_relics":[{"not_picked":["Eternal Feather","Runic Dome"],"picked":"Inserter"}],"items_purged_floors":[2],"is_endless":false,"potions_floor_spawned":[1,3,10],"killed_by":"Shelled Parasite and Fungi","ascension_level":15}