{"gold_per_floor":[112,62,62,62,81,81,30,30,106,142,157,157,197,216,216,339,339,363,119,119,119,138,138,138],"floor_reached":24,"playtime":753,"items_purged":["Doubt"],"score":212,"play_id":"3ef5db74-151f-46f4-b585-a2f92f2b8c26","local_time":"20190620100522","is_ascension_mode":true,"campfire_choices":[{"data":"Strike_R","floor":6,"key":"SMITH"},{"data":"Headbutt","floor":8,"key":"SMITH"},{"data":"Shrug It Off","floor":12,"key":"SMITH"},{"data":"Hemokinesis","floor":15,"key":"SMITH"},{"data":"1","floor":23,"key":"LIFT"}],"neow_cost":"NONE","seed_source_timestamp":669851701152441,"circlet_count":0,"master_deck":["Strike_R","Strike_R","Strike_R","Strike_R+1","Defend_R","Defend_R","Defend_R","Defend_R","Bash+1","Headbutt+1","Shrug It Off+1","Metallicize","Hemokinesis+1","Berserk","Decay","Pain","Disarm","Shrug It Off"],"relics":["Burning Blood","Golden Idol","Meat on the Bone","Sundial","Oddly Smooth Stone","Calling Bell","Lantern","Self Forming Clay","Girya","Membership Card","Dodecahedron"],"potions_floor_usage":[],"damage_taken":[{"damage":6,"enemies":"Jaw Worm","floor":1,"turns":3},{"damage":5,"enemies":"Small Slimes","floor":5,"turns":5},{"damage":14,"enemies":"Gremlin Nob","floor":10,"turns":3},{"damage":0,"enemies":"2 Louse","floor":11,"turns":2},{"damage":36,"enemies":"Lagavulin","floor":13,"turns":5},{"damage":0,"enemies":"Large Slime","floor":14,"turns":4},{"damage":29,"enemies":"Slime Boss","floor":16,"turns":8},{"damage":25,"enemies":"Chosen","floor":18,"turns":6},{"damage":16,"enemies":"Shell Parasite","floor":22,"turns":5},{"damage":55,"enemies":"Slavers","floor":24,"turns":2}],"seed_played":"9154625902641436352","potions_obtained":[{"floor":10,"key":"Ancient Potion"},{"floor":11,"key":"SteroidPotion"}],"is_trial":false,"path_per_floor":["M","?","$","?","M","R","$","R","T","E","M","R","E","M","R","B",null,"M","$","?","?","M","R","E"],"character_chosen":"IRONCLAD","items_purchased":["Headbutt","Membership Card"],"campfire_rested":0,"item_purchase_floors":[7,19],"current_hp_per_floor":[80,80,80,60,61,61,61,61,61,53,59,59,41,47,47,36,80,61,61,61,61,51,51,0],"gold":138,"neow_bonus":"UPGRADE_CARD","is_prod":false,"is_daily":false,"chose_seed":false,"campfire_upgraded":4,"win_rate":0,"timestamp":1561017922,"path_taken":["M","?","$","?","M","R","?","R","T","E","M","R","E","M","R","BOSS","M","$","?","?","M","R","E"],"build_version":"2019-01-23","purchased_purges":1,"victory":false,"max_hp_per_floor":[80,80,80,80,80,80,80,80,80,80,80,80,80,80,80,80,80,80,80,80,80,80,80,80],"card_choices":[{"not_picked":["Armaments","Thunderclap","Sever Soul"],"picked":"SKIP","floor":1},{"not_picked":["Cleave","Twin Strike","Ghostly Armor"],"picked":"SKIP","floor":5},{"not_picked":["Heavy Blade","Clothesline"],"picked":"Shrug It Off","floor":10},{"not_picked":["Perfected Strike","Armaments","Wild Strike"],"picked":"SKIP","floor":11},{"not_picked":["Sentinel","Sword Boomerang"],"picked":"Metallicize","floor":13},{"not_picked":["Thunderclap","Clash"],"picked":"Hemokinesis","floor":14},{"not_picked":["Barricade","Juggernaut"],"picked":"Berserk","floor":16},{"not_picked":["Havoc","Wild Strike"],"picked":"Disarm","floor":18},{"not_picked":["Anger+1","Armaments"],"picked":"Shrug It Off","floor":22}],"player_experience":579543,"relics_obtained":[{"floor":9,"key":"Meat on the Bone"},{"floor":10,"key":"Sundial"},{"floor":13,"key":"Oddly Smooth Stone"},{"floor":17,"key":"Lantern"},{"floor":17,"key":"Self Forming Clay"},{"floor":17,"key":"Girya"}],"event_choices":[{"cards_removed":["Strike_R"],"damage_healed":0,"gold_gain":0,"player_choice":"Card Removal","damage_taken":0,"max_hp_gain":0,"max_hp_loss":0,"event_name":"The Cleric","floor":2,"gold_loss":50},{"damage_healed":0,"gold_gain":0,"player_choice":"Take Damage","damage_taken":20,"relics_obtained":["Golden Idol"],"max_hp_gain":0,"max_hp_loss":0,"event_name":"Golden Idol","floor":4,"gold_loss":0},{"damage_healed":0,"gold_gain":0,"player_choice":"Opened","damage_taken":0,"relics_obtained":["Dodecahedron"],"max_hp_gain":0,"max_hp_loss":0,"event_name":"The Mausoleum","floor":20,"gold_loss":0},{"damage_healed":0,"gold_gain":0,"player_choice":"Ignored","damage_taken":0,"max_hp_gain":0,"max_hp_loss":0,"event_name":"Vampires","floor":21,"gold_loss":0}],"is_beta":false,"boss_relics":[{"not_picked":["Pandora\u0027s Box","Philosopher\u0027s Stone"],"picked":"Calling Bell"}],"items_purged_floors":[19],"is_endless":false,"potions_floor_spawned":[10,11],"killed_by":"Slavers","ascension_level":1}