{"gold_per_floor":[16,16,28,43,60,60,43,43,66,79,108,124,138,170,170,270,270,280,294,139,151,51,51,64,90,90,90,101,101,131,150,150,249,249,269,97,109,125,142,142,169,169,169,216,67,67,79,112,112,112,112,112,36,62,62],"floor_reached":56,"playtime":4239,"items_purged":["Skewer","Skewer","Underhanded Strike"],"score":1313,"play_id":"7b9d7406-596d-4c17-9a3c-64774343c175","local_time":"20191012201448","is_ascension_mode":false,"campfire_choices":[{"data":"Footwork","floor":6,"key":"SMITH"},{"data":"Neutralize","floor":8,"key":"SMITH"},{"floor":15,"key":"REST"},{"data":"Wraith Form v2","floor":23,"key":"SMITH"},{"data":"Catalyst","floor":27,"key":"SMITH"},{"data":"Catalyst","floor":29,"key":"SMITH"},{"data":"Noxious Fumes","floor":32,"key":"SMITH"},{"floor":40,"key":"RECALL"},{"data":"Wraith Form v2","floor":42,"key":"SMITH"},{"data":"Malaise","floor":49,"key":"SMITH"},{"data":"After Image","floor":52,"key":"SMITH"}],"neow_cost":"NO_GOLD","seed_source_timestamp":533030224717300,"circlet_count":0,"master_deck":["Survivor","Neutralize+1","Footwork+1","Poisoned Stab","Dodge and Roll","All Out Attack","Footwork","Cloak And Dagger","Dodge and Roll","Venomology","Dagger Spray","Deadly Poison+1","Catalyst+1","Unload","Noxious Fumes+1","Malaise+1","Footwork","Escape Plan","Doppelganger+1","Flying Knee","Wraith Form v2+1","Masterful Stab","Catalyst+1","Backflip","Well Laid Plans","After Image+1","Deflect+1","Escape Plan+1","Noxious Fumes+1","Wraith Form v2+1","Deadly Poison","Crippling Poison+1","Deflect+1","Corpse Explosion","Deflect+1","Catalyst"],"relics":["Ring of the Snake","Prayer Wheel","Orichalcum","Boot","Art of War","Pandora\u0027s Box","Pear","Ornamental Fan","FossilizedHelix","Lizard Tail","Ancient Tea Set","Bird Faced Urn","War Paint","Blood Vial"],"potions_floor_usage":[11,16,16,18,21,24,24,24,25,30,33,33,35,38,44,48,48,50,55,55,55],"damage_taken":[{"damage":0,"enemies":"Cultist","floor":1,"turns":4},{"damage":0,"enemies":"Small Slimes","floor":3,"turns":4},{"damage":0,"enemies":"2 Louse","floor":4,"turns":1},{"damage":3,"enemies":"Red Slaver","floor":5,"turns":4},{"damage":16,"enemies":"Exordium Thugs","floor":7,"turns":7},{"damage":0,"enemies":"2 Fungi Beasts","floor":10,"turns":5},{"damage":6,"enemies":"Lagavulin","floor":11,"turns":9},{"damage":0,"enemies":"3 Louse","floor":12,"turns":2},{"damage":0,"enemies":"Looter","floor":13,"turns":3},{"damage":29,"enemies":"Gremlin Nob","floor":14,"turns":5},{"damage":4,"enemies":"Hexaghost","floor":16,"turns":9},{"damage":6,"enemies":"2 Thieves","floor":18,"turns":3},{"damage":4,"enemies":"Shell Parasite","floor":19,"turns":5},{"damage":8,"enemies":"Shelled Parasite and Fungi","floor":21,"turns":6},{"damage":7,"enemies":"Chosen and Byrds","floor":24,"turns":5},{"damage":0,"enemies":"Gremlin Leader","floor":25,"turns":7},{"damage":0,"enemies":"Snake Plant","floor":28,"turns":4},{"damage":3,"enemies":"Book of Stabbing","floor":30,"turns":5},{"damage":6,"enemies":"Shelled Parasite and Fungi","floor":31,"turns":4},{"damage":24,"enemies":"Collector","floor":33,"turns":7},{"damage":0,"enemies":"3 Shapes","floor":35,"turns":7},{"damage":0,"enemies":"3 Darklings","floor":37,"turns":7},{"damage":0,"enemies":"4 Shapes","floor":38,"turns":7},{"damage":0,"enemies":"Transient","floor":39,"turns":5},{"damage":0,"enemies":"Nemesis","floor":41,"turns":7},{"damage":0,"enemies":"2 Orb Walkers","floor":44,"turns":4},{"damage":0,"enemies":"Spire Growth","floor":47,"turns":4},{"damage":0,"enemies":"Reptomancer","floor":48,"turns":7},{"damage":25,"enemies":"Donu and Deca","floor":50,"turns":5},{"damage":16,"enemies":"Shield and Spear","floor":54,"turns":7},{"damage":24,"enemies":"The Heart","floor":55,"turns":9}],"seed_played":"-4808854138807099654","potions_obtained":[{"floor":4,"key":"Dexterity Potion"},{"floor":5,"key":"Dexterity Potion"},{"floor":19,"key":"Explosive Potion"},{"floor":24,"key":"Energy Potion"},{"floor":28,"key":"GamblersBrew"},{"floor":30,"key":"PowerPotion"},{"floor":37,"key":"Poison Potion"},{"floor":48,"key":"Fire Potion"},{"floor":54,"key":"Poison Potion"}],"is_trial":false,"path_per_floor":["M","?","M","M","M","R","M","R","T","M","E","M","M","E","R","B",null,"M","M","$","M","$","R","M","E","T","R","M","R","E","M","R","B",null,"M","$","M","M","M","R","E","R","T","?","$","?","M","E","R","B",null,"R","$","E","B",null],"character_chosen":"THE_SILENT","items_purchased":["Well Laid Plans","Deadly Poison","War Paint","Ancient Potion"],"campfire_rested":1,"item_purchase_floors":[20,36,45,53],"current_hp_per_floor":[70,70,70,70,67,67,51,51,51,51,45,45,45,16,37,33,70,64,60,60,52,52,52,45,55,55,55,55,55,52,46,46,22,80,80,80,80,80,80,80,80,80,80,80,80,80,80,80,80,65,80,80,80,74,60],"gold":62,"neow_bonus":"ONE_RARE_RELIC","is_prod":false,"is_daily":false,"chose_seed":false,"campfire_upgraded":9,"win_rate":0,"timestamp":1570925688,"path_taken":["M","?","M","?","M","R","M","R","T","M","E","M","M","E","R","BOSS","M","M","$","?","$","R","M","E","T","R","M","R","E","M","R","BOSS","M","$","M","M","M","R","E","R","T","?","$","?","M","E","R","BOSS","R","$","E","BOSS"],"build_version":"2019-07-17","purchased_purges":3,"victory":true,"max_hp_per_floor":[70,70,70,70,70,70,70,70,70,70,70,70,70,70,70,70,70,70,70,70,70,70,70,70,80,80,80,80,80,80,80,80,80,80,80,80,80,80,80,80,80,80,80,80,80,80,80,80,80,80,80,80,80,80,80],"card_choices":[{"not_picked":["Accuracy","Well Laid Plans"],"picked":"Footwork","floor":1},{"not_picked":["Outmaneuver","Dagger Throw"],"picked":"Poisoned Stab","floor":1},{"not_picked":["Prepared","Masterful Stab"],"picked":"Dodge and Roll","floor":3},{"not_picked":["Bane","Outmaneuver"],"picked":"All Out Attack","floor":3},{"not_picked":["Quick Slash","Dagger Throw"],"picked":"Footwork","floor":4},{"not_picked":["Flechettes","Bane"],"picked":"Cloak And Dagger","floor":4},{"not_picked":["Masterful Stab","Leg Sweep"],"picked":"Dodge and Roll","floor":5},{"not_picked":["Flechettes","Calculated Gamble"],"picked":"Venomology","floor":5},{"not_picked":["Flechettes","Underhanded Strike"],"picked":"Dagger Spray","floor":7},{"not_picked":["Quick Slash","Setup","Infinite Blades"],"picked":"SKIP","floor":7},{"not_picked":["Acrobatics","Bane"],"picked":"Deadly Poison","floor":10},{"not_picked":["Outmaneuver","Poisoned Stab","Flying Knee"],"picked":"SKIP","floor":10},{"not_picked":["Calculated Gamble","Backflip"],"picked":"Catalyst","floor":11},{"not_picked":["Blade Dance","Underhanded Strike"],"picked":"Unload","floor":12},{"not_picked":["Acrobatics","Sucker Punch","Masterful Stab"],"picked":"SKIP","floor":12},{"not_picked":["Caltrops","Die Die Die"],"picked":"Noxious Fumes","floor":13},{"not_picked":["Tactician","Cloak And Dagger","Sucker Punch"],"picked":"SKIP","floor":13},{"not_picked":["Dodge and Roll","Prepared","Dagger Spray"],"picked":"SKIP","floor":14},{"not_picked":["Envenom","Tools of the Trade"],"picked":"Malaise","floor":16},{"not_picked":["Expertise","Blade Dance"],"picked":"Catalyst","floor":18},{"not_picked":["Dash+1","Blade Dance","Prepared"],"picked":"SKIP","floor":18},{"not_picked":["Cloak And Dagger+1","Acrobatics"],"picked":"Backflip","floor":19},{"not_picked":["Bouncing Flask","Blade Dance+1","Underhanded Strike+1"],"picked":"SKIP","floor":19},{"not_picked":["Predator","Quick Slash+1"],"picked":"After Image","floor":21},{"not_picked":["Blade Dance+1","Flying Knee","Masterful Stab+1"],"picked":"SKIP","floor":21},{"not_picked":["Prepared","Venomology"],"picked":"Deflect+1","floor":24},{"not_picked":["All Out Attack","Blade Dance"],"picked":"Escape Plan+1","floor":24},{"not_picked":["Bane+1","Accuracy","Escape Plan"],"picked":"SKIP","floor":25},{"not_picked":["Riddle With Holes+1","Poisoned Stab","Caltrops"],"picked":"SKIP","floor":28},{"not_picked":["Cloak And Dagger","Blade Dance","Poisoned Stab"],"picked":"SKIP","floor":28},{"not_picked":["Well Laid Plans","Dodge and Roll+1"],"picked":"Noxious Fumes+1","floor":30},{"not_picked":["Terror","Outmaneuver","Poisoned Stab"],"picked":"SKIP","floor":31},{"not_picked":["Quick Slash","Doppelganger","Dash"],"picked":"SKIP","floor":31},{"not_picked":["Venomology","Storm of Steel"],"picked":"Wraith Form v2","floor":33},{"not_picked":["All Out Attack+1","Slice","Finisher+1"],"picked":"SKIP","floor":35},{"not_picked":["Sucker Punch","Slice+1","Cloak And Dagger+1"],"picked":"SKIP","floor":35},{"not_picked":["Poisoned Stab+1","Outmaneuver"],"picked":"Crippling Poison+1","floor":37},{"not_picked":["Dagger Throw+1","Bane","Outmaneuver+1"],"picked":"SKIP","floor":37},{"not_picked":["Flying Knee","Choke+1","Outmaneuver"],"picked":"SKIP","floor":38},{"not_picked":["Caltrops","Doppelganger","Dagger Throw"],"picked":"SKIP","floor":38},{"not_picked":["All Out Attack+1","Infinite Blades"],"picked":"Deflect+1","floor":39},{"not_picked":["Masterful Stab","Dodge and Roll","Cloak And Dagger"],"picked":"SKIP","floor":39},{"not_picked":["Bane","Blade Dance"],"picked":"Corpse Explosion","floor":41},{"not_picked":["Die Die Die","Bouncing Flask"],"picked":"Deflect+1","floor":47},{"not_picked":["Escape Plan","Underhanded Strike+1","Acrobatics+1"],"picked":"SKIP","floor":47},{"not_picked":["Sucker Punch","Deadly Poison","Flechettes"],"picked":"SKIP","floor":48},{"not_picked":["Heel Hook+1","Acrobatics"],"picked":"Catalyst","floor":54}],"player_experience":1354222,"relics_obtained":[{"floor":9,"key":"Orichalcum"},{"floor":11,"key":"Boot"},{"floor":14,"key":"Art of War"},{"floor":25,"key":"Pear"},{"floor":26,"key":"Ornamental Fan"},{"floor":30,"key":"FossilizedHelix"},{"floor":41,"key":"Ancient Tea Set"},{"floor":44,"key":"Bird Faced Urn"},{"floor":54,"key":"Blood Vial"}],"event_choices":[{"cards_removed":["Strike_G"],"damage_healed":0,"gold_gain":0,"player_choice":"Card Removal","damage_taken":0,"max_hp_gain":0,"max_hp_loss":0,"event_name":"Wheel of Change","floor":2,"gold_loss":0},{"damage_healed":0,"gold_gain":0,"player_choice":"Fight","damage_taken":0,"max_hp_gain":0,"max_hp_loss":0,"event_name":"Mysterious Sphere","floor":44,"gold_loss":0},{"damage_healed":0,"gold_gain":0,"player_choice":"Memory 1","damage_taken":0,"max_hp_gain":0,"max_hp_loss":0,"event_name":"SensoryStone","floor":46,"gold_loss":0}],"is_beta":false,"boss_relics":[{"not_picked":["Ring of the Serpent","Tiny House"],"picked":"Pandora\u0027s Box"},{"not_picked":["Empty Cage","Calling Bell"],"picked":"Lizard Tail"}],"items_purged_floors":[20,22,36],"is_endless":false,"potions_floor_spawned":[4,5,7,12,13,14,19,24,28,30,31,37,41,47,48,54],"ascension_level":0}