{"gold_per_floor":[119,133,98,117,117,152,179,209,291,291,291,303,318,349,349,423,423,439,439,439,439,73,105,105,105,105,105,132,148,160,494,494,569,569,588,392,392,412,43,78,78,104,127,146,146,176,189,289,289,289,289,289,23,49,49],"floor_reached":56,"playtime":4245,"items_purged":["Strike_G+1"],"score":2310,"play_id":"33ca1c65-49e9-4d9e-bf1f-4e27255bd560","local_time":"20190815202403","is_ascension_mode":true,"campfire_choices":[{"floor":10.0,"key":"REST"},{"floor":15.0,"key":"REST"},{"data":"1","floor":25.0,"key":"LIFT"},{"data":"2","floor":27.0,"key":"LIFT"},{"data":"3","floor":32.0,"key":"LIFT"},{"floor":49.0,"key":"RECALL"},{"data":"Well Laid Plans","floor":52.0,"key":"SMITH"}],"neow_cost":"PERCENT_DAMAGE","seed_source_timestamp":955487802574996,"circlet_count":0,"master_deck":["AscendersBane","Strike_G+1","Strike_G+1","Strike_G+1","Defend_G+1","Defend_G+1","Defend_G+1","Defend_G+1","Defend_G+1","Survivor+1","Neutralize","Dagger Spray","Flying Knee","Endless Agony","Dodge and Roll+1","Cloak And Dagger+1","Blade Dance+1","Terror+1","Storm of Steel+1","Well Laid Plans+1","PiercingWail+1","PiercingWail+1","PiercingWail+1","Riddle With Holes+1","Deflect+1","Cloak And Dagger+1","Acrobatics+1","After Image+1","Doppelganger+1","Cloak And Dagger+1","Dodge and Roll+1","Footwork","Leg Sweep+1","Riddle With Holes","Blade Dance+1","Storm of Steel+1","Crippling Poison+1","PiercingWail+1","Leg Sweep+1","After Image","Accuracy","Calculated Gamble+1","Blade Dance+1"],"special_seed":0,"relics":["Ring of the Snake","Pocketwatch","Girya","Odd Mushroom","Boot","Toxic Egg 2","Pantograph","Sozu","Meat on the Bone","Thread and Needle","Art of War","Bag of Preparation","Singing Bowl","Old Coin","Orrery","FaceOfCleric","Incense Burner","Ginger","Kunai","Ninja Scroll","Calipers","War Paint","Anchor"],"potions_floor_usage":[55,55],"damage_taken":[{"damage":0.0,"enemies":"Jaw Worm","floor":1.0,"turns":6.0},{"damage":3.0,"enemies":"Small Slimes","floor":2.0,"turns":4.0},{"damage":0.0,"enemies":"2 Louse","floor":4.0,"turns":2.0},{"damage":11.0,"enemies":"3 Sentries","floor":6.0,"turns":7.0},{"damage":8.0,"enemies":"The Mushroom Lair","floor":7.0,"turns":4.0},{"damage":28.0,"enemies":"Lagavulin","floor":8.0,"turns":9.0},{"damage":0.0,"enemies":"Blue Slaver","floor":12.0,"turns":3.0},{"damage":0.0,"enemies":"2 Fungi Beasts","floor":13.0,"turns":3.0},{"damage":21.0,"enemies":"Gremlin Nob","floor":14.0,"turns":4.0},{"damage":40.0,"enemies":"Slime Boss","floor":16.0,"turns":10.0},{"damage":15.0,"enemies":"2 Thieves","floor":18.0,"turns":5.0},{"damage":0.0,"enemies":"Slavers","floor":23.0,"turns":6.0},{"damage":0.0,"enemies":"Gremlin Leader","floor":28.0,"turns":6.0},{"damage":0.0,"enemies":"Shell Parasite","floor":29.0,"turns":3.0},{"damage":1.0,"enemies":"Cultist and Chosen","floor":30.0,"turns":4.0},{"damage":0.0,"enemies":"Book of Stabbing","floor":31.0,"turns":3.0},{"damage":37.0,"enemies":"Collector","floor":33.0,"turns":9.0},{"damage":0.0,"enemies":"Orb Walker","floor":35.0,"turns":2.0},{"damage":0.0,"enemies":"3 Shapes","floor":38.0,"turns":4.0},{"damage":14.0,"enemies":"Reptomancer","floor":40.0,"turns":8.0},{"damage":2.0,"enemies":"Nemesis","floor":42.0,"turns":5.0},{"damage":1.0,"enemies":"Jaw Worm Horde","floor":44.0,"turns":4.0},{"damage":0.0,"enemies":"Reptomancer","floor":46.0,"turns":5.0},{"damage":0.0,"enemies":"Maw","floor":47.0,"turns":6.0},{"damage":0.0,"enemies":"Mind Bloom Boss Battle","floor":48.0,"turns":6.0},{"damage":0.0,"enemies":"Awakened One","floor":50.0,"turns":22.0},{"damage":14.0,"enemies":"Shield and Spear","floor":54.0,"turns":14.0},{"damage":61,"enemies":"The Heart","floor":55,"turns":15}],"seed_played":"-3840000452216288032","potions_obtained":[{"floor":1.0,"key":"Ancient Potion"},{"floor":2.0,"key":"Swift Potion"},{"floor":14.0,"key":"SteroidPotion"},{"floor":16.0,"key":"Regen Potion"}],"is_trial":false,"path_per_floor":["M","M","?","M","?","E","?","E","T","R","?","M","M","E","R","B",null,"M","?","?","T","$","E","?","R","T","R","E","M","M","E","R","B",null,"M","$","?","M","$","E","$","E","T","M","?","E","M","?","R","B",null,"R","$","E","B",null],"character_chosen":"THE_SILENT","items_purchased":["Thread and Needle","PiercingWail+1","Footwork","Leg Sweep+1","Riddle With Holes","Incense Burner","Accuracy","Calculated Gamble+1","War Paint"],"campfire_rested":2,"item_purchase_floors":[22,22,36,36,36,39,53,53,53],"current_hp_per_floor":[44,41,57,57,50,39,31,3,3,22,22,22,22,1,20,5,51,36,36,36,36,36,36,41,41,41,41,41,41,40,40,40,40,66,66,66,66,69,69,56,56,55,55,55,55,56,57,81,81,82,82,82,82,69,50],"gold":49,"neow_bonus":"ONE_RARE_RELIC","is_prod":false,"is_daily":false,"chose_seed":false,"campfire_upgraded":1,"win_rate":0,"timestamp":1565893443,"path_taken":["M","M","?","M","?","E","?","E","T","R","?","M","M","E","R","BOSS","M","?","?","?","$","E","?","R","T","R","E","M","?","E","R","BOSS","M","$","?","M","$","E","?","E","T","M","?","E","?","?","R","BOSS","R","$","E","BOSS"],"build_version":"2019-07-17","purchased_purges":1,"victory":true,"max_hp_per_floor":[66,66,66,66,66,66,66,66,66,66,66,66,66,66,66,66,66,66,66,66,66,66,66,66,66,66,66,66,66,66,66,66,66,72,72,72,72,75,75,76,76,77,77,78,78,79,80,81,81,82,82,82,82,83,84],"card_choices":[{"not_picked":["Flechettes","Blade Dance"],"picked":"Poisoned Stab","floor":1.0},{"not_picked":["Dodge and Roll","Bane"],"picked":"Dagger Spray","floor":2.0},{"not_picked":["All Out Attack","Eviscerate"],"picked":"Flying Knee","floor":4.0},{"not_picked":["Poisoned Stab","Dagger Spray"],"picked":"Endless Agony","floor":6.0},{"not_picked":["A Thousand Cuts","Poisoned Stab"],"picked":"Dodge and Roll","floor":8.0},{"not_picked":["Escape Plan+1","Well Laid Plans"],"picked":"Cloak And Dagger+1","floor":12.0},{"not_picked":["Masterful Stab","Prepared+1"],"picked":"Blade Dance+1","floor":13.0},{"not_picked":["Flying Knee","All Out Attack"],"picked":"Terror+1","floor":14.0},{"not_picked":["Adrenaline+1","Phantasmal Killer+1"],"picked":"Storm of Steel+1","floor":16.0},{"not_picked":["Dagger Throw","Slice"],"picked":"Well Laid Plans","floor":18.0},{"not_picked":["Bane","Setup+1"],"picked":"PiercingWail+1","floor":23.0},{"not_picked":["Skewer+1","Distraction+1"],"picked":"Riddle With Holes+1","floor":28.0},{"not_picked":["Bane","Poisoned Stab"],"picked":"Deflect+1","floor":29.0},{"not_picked":["Well Laid Plans","Tactician+1"],"picked":"Cloak And Dagger+1","floor":30.0},{"not_picked":["Noxious Fumes","Concentrate+1"],"picked":"Acrobatics+1","floor":31.0},{"not_picked":["Die Die Die","Bullet Time+1"],"picked":"After Image","floor":33.0},{"not_picked":["Acrobatics+1","Infinite Blades","Poisoned Stab"],"picked":"Singing Bowl","floor":34.0},{"not_picked":["Dagger Spray","Poisoned Stab"],"picked":"Doppelganger+1","floor":34.0},{"not_picked":["Eviscerate","Catalyst+1","Predator"],"picked":"Singing Bowl","floor":34.0},{"not_picked":["Escape Plan+1","Dagger Throw"],"picked":"Cloak And Dagger+1","floor":34.0},{"not_picked":["Prepared+1","Bouncing Flask+1","Dagger Spray"],"picked":"Singing Bowl","floor":34.0},{"not_picked":["Dagger Throw","Bane+1"],"picked":"Dodge and Roll+1","floor":35.0},{"not_picked":["Bane","Prepared+1","Deadly Poison+1"],"picked":"Singing Bowl","floor":38.0},{"not_picked":["Glass Knife","Endless Agony"],"picked":"Blade Dance+1","floor":40.0},{"not_picked":["Deflect+1","Heel Hook"],"picked":"Storm of Steel+1","floor":42.0},{"not_picked":["Bane+1","Slice"],"picked":"Crippling Poison+1","floor":44.0},{"not_picked":["Endless Agony","Infinite Blades"],"picked":"PiercingWail+1","floor":46.0},{"not_picked":["Footwork","Quick Slash"],"picked":"Leg Sweep+1","floor":47.0},{"not_picked":["Outmaneuver+1","Underhanded Strike"],"picked":"After Image","floor":48.0},{"not_picked":["Sucker Punch","Dagger Throw"],"picked":"Blade Dance+1","floor":54.0}],"player_experience":730290,"relics_obtained":[{"floor":6.0,"key":"Girya"},{"floor":7.0,"key":"Odd Mushroom"},{"floor":8.0,"key":"Boot"},{"floor":9.0,"key":"Toxic Egg 2"},{"floor":14.0,"key":"Pantograph"},{"floor":21.0,"key":"Meat on the Bone"},{"floor":23.0,"key":"Art of War"},{"floor":26.0,"key":"Bag of Preparation"},{"floor":28.0,"key":"Singing Bowl"},{"floor":31.0,"key":"Old Coin"},{"floor":40.0,"key":"Ginger"},{"floor":42.0,"key":"Kunai"},{"floor":46.0,"key":"Ninja Scroll"},{"floor":48.0,"key":"Calipers"},{"floor":54.0,"key":"Anchor"}],"event_choices":[{"damage_healed":16.0,"max_hp_gain":0.0,"max_hp_loss":0.0,"gold_gain":0.0,"event_name":"The Cleric","player_choice":"Healed","floor":3.0,"gold_loss":35.0,"damage_taken":0.0},{"cards_removed":["Strike_G"],"damage_healed":0.0,"max_hp_gain":0.0,"max_hp_loss":0.0,"gold_gain":0.0,"event_name":"Golden Wing","player_choice":"Card Removal","floor":5.0,"gold_loss":0.0,"damage_taken":7.0},{"damage_healed":0.0,"max_hp_gain":0.0,"max_hp_loss":0.0,"gold_gain":0.0,"event_name":"Mushrooms","player_choice":"Fought Mushrooms","floor":7.0,"gold_loss":0.0,"damage_taken":0.0},{"damage_healed":0.0,"max_hp_gain":0.0,"max_hp_loss":0.0,"gold_gain":0.0,"event_name":"Shining Light","player_choice":"Ignored","floor":11.0,"gold_loss":0.0,"damage_taken":0.0},{"damage_healed":0.0,"max_hp_gain":0.0,"max_hp_loss":0.0,"gold_gain":0.0,"event_name":"Back to Basics","player_choice":"Simplicity","floor":19.0,"gold_loss":0.0,"damage_taken":0.0,"cards_upgraded":["Strike_G","Strike_G","Strike_G","Strike_G","Defend_G","Defend_G","Defend_G","Defend_G","Defend_G"]},{"damage_healed":0.0,"max_hp_gain":0.0,"max_hp_loss":0.0,"gold_gain":0.0,"event_name":"The Library","player_choice":"Read","floor":20.0,"gold_loss":0.0,"damage_taken":0.0,"cards_obtained":["PiercingWail"]},{"cards_removed":["Poisoned Stab"],"damage_healed":5.0,"max_hp_gain":0.0,"max_hp_loss":0.0,"gold_gain":0.0,"event_name":"Bonfire Elementals","player_choice":"Offered Common","floor":24.0,"gold_loss":0.0,"damage_taken":0.0},{"cards_removed":["Poisoned Stab"],"damage_healed":5.0,"max_hp_gain":0.0,"max_hp_loss":0.0,"gold_gain":0.0,"event_name":"Bonfire Elementals","player_choice":"Offered Special","floor":24.0,"gold_loss":0.0,"damage_taken":0.0},{"damage_healed":0.0,"max_hp_gain":0.0,"max_hp_loss":0.0,"gold_gain":0.0,"event_name":"FaceTrader","player_choice":"Trade","floor":37.0,"gold_loss":0.0,"damage_taken":0.0,"relics_obtained":["FaceOfCleric"]},{"damage_healed":0.0,"max_hp_gain":0.0,"max_hp_loss":0.0,"gold_gain":0.0,"event_name":"Upgrade Shrine","player_choice":"Upgraded","floor":45.0,"gold_loss":0.0,"damage_taken":0.0,"cards_upgraded":["After Image"]},{"damage_healed":0.0,"max_hp_gain":0.0,"max_hp_loss":0.0,"gold_gain":0.0,"event_name":"MindBloom","player_choice":"Fight","floor":48.0,"gold_loss":0.0,"damage_taken":0.0}],"is_beta":false,"boss_relics":[{"not_picked":["HoveringKite","Tiny House"],"picked":"Sozu"},{"not_picked":["Runic Pyramid","Lizard Tail"],"picked":"Orrery"}],"items_purged_floors":[39],"is_endless":false,"potions_floor_spawned":[1,2,14,16,30,31,35,38,42],"ascension_level":15}