{"gold_per_floor":[130,162,188,125,152,198,210,57,57,93,93,133,30,64,64,162,162,175,189,209,209,209,250,250,250,250,293,311,39,57,88,88,178,178,194,194,94,113,126,159,159,192,242,257,280,300,316,316,316,316,316],"floor_reached":52,"playtime":3592,"items_purged":["Strike_R+1","Strike_R+1"],"score":2129,"play_id":"d5023e2b-adf6-491e-a5c5-6551374b37e2","local_time":"20191015173821","is_ascension_mode":true,"campfire_choices":[{"data":"Immolate","floor":11.0,"key":"SMITH"},{"data":"Feel No Pain","floor":15.0,"key":"SMITH"},{"data":"Demon Form","floor":24.0,"key":"SMITH"},{"data":"Evolve","floor":32.0,"key":"SMITH"},{"data":"Pummel","floor":41.0,"key":"SMITH"},{"data":"Bash","floor":49,"key":"SMITH"}],"neow_cost":"NONE","seed_source_timestamp":263407383805700,"circlet_count":0,"master_deck":["AscendersBane","Strike_R+1","Strike_R+1","Defend_R+1","Defend_R+1","Defend_R+1","Defend_R+1","Bash+1","Wild Strike","Cleave","Thunderclap","Immolate+1","Feel No Pain+1","Disarm+1","Blind+1","Warcry+1","Demon Form+1","Evolve+1","Reaper","Power Through+1","Pummel+1","Power Through+1","Warcry+1","Reckless Charge+1","Shrug It Off+1","Fiend Fire+1","True Grit+1","Corruption+1","Heavy Blade+1","Sentinel+1"],"special_seed":0,"relics":["Burning Blood","MawBank","Toxic Egg 2","Golden Idol","Medical Kit","Meat on the Bone","Oddly Smooth Stone","Bottled Tornado","Bottled Flame","Coffee Dripper","Bag of Preparation","Self Forming Clay","Matryoshka","Vajra","Bag of Marbles","Mark of Pain","Molten Egg 2","Frozen Egg 2","Bronze Scales","MealTicket"],"potions_floor_usage":[51],"damage_taken":[{"damage":4.0,"enemies":"Small Slimes","floor":1.0,"turns":4.0},{"damage":2.0,"enemies":"2 Louse","floor":2.0,"turns":3.0},{"damage":6.0,"enemies":"Cultist","floor":3.0,"turns":3.0},{"damage":16.0,"enemies":"Blue Slaver","floor":5.0,"turns":4.0},{"damage":31.0,"enemies":"Gremlin Nob","floor":6.0,"turns":4.0},{"damage":20.0,"enemies":"3 Sentries","floor":10.0,"turns":4.0},{"damage":31.0,"enemies":"Lagavulin","floor":12.0,"turns":5.0},{"damage":6.0,"enemies":"Gremlin Nob","floor":14.0,"turns":3.0},{"damage":10.0,"enemies":"Hexaghost","floor":16.0,"turns":13.0},{"damage":0.0,"enemies":"2 Thieves","floor":18.0,"turns":1.0},{"damage":25.0,"enemies":"Shell Parasite","floor":19.0,"turns":5.0},{"damage":21.0,"enemies":"3 Cultists","floor":20.0,"turns":5.0},{"damage":20.0,"enemies":"Slavers","floor":23.0,"turns":7.0},{"damage":26.0,"enemies":"Book of Stabbing","floor":27.0,"turns":8.0},{"damage":1.0,"enemies":"Centurion and Healer","floor":28.0,"turns":5.0},{"damage":8.0,"enemies":"Cultist and Chosen","floor":30.0,"turns":18.0},{"damage":20.0,"enemies":"Slavers","floor":31.0,"turns":10.0},{"damage":0.0,"enemies":"Champ","floor":33.0,"turns":15.0},{"damage":0.0,"enemies":"Orb Walker","floor":35.0,"turns":1.0},{"damage":0.0,"enemies":"3 Darklings","floor":38.0,"turns":4.0},{"damage":0.0,"enemies":"Sphere and 2 Shapes","floor":39.0,"turns":3.0},{"damage":16.0,"enemies":"Reptomancer","floor":40.0,"turns":6.0},{"damage":0.0,"enemies":"Nemesis","floor":42.0,"turns":5.0},{"damage":0.0,"enemies":"4 Shapes","floor":44.0,"turns":1.0},{"damage":25.0,"enemies":"Transient","floor":45.0,"turns":6.0},{"damage":0,"enemies":"Spire Growth","floor":46,"turns":5},{"damage":0,"enemies":"4 Shapes","floor":47,"turns":1},{"damage":47,"enemies":"Time Eater","floor":50,"turns":12},{"damage":3,"enemies":"Awakened One","floor":51,"turns":12}],"seed_played":"-7599261983911327157","potions_obtained":[{"floor":3.0,"key":"Strength Potion"},{"floor":6.0,"key":"SpeedPotion"},{"floor":10.0,"key":"Explosive Potion"},{"floor":14.0,"key":"AttackPotion"},{"floor":18.0,"key":"BloodPotion"},{"floor":19.0,"key":"Weak Potion"},{"floor":23.0,"key":"Energy Potion"},{"floor":27.0,"key":"SteroidPotion"},{"floor":38.0,"key":"Block Potion"},{"floor":45.0,"key":"DistilledChaos"}],"is_trial":false,"path_per_floor":["M","M","M","?","M","E","?","$","T","E","R","E","$","E","R","B",null,"M","M","M","?","?","E","R","?","T","E","M","$","M","E","R","B",null,"M","?","$","M","M","E","R","E","T","M","M","M","M","?","R","B","B",null],"character_chosen":"IRONCLAD","items_purchased":["Medical Kit","Blind+1","Vajra","Shrug It Off+1"],"campfire_rested":0,"item_purchase_floors":[8,13,29,29],"current_hp_per_floor":[70,74,74,74,64,39,39,39,39,37,37,24,24,36,36,44,62,68,49,46,46,46,52,52,52,52,50,55,55,68,68,68,68,68,68,68,68,68,68,68,68,68,68,68,49,62,68,65,65,59,65],"gold":316,"neow_bonus":"RANDOM_COMMON_RELIC","is_prod":false,"is_daily":false,"chose_seed":false,"campfire_upgraded":6,"win_rate":0,"timestamp":1571175501,"path_taken":["M","M","M","?","M","E","?","$","T","E","R","E","$","E","R","BOSS","M","M","M","?","?","E","R","?","T","E","M","$","?","E","R","BOSS","M","?","?","M","M","E","R","E","T","M","M","?","M","?","R","BOSS","BOSS"],"build_version":"2019-10-15","purchased_purges":2,"victory":true,"max_hp_per_floor":[75,75,75,75,75,75,68,68,68,68,68,68,68,68,68,68,68,68,68,68,68,68,68,68,68,68,68,68,68,68,68,68,68,68,68,68,68,68,68,68,68,68,68,68,68,68,68,65,65,65,65],"card_choices":[{"not_picked":["Rage","Inflame"],"picked":"Wild Strike","floor":1.0},{"not_picked":["Pommel Strike","Clothesline"],"picked":"Cleave","floor":2.0},{"not_picked":["Twin Strike","Flex","Cleave"],"picked":"SKIP","floor":3.0},{"not_picked":["Intimidate","Headbutt"],"picked":"Thunderclap","floor":5.0},{"not_picked":["Sever Soul","Armaments"],"picked":"Immolate","floor":6.0},{"not_picked":["Burning Pact+1","Whirlwind"],"picked":"Feel No Pain","floor":10.0},{"not_picked":["Ghostly Armor+1","Armaments+1"],"picked":"Disarm+1","floor":12.0},{"not_picked":["Hemokinesis","Armaments+1"],"picked":"Warcry+1","floor":14.0},{"not_picked":["Immolate","Reaper"],"picked":"Demon Form","floor":16.0},{"not_picked":["Disarm+1","Inflame"],"picked":"Evolve","floor":18.0},{"not_picked":["Havoc+1","Thunderclap","Cleave"],"picked":"SKIP","floor":19.0},{"not_picked":["Sword Boomerang+1","Cleave"],"picked":"Reaper","floor":20.0},{"not_picked":["Pommel Strike","Twin Strike"],"picked":"Pummel","floor":23.0},{"not_picked":["Heavy Blade+1","Wild Strike"],"picked":"Warcry+1","floor":27.0},{"not_picked":["Iron Wave","Bloodletting+1"],"picked":"Reckless Charge+1","floor":28.0},{"not_picked":["Anger","Sword Boomerang","Pummel"],"picked":"SKIP","floor":30.0},{"not_picked":["Twin Strike","Thunderclap","Spot Weakness+1"],"picked":"SKIP","floor":31.0},{"not_picked":["Brutality","Double Tap+1"],"picked":"Fiend Fire","floor":33.0},{"not_picked":["Dual Wield+1","Clash","Clothesline"],"picked":"SKIP","floor":35.0},{"not_picked":["Heavy Blade","Cleave+1","Warcry+1"],"picked":"SKIP","floor":38.0},{"not_picked":["Pommel Strike","Cleave","Warcry+1"],"picked":"SKIP","floor":39.0},{"not_picked":["Havoc+1","Body Slam"],"picked":"True Grit+1","floor":40.0},{"not_picked":["Clash+1","Intimidate+1","Havoc+1"],"picked":"SKIP","floor":42.0},{"not_picked":["Heavy Blade+1","Sword Boomerang+1"],"picked":"Corruption+1","floor":44.0},{"not_picked":["Hemokinesis+1","Feed+1","Second Wind+1"],"picked":"SKIP","floor":45.0},{"not_picked":["Wild Strike+1","Pummel+1"],"picked":"Heavy Blade+1","floor":46},{"not_picked":["Dual Wield+1","Twin Strike+1"],"picked":"Sentinel+1","floor":47}],"player_experience":911452,"relics_obtained":[{"floor":6.0,"key":"Toxic Egg 2"},{"floor":9.0,"key":"Meat on the Bone"},{"floor":10.0,"key":"Oddly Smooth Stone"},{"floor":12.0,"key":"Bottled Tornado"},{"floor":14.0,"key":"Bottled Flame"},{"floor":23.0,"key":"Bag of Preparation"},{"floor":26.0,"key":"Self Forming Clay"},{"floor":27.0,"key":"Matryoshka"},{"floor":31.0,"key":"Bag of Marbles"},{"floor":40.0,"key":"Molten Egg 2"},{"floor":42.0,"key":"Frozen Egg 2"},{"floor":43.0,"key":"Bronze Scales"},{"floor":43.0,"key":"MealTicket"}],"event_choices":[{"cards_removed":["Strike_R"],"damage_healed":0.0,"max_hp_gain":0.0,"max_hp_loss":0.0,"gold_gain":0.0,"event_name":"The Cleric","player_choice":"Card Removal","floor":4.0,"gold_loss":75.0,"damage_taken":0.0},{"damage_healed":0.0,"max_hp_gain":0.0,"max_hp_loss":7.0,"gold_gain":0.0,"event_name":"Golden Idol","player_choice":"Lose Max HP","floor":7.0,"gold_loss":0.0,"damage_taken":0.0,"relics_obtained":["Golden Idol"]},{"damage_healed":0.0,"max_hp_gain":0.0,"max_hp_loss":0.0,"gold_gain":0.0,"event_name":"Back to Basics","player_choice":"Simplicity","floor":21.0,"gold_loss":0.0,"damage_taken":0.0,"cards_upgraded":["Strike_R","Strike_R","Strike_R","Strike_R","Defend_R","Defend_R","Defend_R","Defend_R"]},{"damage_healed":0.0,"max_hp_gain":0.0,"max_hp_loss":0.0,"gold_gain":0.0,"event_name":"The Library","player_choice":"Read","floor":22.0,"gold_loss":0.0,"damage_taken":0.0,"cards_obtained":["Power Through"]},{"damage_healed":0.0,"max_hp_gain":0.0,"max_hp_loss":0.0,"gold_gain":0.0,"event_name":"Duplicator","player_choice":"Copied","floor":25.0,"gold_loss":0.0,"damage_taken":0.0,"cards_obtained":["Power Through"]},{"damage_healed":0.0,"max_hp_gain":0.0,"max_hp_loss":0.0,"gold_gain":0.0,"event_name":"Accursed Blacksmith","player_choice":"Forge","floor":36.0,"gold_loss":0.0,"damage_taken":0.0,"cards_upgraded":["Fiend Fire"]},{"damage_healed":0,"gold_gain":0,"player_choice":"Max HP","damage_taken":0,"max_hp_gain":0,"max_hp_loss":3,"event_name":"Winding Halls","floor":48,"gold_loss":0}],"is_beta":true,"boss_relics":[{"not_picked":["Velvet Choker","Philosopher\u0027s Stone"],"picked":"Coffee Dripper"},{"not_picked":["Busted Crown","Black Star"],"picked":"Mark of Pain"}],"items_purged_floors":[29,37],"is_endless":false,"potions_floor_spawned":[3,6,10,12,14,18,19,23,27,38,44,45,46],"ascension_level":20}