{"gold_per_floor":[363,84,101,101,101,101,121,152,207,219,219,252,268,268],"floor_reached":14,"playtime":504,"items_purged":["Strike_B"],"score":175,"play_id":"10c79a77-69bd-4854-bbfa-e602093dc05f","local_time":"20190719151806","is_ascension_mode":true,"campfire_choices":[{"data":"Zap","floor":6,"key":"SMITH"},{"data":"Chill","floor":11,"key":"SMITH"}],"neow_cost":"PERCENT_DAMAGE","seed_source_timestamp":713384992618656,"circlet_count":0,"master_deck":["AscendersBane","Strike_B","Strike_B","Strike_B","Defend_B","Defend_B","Defend_B","Defend_B","Zap+1","Dualcast","Chill+1","Gash","Coolheaded","Regret","Conserve Battery","Gash","Ball Lightning","FTL","Defragment"],"relics":["Cracked Core","Happy Flower","Strawberry","Lantern","Tiny Chest","Omamori"],"potions_floor_usage":[14,14],"damage_taken":[{"damage":8,"enemies":"Small Slimes","floor":1,"turns":4},{"damage":2,"enemies":"Jaw Worm","floor":3,"turns":3},{"damage":1,"enemies":"Cultist","floor":7,"turns":4},{"damage":38,"enemies":"Lagavulin","floor":8,"turns":8},{"damage":4,"enemies":"Looter","floor":10,"turns":3},{"damage":37,"enemies":"Gremlin Nob","floor":12,"turns":5},{"damage":5,"enemies":"Blue Slaver","floor":13,"turns":3},{"damage":8,"enemies":"Lagavulin","floor":14,"turns":5}],"seed_played":"7303429406351462729","potions_obtained":[{"floor":1,"key":"Dexterity Potion"},{"floor":10,"key":"FairyPotion"},{"floor":12,"key":"Explosive Potion"}],"is_trial":false,"path_per_floor":["M","$","M","?","?","R","M","E","T","M","R","E","M","E"],"character_chosen":"DEFECT","items_purchased":["Happy Flower","Gash"],"campfire_rested":0,"item_purchase_floors":[2,2],"current_hp_per_floor":[38,38,36,43,78,78,77,39,39,35,35,7,2,0],"gold":268,"neow_bonus":"TWO_FIFTY_GOLD","is_prod":false,"is_daily":false,"chose_seed":false,"campfire_upgraded":2,"win_rate":0,"timestamp":1563542286,"path_taken":["M","$","M","?","?","R","M","E","T","?","R","E","M","E"],"build_version":"2019-07-17","purchased_purges":1,"victory":false,"max_hp_per_floor":[71,71,71,78,78,78,78,78,78,78,78,78,78,78],"card_choices":[{"not_picked":["Aggregate","Tempest"],"picked":"Chill","floor":1},{"not_picked":["Hologram","Undo"],"picked":"Coolheaded","floor":3},{"not_picked":["Heatsinks","Stack"],"picked":"Conserve Battery","floor":7},{"not_picked":["Leap","Reprogram"],"picked":"Gash","floor":8},{"not_picked":["Go for the Eyes","Melter"],"picked":"Ball Lightning","floor":10},{"not_picked":["Undo","Melter"],"picked":"FTL","floor":12},{"not_picked":["Stack","Hologram"],"picked":"Defragment","floor":13}],"player_experience":659543,"relics_obtained":[{"floor":8,"key":"Lantern"},{"floor":9,"key":"Tiny Chest"},{"floor":12,"key":"Omamori"}],"event_choices":[{"damage_healed":0,"gold_gain":0,"player_choice":"Box","damage_taken":0,"relics_obtained":["Strawberry"],"max_hp_gain":0,"max_hp_loss":0,"event_name":"Big Fish","floor":4,"gold_loss":0,"cards_obtained":["Regret"]},{"damage_healed":35,"gold_gain":0,"player_choice":"Full Heal","damage_taken":0,"max_hp_gain":0,"max_hp_loss":0,"event_name":"Wheel of Change","floor":5,"gold_loss":0}],"is_beta":false,"boss_relics":[],"items_purged_floors":[2],"is_endless":false,"potions_floor_spawned":[1,10,12],"killed_by":"Lagavulin","ascension_level":15}