{"gold_per_floor":[114,126,47,47,60,60,95,115,140,152,165,165,190,115,115,115],"floor_reached":16,"playtime":798,"items_purged":[],"score":196,"play_id":"b2abb19e-85b5-4b68-b22c-dad3b33d53ed","local_time":"20190619181002","is_ascension_mode":true,"campfire_choices":[{"floor":6.0,"key":"DIG"},{"floor":12.0,"key":"DIG"},{"floor":15.0,"key":"DIG"}],"neow_cost":"TEN_PERCENT_HP_LOSS","seed_source_timestamp":612098483922968,"circlet_count":0,"master_deck":["AscendersBane","Defend_G","Defend_G","Defend_G","Defend_G","Defend_G","Strike_G","Strike_G","Strike_G","Strike_G","Survivor","Neutralize","Bouncing Flask","Backstab","Crippling Poison","Dodge and Roll","Adrenaline","Blur","Deflect"],"special_seed":0,"relics":["Ring of the Snake","Shovel","Bag of Marbles","Strawberry","Letter Opener","Bronze Scales","Bottled Lightning","The Specimen","Tingsha"],"potions_floor_usage":[16,16],"damage_taken":[{"damage":2.0,"enemies":"Cultist","floor":1.0,"turns":5.0},{"damage":0.0,"enemies":"2 Louse","floor":2.0,"turns":2.0},{"damage":2.0,"enemies":"Small Slimes","floor":5.0,"turns":3.0},{"damage":24.0,"enemies":"Gremlin Nob","floor":7.0,"turns":4.0},{"damage":0.0,"enemies":"3 Louse","floor":8.0,"turns":2.0},{"damage":0.0,"enemies":"Lots of Slimes","floor":10.0,"turns":3.0},{"damage":6.0,"enemies":"Large Slime","floor":11.0,"turns":7.0},{"damage":12.0,"enemies":"Lagavulin","floor":13.0,"turns":5.0},{"damage":31,"enemies":"Slime Boss","floor":16,"turns":9}],"seed_played":"6518232282915897005","potions_obtained":[{"floor":1.0,"key":"Ancient Potion"},{"floor":5.0,"key":"Explosive Potion"},{"floor":8.0,"key":"SteroidPotion"},{"floor":13.0,"key":"Fruit Juice"}],"is_trial":false,"path_per_floor":["M","M","$","?","M","R","E","M","T","M","M","R","E","?","R","B"],"character_chosen":"THE_SILENT","items_purchased":["Crippling Poison"],"campfire_rested":0,"item_purchase_floors":[3],"current_hp_per_floor":[57,57,57,57,55,62,38,38,38,38,32,32,20,20,20,0],"gold":115,"neow_bonus":"ONE_RARE_RELIC","is_prod":false,"is_daily":false,"chose_seed":false,"campfire_upgraded":0,"win_rate":0,"timestamp":1560960602,"path_taken":["M","?","$","?","M","R","E","M","T","M","?","R","E","?","R","BOSS"],"build_version":"2019-01-23","purchased_purges":0,"victory":false,"max_hp_per_floor":[60,60,60,60,60,67,67,67,67,67,67,67,67,67,67,72],"card_choices":[{"not_picked":["Dagger Throw","Deflect"],"picked":"Bouncing Flask","floor":1.0},{"not_picked":["Prepared","Flying Knee"],"picked":"Backstab","floor":2.0},{"not_picked":["Finisher","Expertise"],"picked":"Dodge and Roll","floor":5.0},{"not_picked":["Well Laid Plans","Accuracy"],"picked":"Adrenaline","floor":7.0},{"not_picked":["Cloak And Dagger","Deadly Poison"],"picked":"Blur","floor":8.0},{"not_picked":["Heel Hook","Bane","Concentrate"],"picked":"SKIP","floor":10.0},{"not_picked":["Flying Knee","Acrobatics","Tactician"],"picked":"SKIP","floor":11.0},{"not_picked":["Prepared","Accuracy"],"picked":"Deflect","floor":13.0}],"player_experience":567194,"relics_obtained":[{"floor":6.0,"key":"Strawberry"},{"floor":7.0,"key":"Letter Opener"},{"floor":9.0,"key":"Bronze Scales"},{"floor":12.0,"key":"Bottled Lightning"},{"floor":13.0,"key":"The Specimen"},{"floor":15.0,"key":"Tingsha"}],"event_choices":[{"damage_healed":0.0,"max_hp_gain":0.0,"max_hp_loss":0.0,"gold_gain":0.0,"event_name":"WeMeetAgain","player_choice":"Gave Potion","floor":4.0,"gold_loss":0.0,"damage_taken":0.0,"relics_obtained":["Bag of Marbles"]},{"cards_removed":["Strike_G"],"damage_healed":0.0,"max_hp_gain":0.0,"max_hp_loss":0.0,"gold_gain":0.0,"event_name":"The Cleric","player_choice":"Card Removal","floor":14.0,"gold_loss":75.0,"damage_taken":0.0}],"is_beta":false,"boss_relics":[],"items_purged_floors":[],"is_endless":false,"potions_floor_spawned":[1,5,8,13],"killed_by":"Slime Boss","ascension_level":15}