{"gold_per_floor":[116,134,148,164,180,180,206,206,206,216,216,63,74,101,101,201,201,201,201,201,201,201,201,201,201,201,201,201,201,201,201,201,201,201,201,201,201,201,201,201,201,201,201,201,201,201,201,201,201,201,201,201,27,27,27],"floor_reached":55,"playtime":4232,"items_purged":["Strike_R","Parasite"],"score":837,"play_id":"fa5ddcda-a3ba-4bcb-a34a-fa87651e546b","local_time":"20190927214750","is_ascension_mode":false,"campfire_choices":[{"data":"Whirlwind","floor":6.0,"key":"SMITH"},{"data":"Bash","floor":8.0,"key":"SMITH"},{"data":"True Grit","floor":11.0,"key":"SMITH"},{"data":"Combust","floor":15.0,"key":"SMITH"},{"data":"Fiend Fire","floor":23.0,"key":"SMITH"},{"data":"Body Slam","floor":27.0,"key":"SMITH"},{"data":"Rupture","floor":32.0,"key":"SMITH"},{"floor":41.0,"key":"REST"},{"floor":44.0,"key":"RECALL"},{"floor":46.0,"key":"REST"},{"data":"Barricade","floor":49.0,"key":"SMITH"},{"data":"Entrench","floor":52,"key":"SMITH"}],"neow_cost":"NONE","seed_source_timestamp":1189985599850550,"circlet_count":0,"master_deck":["Strike_R+1","Strike_R+1","Strike_R+1","Strike_R+1","Defend_R+1","Defend_R+1","Defend_R+1","Defend_R+1","Bash+1","Feed","Battle Trance","True Grit+1","Disarm","Whirlwind+1","Power Through","Anger","Metallicize","Combust+1","Pommel Strike","Thunderclap","Immolate","True Grit","Rage+1","Twin Strike","Fiend Fire+1","Shrug It Off+1","Body Slam+1","Shrug It Off+1","Rupture+1","Barricade+1","Metallicize","Disarm+1","Entrench+1","Body Slam","Power Through","Second Wind+1","Spot Weakness","Body Slam+1","Juggernaut+1","Rage+1","Corruption+1"],"special_seed":0,"relics":["Burning Blood","Juzu Bracelet","Prayer Wheel","Blue Candle","Ectoplasm","FossilizedHelix","Paper Frog","Blood Vial","Black Star","Unceasing Top","Molten Egg 2","Sundial","Frozen Egg 2","Strawberry","Bag of Marbles","Mercury Hourglass"],"potions_floor_usage":[55,55,55],"damage_taken":[{"damage":6.0,"enemies":"Jaw Worm","floor":1.0,"turns":3.0},{"damage":2.0,"enemies":"Small Slimes","floor":2.0,"turns":5.0},{"damage":0.0,"enemies":"2 Louse","floor":3.0,"turns":3.0},{"damage":9.0,"enemies":"2 Fungi Beasts","floor":4.0,"turns":5.0},{"damage":8.0,"enemies":"Looter","floor":5.0,"turns":4.0},{"damage":15.0,"enemies":"3 Sentries","floor":7.0,"turns":5.0},{"damage":1.0,"enemies":"3 Louse","floor":10.0,"turns":4.0},{"damage":5.0,"enemies":"Blue Slaver","floor":13.0,"turns":5.0},{"damage":27.0,"enemies":"Gremlin Nob","floor":14.0,"turns":5.0},{"damage":40.0,"enemies":"The Guardian","floor":16.0,"turns":12.0},{"damage":19.0,"enemies":"Chosen","floor":18.0,"turns":7.0},{"damage":2.0,"enemies":"Shell Parasite","floor":19.0,"turns":5.0},{"damage":21.0,"enemies":"Chosen and Byrds","floor":20.0,"turns":7.0},{"damage":0.0,"enemies":"Centurion and Healer","floor":21.0,"turns":10.0},{"damage":6.0,"enemies":"Snecko","floor":22.0,"turns":6.0},{"damage":13.0,"enemies":"Snake Plant","floor":24.0,"turns":2.0},{"damage":22.0,"enemies":"Book of Stabbing","floor":25.0,"turns":6.0},{"damage":0.0,"enemies":"Cultist and Chosen","floor":28.0,"turns":8.0},{"damage":1.0,"enemies":"Sentry and Sphere","floor":30.0,"turns":3.0},{"damage":20.0,"enemies":"Gremlin Leader","floor":31.0,"turns":5.0},{"damage":40.0,"enemies":"Champ","floor":33.0,"turns":10.0},{"damage":0.0,"enemies":"Orb Walker","floor":35.0,"turns":4.0},{"damage":25.0,"enemies":"Mind Bloom Boss Battle","floor":36.0,"turns":9.0},{"damage":2.0,"enemies":"3 Darklings","floor":37.0,"turns":7.0},{"damage":5.0,"enemies":"4 Shapes","floor":38.0,"turns":15.0},{"damage":93.0,"enemies":"Reptomancer","floor":40.0,"turns":12.0},{"damage":45.0,"enemies":"Nemesis","floor":42.0,"turns":25.0},{"damage":14.0,"enemies":"Sphere and 2 Shapes","floor":45.0,"turns":6.0},{"damage":7.0,"enemies":"Maw","floor":47.0,"turns":9.0},{"damage":10.0,"enemies":"Writhing Mass","floor":48.0,"turns":12.0},{"damage":41,"enemies":"Awakened One","floor":50,"turns":18},{"damage":119,"enemies":"Shield and Spear","floor":54,"turns":12},{"damage":50,"enemies":"The Heart","floor":55,"turns":8}],"seed_played":"-4700144760755730662","potions_obtained":[{"floor":1.0,"key":"SteroidPotion"},{"floor":2.0,"key":"Block Potion"},{"floor":10.0,"key":"Block Potion"},{"floor":13.0,"key":"Poison Potion"},{"floor":20.0,"key":"AttackPotion"},{"floor":21.0,"key":"Dexterity Potion"},{"floor":25.0,"key":"SteroidPotion"},{"floor":28.0,"key":"Explosive Potion"},{"floor":37.0,"key":"Regen Potion"},{"floor":40.0,"key":"LiquidBronze"},{"floor":45.0,"key":"EssenceOfSteel"}],"is_trial":false,"path_per_floor":["M","M","M","M","M","R","E","R","T","M","R","$","M","E","R","B",null,"M","M","M","M","M","R","M","E","T","R","M","?","M","E","R","B",null,"M","?","M","M","?","E","R","E","T","R","M","R","M","M","R","B",null,"R","$","E","B"],"character_chosen":"IRONCLAD","items_purchased":["Combust","LiquidBronze"],"campfire_rested":2,"item_purchase_floors":[12,53],"current_hp_per_floor":[83,86,89,89,90,90,81,81,81,89,89,89,93,72,72,38,101,88,92,80,89,89,89,82,66,66,66,75,75,80,66,66,37,113,116,100,109,115,115,30,67,40,40,40,37,78,82,83,83,50,144,144,141,31,0],"gold":27,"neow_bonus":"ONE_RANDOM_RARE_CARD","is_prod":false,"is_daily":false,"chose_seed":false,"campfire_upgraded":9,"win_rate":0,"timestamp":1569635270,"path_taken":["M","M","M","M","M","R","E","R","T","M","R","$","M","E","R","BOSS","M","M","M","M","M","R","M","E","T","R","M","?","M","E","R","BOSS","M","?","M","M","?","E","R","E","T","R","M","R","M","M","R","BOSS","R","$","E","BOSS"],"build_version":"2019-07-17","purchased_purges":2,"victory":false,"max_hp_per_floor":[83,86,89,92,95,95,95,95,95,98,98,98,101,101,101,101,101,101,101,104,107,107,107,107,107,107,107,110,110,110,110,110,113,113,116,119,122,125,125,125,125,135,135,135,138,138,141,144,144,144,144,144,141,144,144],"card_choices":[{"not_picked":["Whirlwind","Clothesline"],"picked":"Battle Trance","floor":1.0},{"not_picked":["Wild Strike","Dropkick"],"picked":"True Grit","floor":2.0},{"not_picked":["Clash","Reckless Charge"],"picked":"Disarm","floor":3.0},{"not_picked":["Armaments","Bloodletting"],"picked":"Whirlwind","floor":4.0},{"not_picked":["Clothesline","Infernal Blade"],"picked":"Power Through","floor":5.0},{"not_picked":["Evolve","Sword Boomerang"],"picked":"Anger","floor":7.0},{"not_picked":["Body Slam","Second Wind"],"picked":"Metallicize","floor":10.0},{"not_picked":["Cleave","Warcry","Havoc"],"picked":"SKIP","floor":10.0},{"not_picked":["Whirlwind","Flex"],"picked":"Pommel Strike","floor":13.0},{"not_picked":["Body Slam","Perfected Strike","Iron Wave"],"picked":"SKIP","floor":13.0},{"not_picked":["Shrug It Off","Iron Wave"],"picked":"Thunderclap","floor":14.0},{"not_picked":["Dark Embrace","Fiend Fire"],"picked":"Immolate","floor":16.0},{"not_picked":["Whirlwind","Sword Boomerang"],"picked":"True Grit","floor":18.0},{"not_picked":["Flex","Iron Wave","Warcry+1"],"picked":"SKIP","floor":18.0},{"not_picked":["Whirlwind","Warcry","Flex"],"picked":"SKIP","floor":19.0},{"not_picked":["Corruption","Seeing Red","Carnage"],"picked":"SKIP","floor":19.0},{"not_picked":["Cleave","Infernal Blade"],"picked":"Rage+1","floor":20.0},{"not_picked":["Clash","Seeing Red"],"picked":"Twin Strike","floor":20.0},{"not_picked":["Pommel Strike","Thunderclap","Clash"],"picked":"SKIP","floor":21.0},{"not_picked":["Cleave","Sever Soul","Iron Wave"],"picked":"SKIP","floor":21.0},{"not_picked":["Ghostly Armor","Pommel Strike"],"picked":"Fiend Fire","floor":22.0},{"not_picked":["Armaments","Havoc","Iron Wave"],"picked":"SKIP","floor":22.0},{"not_picked":["Iron Wave+1","Seeing Red"],"picked":"Shrug It Off+1","floor":24.0},{"not_picked":["Heavy Blade","Seeing Red","Disarm"],"picked":"SKIP","floor":24.0},{"not_picked":["Clash+1","Fire Breathing+1"],"picked":"Body Slam","floor":25.0},{"not_picked":["Sentinel","Brutality"],"picked":"Shrug It Off+1","floor":28.0},{"not_picked":["Wild Strike","Headbutt","True Grit"],"picked":"SKIP","floor":28.0},{"not_picked":["Clothesline+1","Flex"],"picked":"Rupture","floor":30.0},{"not_picked":["Intimidate","Burning Pact","Corruption+1"],"picked":"SKIP","floor":30.0},{"not_picked":["Exhume","Infernal Blade","Heavy Blade"],"picked":"SKIP","floor":31.0},{"not_picked":["Offering","Impervious"],"picked":"Barricade","floor":33.0},{"not_picked":["Clash","Headbutt"],"picked":"Metallicize","floor":35.0},{"not_picked":["Heavy Blade+1","Sword Boomerang+1","Shrug It Off"],"picked":"SKIP","floor":35.0},{"not_picked":["Anger","Thunderclap"],"picked":"Disarm+1","floor":36.0},{"not_picked":["Thunderclap","Feel No Pain+1"],"picked":"Entrench","floor":37.0},{"not_picked":["True Grit","Dark Embrace","Flex"],"picked":"SKIP","floor":37.0},{"not_picked":["Pommel Strike","Armaments"],"picked":"Body Slam","floor":38.0},{"not_picked":["Sentinel","Warcry+1","Searing Blow"],"picked":"SKIP","floor":38.0},{"not_picked":["Ghostly Armor","Dual Wield"],"picked":"Power Through","floor":40.0},{"not_picked":["Thunderclap+1","Carnage+1"],"picked":"Second Wind+1","floor":42.0},{"not_picked":["Ghostly Armor+1","Rage+1"],"picked":"Spot Weakness","floor":45.0},{"not_picked":["Anger+1","Pommel Strike+1"],"picked":"Body Slam+1","floor":45.0},{"not_picked":["Iron Wave+1","Flex"],"picked":"Juggernaut+1","floor":47.0},{"not_picked":["Twin Strike+1","Intimidate","Anger+1"],"picked":"SKIP","floor":47.0},{"not_picked":["Flame Barrier+1","Bludgeon+1"],"picked":"Rage+1","floor":48.0},{"not_picked":["Iron Wave+1","Sword Boomerang+1","Metallicize+1"],"picked":"SKIP","floor":48.0},{"not_picked":["Clash+1","Ghostly Armor+1"],"picked":"Corruption+1","floor":54}],"player_experience":1317574,"relics_obtained":[{"floor":7.0,"key":"Juzu Bracelet"},{"floor":9.0,"key":"Prayer Wheel"},{"floor":14.0,"key":"Blue Candle"},{"floor":25.0,"key":"FossilizedHelix"},{"floor":26.0,"key":"Paper Frog"},{"floor":31.0,"key":"Blood Vial"},{"floor":36.0,"key":"Unceasing Top"},{"floor":40.0,"key":"Molten Egg 2"},{"floor":40.0,"key":"Sundial"},{"floor":42.0,"key":"Frozen Egg 2"},{"floor":42.0,"key":"Strawberry"},{"floor":54,"key":"Bag of Marbles"},{"floor":54,"key":"Mercury Hourglass"}],"event_choices":[{"damage_healed":0.0,"max_hp_gain":0.0,"max_hp_loss":0.0,"gold_gain":0.0,"event_name":"Back to Basics","player_choice":"Simplicity","floor":29.0,"gold_loss":0.0,"damage_taken":0.0,"cards_upgraded":["Strike_R","Strike_R","Strike_R","Strike_R","Defend_R","Defend_R","Defend_R","Defend_R"]},{"damage_healed":0.0,"max_hp_gain":0.0,"max_hp_loss":0.0,"gold_gain":0.0,"event_name":"MindBloom","player_choice":"Fight","floor":36.0,"gold_loss":0.0,"damage_taken":0.0},{"damage_healed":0.0,"max_hp_gain":0.0,"max_hp_loss":0.0,"gold_gain":0.0,"event_name":"Mysterious Sphere","player_choice":"Ignored","floor":39.0,"gold_loss":0.0,"damage_taken":0.0}],"is_beta":false,"boss_relics":[{"not_picked":["Runic Cube","White Beast Statue"],"picked":"Ectoplasm"},{"not_picked":["Lizard Tail","Coffee Dripper"],"picked":"Black Star"}],"items_purged_floors":[12,53],"is_endless":false,"potions_floor_spawned":[1,2,10,13,20,21,24,25,28,37,40,45,54],"killed_by":"The Heart","ascension_level":0}