{"gold_per_floor":[113,125,125,125,125,125,151,151,232,251,251,286,286,341,341,412,412,337,337,337,348,23,53,80,105,132,148,148,22,47,76,88,175,187,210,222,249,280,306,348,373,418,430,458,345,380,391,491,491,491,491,491,92,127,127],"floor_reached":56,"playtime":5143,"items_purged":["Strike_G","Injury","Strike_G+1","Strike_G+1"],"score":2608,"play_id":"36a26d54-c340-4c46-8104-23e035c4a153","local_time":"20190707011403","is_ascension_mode":true,"campfire_choices":[{"data":"Footwork","floor":6.0,"key":"SMITH"},{"floor":8.0,"key":"REST"},{"floor":11.0,"key":"REST"},{"data":"Blur","floor":13.0,"key":"SMITH"},{"floor":15.0,"key":"REST"},{"floor":28.0,"key":"REST"},{"floor":32.0,"key":"REST"},{"floor":49.0,"key":"RECALL"},{"data":"Well Laid Plans","floor":52.0,"key":"SMITH"}],"neow_cost":"CURSE","seed_source_timestamp":1118897468987069,"circlet_count":0,"master_deck":["AscendersBane","Strike_G+1","Defend_G","Defend_G","Defend_G","Defend_G","Defend_G","Survivor","Neutralize+1","Deflect+1","Footwork+1","Backflip+1","Blur+1","Bouncing Flask+1","A Thousand Cuts","Adrenaline","PiercingWail","Catalyst","Well Laid Plans+1","Dark Shackles","Catalyst","Leg Sweep","Deadly Poison","Backflip","Backflip","Deflect","Backflip","Leg Sweep","Burst","Escape Plan","Crippling Poison","PiercingWail","Caltrops","Noxious Fumes","Crippling Poison","Dodge and Roll+1","PiercingWail","Skewer+1","Backflip","Backflip","Noxious Fumes"],"special_seed":0,"relics":["Ring of the Snake","Torii","Regal Pillow","Matryoshka","War Paint","PreservedInsect","Black Star","Enchiridion","Ninja Scroll","Du-Vu Doll","Orichalcum","Red Mask","Strawberry","Vajra","Dodecahedron","Centennial Puzzle","Anchor","MawBank","Sozu","Gremlin Horn","Pantograph","Nunchaku","Whetstone","Dream Catcher","Ginger","Kunai","Calipers","Membership Card","Art of War","Shuriken","Blood Vial"],"potions_floor_usage":[],"damage_taken":[{"damage":0.0,"enemies":"Cultist","floor":1.0,"turns":4.0},{"damage":0.0,"enemies":"2 Louse","floor":2.0,"turns":4.0},{"damage":30.0,"enemies":"Lagavulin","floor":7.0,"turns":20.0},{"damage":0.0,"enemies":"Small Slimes","floor":10.0,"turns":5.0},{"damage":47.0,"enemies":"Gremlin Nob","floor":12.0,"turns":7.0},{"damage":0.0,"enemies":"Lagavulin Event","floor":14.0,"turns":5.0},{"damage":45.0,"enemies":"Slime Boss","floor":16.0,"turns":19.0},{"damage":10.0,"enemies":"2 Thieves","floor":18.0,"turns":5.0},{"damage":0.0,"enemies":"Shell Parasite","floor":21.0,"turns":7.0},{"damage":0.0,"enemies":"Gremlin Leader","floor":23.0,"turns":7.0},{"damage":12.0,"enemies":"Masked Bandits","floor":24.0,"turns":6.0},{"damage":13.0,"enemies":"Book of Stabbing","floor":25.0,"turns":5.0},{"damage":1.0,"enemies":"Snecko","floor":27.0,"turns":6.0},{"damage":8.0,"enemies":"Gremlin Leader","floor":30.0,"turns":6.0},{"damage":1.0,"enemies":"Snake Plant","floor":31.0,"turns":5.0},{"damage":58.0,"enemies":"Automaton","floor":33.0,"turns":16.0},{"damage":6.0,"enemies":"3 Darklings","floor":35.0,"turns":7.0},{"damage":1.0,"enemies":"3 Shapes","floor":37.0,"turns":7.0},{"damage":1.0,"enemies":"Sphere and 2 Shapes","floor":38.0,"turns":6.0},{"damage":0.0,"enemies":"Transient","floor":39.0,"turns":5.0},{"damage":18.0,"enemies":"Reptomancer","floor":40.0,"turns":9.0},{"damage":1.0,"enemies":"Spire Growth","floor":41.0,"turns":4.0},{"damage":23.0,"enemies":"Giant Head","floor":42.0,"turns":9.0},{"damage":1.0,"enemies":"Sphere and 2 Shapes","floor":44.0,"turns":6.0},{"damage":1.0,"enemies":"Reptomancer","floor":46.0,"turns":4.0},{"damage":1.0,"enemies":"Transient","floor":47.0,"turns":5.0},{"damage":0.0,"enemies":"Mind Bloom Boss Battle","floor":48.0,"turns":7.0},{"damage":7.0,"enemies":"Time Eater","floor":50.0,"turns":14.0},{"damage":31.0,"enemies":"Shield and Spear","floor":54.0,"turns":9.0},{"damage":54,"enemies":"The Heart","floor":55,"turns":10}],"seed_played":"-5482451824871242202","potions_obtained":[{"floor":7.0,"key":"EntropicBrew"},{"floor":12.0,"key":"SkillPotion"},{"floor":14.0,"key":"Ancient Potion"},{"floor":16.0,"key":"Fruit Juice"},{"floor":27.0,"key":"AttackPotion"}],"is_trial":false,"path_per_floor":["M","M","?","?","?","R","E","R","T","M","R","E","R","?","R","B",null,"M","?","?","M","$","E","?","E","T","M","R","$","E","M","R","B",null,"M","?","M","M","M","E","M","E","T","M","$","E","M","?","R","B",null,"R","$","E","B",null],"character_chosen":"THE_SILENT","items_purchased":["Well Laid Plans","Dark Shackles","Catalyst","Deflect","Membership Card","Art of War","Backflip","Noxious Fumes"],"campfire_rested":5,"item_purchase_floors":[22,22,22,29,53,53,53,53],"current_hp_per_floor":[59,59,59,39,32,32,2,36,36,36,66,19,19,19,53,8,52,47,26,26,26,26,26,14,8,8,7,45,45,37,36,74,16,63,57,57,56,55,55,37,36,13,13,12,12,11,10,35,35,53,69,69,69,38,11],"gold":127,"neow_bonus":"ONE_RARE_RELIC","is_prod":false,"is_daily":false,"chose_seed":false,"campfire_upgraded":3,"win_rate":0,"timestamp":1562454843,"path_taken":["M","?","?","?","?","R","E","R","T","M","R","E","R","?","R","BOSS","M","?","?","?","$","E","?","E","T","M","R","$","E","M","R","BOSS","M","?","M","M","M","E","M","E","T","M","$","E","M","?","R","BOSS","R","$","E","BOSS"],"build_version":"2019-07-05","purchased_purges":4,"victory":true,"max_hp_per_floor":[66,66,66,66,66,66,66,66,66,66,66,66,66,66,66,66,66,71,71,71,71,71,71,71,78,78,78,78,78,78,78,78,78,78,78,74,74,74,74,74,74,74,74,74,74,74,74,74,74,74,74,74,74,74,74],"card_choices":[{"not_picked":["Cloak And Dagger","Backflip"],"picked":"Deflect","floor":1.0},{"not_picked":["Calculated Gamble","Bane"],"picked":"Footwork","floor":2.0},{"not_picked":["Flechettes","Flying Knee"],"picked":"Backflip","floor":7.0},{"not_picked":["Slice","Blade Dance"],"picked":"Blur","floor":10.0},{"not_picked":["Concentrate","Outmaneuver"],"picked":"Bouncing Flask","floor":12.0},{"not_picked":["Bane","Heel Hook"],"picked":"A Thousand Cuts","floor":14.0},{"not_picked":["Phantasmal Killer","Die Die Die"],"picked":"Adrenaline","floor":16.0},{"not_picked":["Cloak And Dagger","Deadly Poison"],"picked":"PiercingWail","floor":18.0},{"not_picked":["Backflip","Dagger Throw"],"picked":"Catalyst","floor":21.0},{"not_picked":["Deadly Poison","Tactician"],"picked":"Leg Sweep","floor":23.0},{"not_picked":["Heel Hook","Masterful Stab"],"picked":"Deadly Poison","floor":24.0},{"not_picked":["Poisoned Stab","Sucker Punch"],"picked":"Backflip","floor":25.0},{"not_picked":["Bullet Time","Slice"],"picked":"Backflip","floor":27.0},{"not_picked":["Underhanded Strike","Dagger Throw"],"picked":"Backflip","floor":30.0},{"not_picked":["Outmaneuver","Bouncing Flask"],"picked":"Leg Sweep","floor":31.0},{"not_picked":["Bullet Time","Venomology"],"picked":"Burst","floor":33.0},{"not_picked":["Underhanded Strike","Quick Slash"],"picked":"Escape Plan","floor":35.0},{"not_picked":["Flying Knee+1","Sucker Punch"],"picked":"Crippling Poison","floor":37.0},{"not_picked":["Catalyst","Slice","Flechettes"],"picked":"SKIP","floor":38.0},{"not_picked":["Cloak And Dagger","Dagger Spray"],"picked":"PiercingWail","floor":39.0},{"not_picked":["Dagger Spray","PiercingWail"],"picked":"Caltrops","floor":40.0},{"not_picked":["Prepared","Bane"],"picked":"Noxious Fumes","floor":41.0},{"not_picked":["Dagger Throw","Unload"],"picked":"Crippling Poison","floor":42.0},{"not_picked":["PiercingWail+1","Terror+1"],"picked":"Dodge and Roll+1","floor":44.0},{"not_picked":["Blade Dance","Leg Sweep"],"picked":"PiercingWail","floor":46.0},{"not_picked":["Backflip","Storm of Steel"],"picked":"Skewer+1","floor":47.0},{"not_picked":["Prepared","Underhanded Strike"],"picked":"Backflip","floor":48.0},{"not_picked":["Blur","Doppelganger","Slice+1"],"picked":"SKIP","floor":54.0}],"player_experience":623954,"relics_obtained":[{"floor":7.0,"key":"Regal Pillow"},{"floor":9.0,"key":"Matryoshka"},{"floor":12.0,"key":"War Paint"},{"floor":19.0,"key":"Enchiridion"},{"floor":20.0,"key":"Ninja Scroll"},{"floor":23.0,"key":"Du-Vu Doll"},{"floor":23.0,"key":"Orichalcum"},{"floor":24.0,"key":"Red Mask"},{"floor":25.0,"key":"Strawberry"},{"floor":25.0,"key":"Vajra"},{"floor":26.0,"key":"Dodecahedron"},{"floor":26.0,"key":"Centennial Puzzle"},{"floor":30.0,"key":"Anchor"},{"floor":30.0,"key":"MawBank"},{"floor":40.0,"key":"Gremlin Horn"},{"floor":40.0,"key":"Pantograph"},{"floor":42.0,"key":"Nunchaku"},{"floor":42.0,"key":"Whetstone"},{"floor":43.0,"key":"Dream Catcher"},{"floor":46.0,"key":"Ginger"},{"floor":46.0,"key":"Kunai"},{"floor":48.0,"key":"Calipers"},{"floor":54.0,"key":"Shuriken"},{"floor":54.0,"key":"Blood Vial"}],"event_choices":[{"damage_healed":0.0,"max_hp_gain":0.0,"max_hp_loss":0.0,"gold_gain":0.0,"event_name":"Living Wall","player_choice":"Grow","floor":3.0,"gold_loss":0.0,"damage_taken":0.0,"cards_upgraded":["Neutralize"]},{"damage_healed":0.0,"max_hp_gain":0.0,"max_hp_loss":0.0,"gold_gain":0.0,"event_name":"Shining Light","player_choice":"Entered Light","floor":4.0,"gold_loss":0.0,"damage_taken":20.0,"cards_upgraded":["Strike_G","Deflect"]},{"cards_removed":["Strike_G"],"damage_healed":0.0,"max_hp_gain":0.0,"max_hp_loss":0.0,"gold_gain":0.0,"event_name":"Golden Wing","player_choice":"Card Removal","floor":5.0,"gold_loss":0.0,"damage_taken":7.0},{"damage_healed":0.0,"max_hp_gain":0.0,"max_hp_loss":0.0,"gold_gain":0.0,"event_name":"Dead Adventurer","player_choice":"Searched \u00272\u0027 times","floor":14.0,"gold_loss":0.0,"damage_taken":0.0,"relics_obtained":["PreservedInsect"]},{"damage_healed":0.0,"max_hp_gain":0.0,"max_hp_loss":0.0,"gold_gain":0.0,"event_name":"Cursed Tome","player_choice":"Obtained Book","floor":19.0,"gold_loss":0.0,"damage_taken":21.0},{"damage_healed":0.0,"max_hp_gain":0.0,"max_hp_loss":0.0,"gold_gain":0.0,"event_name":"Wheel of Change","player_choice":"Relic","floor":20.0,"gold_loss":0.0,"damage_taken":0.0},{"damage_healed":0.0,"max_hp_gain":0.0,"max_hp_loss":0.0,"gold_gain":0.0,"event_name":"Masked Bandits","player_choice":"Fought Bandits","floor":24.0,"gold_loss":0.0,"damage_taken":0.0},{"damage_healed":0.0,"max_hp_gain":0.0,"max_hp_loss":4.0,"gold_gain":0.0,"event_name":"Winding Halls","player_choice":"Max HP","floor":36.0,"gold_loss":0.0,"damage_taken":0.0},{"damage_healed":0.0,"max_hp_gain":0.0,"max_hp_loss":0.0,"gold_gain":0.0,"event_name":"MindBloom","player_choice":"Fight","floor":48.0,"gold_loss":0.0,"damage_taken":0.0}],"is_beta":false,"boss_relics":[{"not_picked":["Tiny House","Calling Bell"],"picked":"Black Star"},{"not_picked":["Orrery","Runic Pyramid"],"picked":"Sozu"}],"items_purged_floors":[22,29,45,53],"is_endless":false,"potions_floor_spawned":[7,12,14,16,27,30,31,33,41,42,47,48],"ascension_level":15}