{"gold_per_floor":[118,128,203,44,9,9,34,63,89,99,99,115,115],"floor_reached":13,"playtime":578,"items_purged":["Strike_B"],"score":158,"play_id":"7497c803-1aee-4838-a422-f6bffd4f4808","local_time":"20190705223916","is_ascension_mode":true,"campfire_choices":[{"data":"Blind","floor":6,"key":"SMITH"},{"floor":11,"key":"REST"}],"neow_cost":"NONE","seed_source_timestamp":462504688078282,"circlet_count":0,"master_deck":["AscendersBane","Strike_B","Strike_B","Strike_B","Defend_B","Defend_B","Defend_B","Defend_B","Zap","Dualcast","Blind+1","Skim","Rip and Tear","Loop","Glacier","Double Energy","Conserve Battery","Steam"],"relics":["Cracked Core","Odd Mushroom","Bottled Lightning","Orichalcum"],"potions_floor_usage":[13,13],"damage_taken":[{"damage":0,"enemies":"Jaw Worm","floor":1,"turns":4},{"damage":6,"enemies":"2 Louse","floor":2,"turns":3},{"damage":30,"enemies":"The Mushroom Lair","floor":7,"turns":5},{"damage":26,"enemies":"Lagavulin","floor":8,"turns":10},{"damage":0,"enemies":"Small Slimes","floor":10,"turns":3},{"damage":0,"enemies":"2 Fungi Beasts","floor":12,"turns":3},{"damage":51,"enemies":"Gremlin Nob","floor":13,"turns":4}],"seed_played":"-1043986159429712770","potions_obtained":[{"floor":2,"key":"Regen Potion"},{"floor":10,"key":"Poison Potion"}],"is_trial":false,"path_per_floor":["M","M","?","$","?","R","?","E","T","M","R","M","E"],"character_chosen":"DEFECT","items_purchased":["Loop"],"campfire_rested":1,"item_purchase_floors":[4],"current_hp_per_floor":[64,58,47,47,64,64,34,8,8,8,29,29,0],"gold":115,"neow_bonus":"RANDOM_COLORLESS","is_prod":false,"is_daily":false,"chose_seed":false,"campfire_upgraded":1,"win_rate":0,"timestamp":1562380756,"path_taken":["M","M","?","$","?","R","?","E","T","M","R","M","E"],"build_version":"2019-07-05","purchased_purges":1,"victory":false,"max_hp_per_floor":[71,71,71,71,71,71,71,71,71,71,71,71,71],"card_choices":[{"not_picked":["Stack","Redo"],"picked":"Skim","floor":1},{"not_picked":["Go for the Eyes","Turbo"],"picked":"Rip and Tear","floor":2},{"not_picked":["Hologram","Chaos"],"picked":"Glacier","floor":7},{"not_picked":["Compile Driver","Turbo"],"picked":"Double Energy","floor":8},{"not_picked":["Turbo","Self Repair"],"picked":"Conserve Battery","floor":10},{"not_picked":["Turbo","Biased Cognition"],"picked":"Steam","floor":12}],"player_experience":1114289,"relics_obtained":[{"floor":7,"key":"Odd Mushroom"},{"floor":8,"key":"Bottled Lightning"},{"floor":9,"key":"Orichalcum"}],"event_choices":[{"damage_healed":0,"gold_gain":75,"player_choice":"Gather Gold","damage_taken":11,"max_hp_gain":0,"max_hp_loss":0,"event_name":"World of Goop","floor":3,"gold_loss":0},{"damage_healed":17,"gold_gain":0,"player_choice":"Healed","damage_taken":0,"max_hp_gain":0,"max_hp_loss":0,"event_name":"The Cleric","floor":5,"gold_loss":35},{"damage_healed":0,"gold_gain":0,"player_choice":"Fought Mushrooms","damage_taken":0,"max_hp_gain":0,"max_hp_loss":0,"event_name":"Mushrooms","floor":7,"gold_loss":0}],"is_beta":false,"boss_relics":[],"items_purged_floors":[4],"is_endless":false,"potions_floor_spawned":[2,10],"killed_by":"Gremlin Nob","ascension_level":18}