{"gold_per_floor":[118,129,129,129,7,7,43,62,62,78,117,136,176,229,229,229],"floor_reached":16,"playtime":732,"items_purged":["Injury"],"score":254,"play_id":"0de29ceb-8076-4900-bb3a-7475dda1d588","local_time":"20191011224532","is_ascension_mode":true,"campfire_choices":[{"data":"Skewer","floor":6.0,"key":"SMITH"},{"data":"After Image","floor":15,"key":"SMITH"}],"neow_cost":"NONE","seed_source_timestamp":196621885677400,"circlet_count":0,"master_deck":["AscendersBane","Strike_G","Strike_G","Strike_G","Strike_G","Strike_G","Defend_G","Defend_G","Defend_G","Defend_G","Defend_G","Survivor","Neutralize","Flying Knee","Skewer+1","PiercingWail","Deflect","Backflip","After Image+1","Blur","Dodge and Roll"],"special_seed":0,"relics":["Ring of the Snake","NeowsBlessing","Golden Idol","Dodecahedron","Kunai","Bottled Flame","Snake Skull","Vajra"],"potions_floor_usage":[16,16,16],"damage_taken":[{"damage":0.0,"enemies":"Small Slimes","floor":1.0,"turns":1.0},{"damage":0.0,"enemies":"Cultist","floor":2.0,"turns":1.0},{"damage":0.0,"enemies":"3 Sentries","floor":7.0,"turns":1.0},{"damage":2.0,"enemies":"Jaw Worm","floor":8.0,"turns":4.0},{"damage":2.0,"enemies":"Blue Slaver","floor":10.0,"turns":5.0},{"damage":21.0,"enemies":"Lagavulin","floor":11.0,"turns":6.0},{"damage":0.0,"enemies":"2 Fungi Beasts","floor":12.0,"turns":3.0},{"damage":11,"enemies":"3 Sentries","floor":13,"turns":13},{"damage":23,"enemies":"Slime Boss","floor":16,"turns":8}],"seed_played":"-8415441150687307748","potions_obtained":[{"floor":2.0,"key":"FearPotion"},{"floor":4.0,"key":"Strength Potion"},{"floor":11.0,"key":"Weak Potion"},{"floor":13,"key":"EntropicBrew"}],"is_trial":false,"path_per_floor":["M","M","?","?","$","R","E","M","T","M","E","M","E","T","R","B"],"character_chosen":"THE_SILENT","items_purchased":["PiercingWail"],"campfire_rested":0,"item_purchase_floors":[5],"current_hp_per_floor":[59,59,59,59,59,59,59,57,57,55,34,34,23,23,23,0],"gold":229,"neow_bonus":"THREE_ENEMY_KILL","is_prod":false,"is_daily":false,"chose_seed":false,"campfire_upgraded":2,"win_rate":0,"timestamp":1570826732,"path_taken":["M","M","?","?","$","R","E","M","T","M","E","?","E","?","R","BOSS"],"build_version":"2019-10-11","purchased_purges":1,"victory":false,"max_hp_per_floor":[66,66,66,66,66,66,66,66,66,66,66,66,66,66,66,66],"card_choices":[{"not_picked":["Outmaneuver","Poisoned Stab"],"picked":"Flying Knee","floor":1.0},{"not_picked":["Deflect","Concentrate"],"picked":"Skewer","floor":2.0},{"not_picked":["Deadly Poison","Sucker Punch"],"picked":"Deflect","floor":7.0},{"not_picked":["Calculated Gamble","Accuracy"],"picked":"Backflip","floor":8.0},{"not_picked":["Deflect","Caltrops"],"picked":"After Image","floor":10.0},{"not_picked":["Outmaneuver","Eviscerate","Catalyst"],"picked":"SKIP","floor":11.0},{"not_picked":["Deadly Poison","Prepared"],"picked":"Blur","floor":12.0},{"not_picked":["Infinite Blades","Calculated Gamble"],"picked":"Dodge and Roll","floor":13}],"player_experience":1005447,"relics_obtained":[{"floor":7.0,"key":"Dodecahedron"},{"floor":9.0,"key":"Kunai"},{"floor":11.0,"key":"Bottled Flame"},{"floor":13,"key":"Snake Skull"},{"floor":14,"key":"Vajra"}],"event_choices":[{"damage_healed":0.0,"max_hp_gain":0.0,"max_hp_loss":0.0,"gold_gain":0.0,"event_name":"Golden Idol","player_choice":"Take Wound","floor":3.0,"gold_loss":0.0,"damage_taken":0.0,"relics_obtained":["Golden Idol"],"cards_obtained":["Injury"]},{"damage_healed":0.0,"max_hp_gain":0.0,"max_hp_loss":0.0,"gold_gain":0.0,"event_name":"Lab","player_choice":"Got Potions","floor":4.0,"gold_loss":0.0,"damage_taken":0.0}],"is_beta":true,"boss_relics":[],"items_purged_floors":[5],"is_endless":false,"potions_floor_spawned":[2,10,11,13],"killed_by":"Slime Boss","ascension_level":15}