{"gold_per_floor":[114,189,189,70,82,82,94,94,394,394,413,413,33,63,63,63],"floor_reached":16,"playtime":592,"items_purged":["Strike_B","Regret"],"score":186,"play_id":"178ec3d1-3d11-45f4-98a8-0168b21552b2","local_time":"20190605191511","is_ascension_mode":true,"campfire_choices":[{"floor":6,"key":"REST"},{"data":"Loop","floor":8,"key":"SMITH"},{"floor":10,"key":"REST"},{"data":"Barrage","floor":15,"key":"SMITH"}],"neow_cost":"NONE","seed_source_timestamp":421232684969288,"circlet_count":0,"master_deck":["AscendersBane","Strike_B","Strike_B","Strike_B","Defend_B","Defend_B","Defend_B","Defend_B","Zap","Dualcast","Capacitor","Loop+1","Reinforced Body","Melter","Conserve Battery","Compile Driver","Barrage+1","Lockon"],"relics":["Cracked Core","Oddly Smooth Stone","Dream Catcher","Old Coin","Meat on the Bone","Runic Capacitor","Thread and Needle"],"potions_floor_usage":[],"damage_taken":[{"damage":0,"enemies":"Jaw Worm","floor":1,"turns":3},{"damage":18,"enemies":"Small Slimes","floor":5,"turns":4},{"damage":0,"enemies":"Cultist","floor":7,"turns":4},{"damage":1,"enemies":"3 Louse","floor":11,"turns":3},{"damage":22,"enemies":"3 Sentries","floor":14,"turns":7},{"damage":47,"enemies":"Hexaghost","floor":16,"turns":10}],"seed_played":"8046161960729345323","potions_obtained":[{"floor":1,"key":"Weak Potion"},{"floor":7,"key":"Weak Potion"}],"is_trial":false,"path_per_floor":["M","?","?","$","M","R","M","R","T","R","M","?","$","E","R","B"],"character_chosen":"DEFECT","items_purchased":["Loop","Runic Capacitor","Barrage"],"campfire_rested":2,"item_purchase_floors":[4,13,13],"current_hp_per_floor":[64,53,27,27,9,30,30,30,30,51,50,50,50,40,40,0],"gold":63,"neow_bonus":"RANDOM_COMMON_RELIC","is_prod":false,"is_daily":false,"chose_seed":false,"campfire_upgraded":2,"win_rate":0,"timestamp":1559754911,"path_taken":["M","?","?","?","?","R","M","R","T","R","M","?","$","E","R","BOSS"],"build_version":"2019-01-23","purchased_purges":2,"victory":false,"max_hp_per_floor":[71,71,71,71,71,71,71,71,71,71,71,71,71,71,71,71],"card_choices":[{"not_picked":["Tempest","Barrage"],"picked":"Capacitor","floor":1},{"not_picked":["Static Discharge","Leap"],"picked":"Reinforced Body","floor":5},{"not_picked":["Streamline","Steam"],"picked":"Melter","floor":6},{"not_picked":["Barrage","BootSequence"],"picked":"Conserve Battery","floor":7},{"not_picked":["Leap","Streamline"],"picked":"Compile Driver","floor":10},{"not_picked":["Turbo","Beam Cell","Compile Driver"],"picked":"SKIP","floor":11},{"not_picked":["Leap","Streamline"],"picked":"Lockon","floor":14}],"player_experience":457102,"relics_obtained":[{"floor":9,"key":"Old Coin"},{"floor":14,"key":"Thread and Needle"}],"event_choices":[{"damage_healed":0,"gold_gain":75,"player_choice":"Gather Gold","damage_taken":11,"max_hp_gain":0,"max_hp_loss":0,"event_name":"World of Goop","floor":2,"gold_loss":0},{"damage_healed":0,"gold_gain":0,"player_choice":"Success","damage_taken":26,"relics_obtained":["Dream Catcher"],"max_hp_gain":0,"max_hp_loss":0,"event_name":"Scrap Ooze","floor":3,"gold_loss":0},{"damage_healed":0,"gold_gain":0,"player_choice":"Box","damage_taken":0,"relics_obtained":["Meat on the Bone"],"max_hp_gain":0,"max_hp_loss":0,"event_name":"Big Fish","floor":12,"gold_loss":0,"cards_obtained":["Regret"]}],"is_beta":false,"boss_relics":[],"items_purged_floors":[4,13],"is_endless":false,"potions_floor_spawned":[1,7],"killed_by":"Hexaghost","ascension_level":18}