{"gold_per_floor":[118,128,143,117,117,117,137,137,186,207,240,258,293,49,49,168,168,181,59,74,118,37,37,77,77,77,77,98,116,151,13,13,136,136,160,382,382,82,103,137,137,158,184,227,243,286,307,353,353,353,353,353,39,83,83],"floor_reached":56,"playtime":3026,"items_purged":["Strike_R","Strike_R","Strike_R","Clash","Clash"],"score":1410,"play_id":"b61beb8b-182c-4a06-a366-12581b6d7d69","local_time":"20190918204650","is_ascension_mode":false,"campfire_choices":[{"data":"Anger","floor":6,"key":"SMITH"},{"data":"Juggernaut","floor":8,"key":"SMITH"},{"data":"True Grit","floor":15,"key":"SMITH"},{"data":"Blind","floor":23,"key":"SMITH"},{"data":"Juggernaut","floor":27,"key":"SMITH"},{"data":"Body Slam","floor":32,"key":"SMITH"},{"floor":41,"key":"RECALL"},{"data":"Barricade","floor":49,"key":"SMITH"},{"data":"Metallicize","floor":52,"key":"SMITH"}],"neow_cost":"NONE","seed_source_timestamp":409981669521628,"circlet_count":0,"master_deck":["Bash","Shrug It Off","Sword Boomerang","Anger+1","Thunderclap","Juggernaut+1","Metallicize+1","Seeing Red","Iron Wave","True Grit+1","Juggernaut+1","Cleave+1","Body Slam+1","Battle Trance","Blind+1","Disarm","Feel No Pain","Barricade+1","Sentinel","Rage","Clash","True Grit","Iron Wave+1","Body Slam","Second Wind+1","Impervious"],"relics":["Burning Blood","Golden Idol","Happy Flower","Pen Nib","Nunchaku","Membership Card","Velvet Choker","Bag of Preparation","Red Mask","Du-Vu Doll","Singing Bowl","Ornamental Fan","Bronze Scales","Pandora\u0027s Box","Kunai","OrangePellets","FossilizedHelix","Boot","Juzu Bracelet","Bag of Marbles","Paper Frog","Strawberry","Bottled Tornado"],"potions_floor_usage":[16,21,33,42,55,55,55],"damage_taken":[{"damage":0,"enemies":"Small Slimes","floor":1,"turns":3},{"damage":7,"enemies":"Jaw Worm","floor":2,"turns":5},{"damage":0,"enemies":"2 Louse","floor":3,"turns":4},{"damage":5,"enemies":"Looter","floor":7,"turns":3},{"damage":4,"enemies":"Blue Slaver","floor":10,"turns":4},{"damage":7,"enemies":"Gremlin Nob","floor":11,"turns":4},{"damage":22,"enemies":"Exordium Thugs","floor":12,"turns":5},{"damage":20,"enemies":"Lagavulin","floor":13,"turns":6},{"damage":27,"enemies":"Slime Boss","floor":16,"turns":8},{"damage":13,"enemies":"Shell Parasite","floor":18,"turns":4},{"damage":0,"enemies":"Spheric Guardian","floor":20,"turns":3},{"damage":16,"enemies":"Masked Bandits","floor":21,"turns":4},{"damage":15,"enemies":"Gremlin Leader","floor":24,"turns":5},{"damage":3,"enemies":"Centurion and Healer","floor":28,"turns":4},{"damage":12,"enemies":"Snake Plant","floor":29,"turns":3},{"damage":23,"enemies":"Slavers","floor":30,"turns":4},{"damage":39,"enemies":"Collector","floor":33,"turns":7},{"damage":9,"enemies":"3 Darklings","floor":35,"turns":3},{"damage":8,"enemies":"Orb Walker","floor":39,"turns":3},{"damage":0,"enemies":"Giant Head","floor":40,"turns":6},{"damage":0,"enemies":"4 Shapes","floor":42,"turns":5},{"damage":17,"enemies":"Nemesis","floor":44,"turns":5},{"damage":0,"enemies":"Jaw Worm Horde","floor":45,"turns":3},{"damage":0,"enemies":"Giant Head","floor":46,"turns":6},{"damage":32,"enemies":"Spire Growth","floor":47,"turns":5},{"damage":0,"enemies":"Time Eater","floor":50,"turns":10},{"damage":46,"enemies":"Shield and Spear","floor":54,"turns":6},{"damage":27,"enemies":"The Heart","floor":55,"turns":8}],"seed_played":"-7706733314368264879","potions_obtained":[{"floor":2,"key":"GamblersBrew"},{"floor":3,"key":"Energy Potion"},{"floor":11,"key":"Explosive Potion"},{"floor":13,"key":"Regen Potion"},{"floor":16,"key":"Energy Potion"},{"floor":18,"key":"EssenceOfSteel"},{"floor":21,"key":"Explosive Potion"},{"floor":24,"key":"LiquidBronze"},{"floor":29,"key":"PowerPotion"},{"floor":39,"key":"Explosive Potion"},{"floor":40,"key":"Fire Potion"},{"floor":45,"key":"Fire Potion"}],"is_trial":false,"path_per_floor":["M","M","M","$","?","R","M","R","T","M","E","M","E","$","R","B",null,"M","$","M","?","$","R","E","?","T","R","M","M","E","$","R","B",null,"M","?","?","$","M","E","R","M","T","E","M","E","M","T","R","B",null,"R","$","E","B",null],"character_chosen":"IRONCLAD","items_purchased":["Thunderclap","Membership Card","Bag of Preparation","Battle Trance","Blind","Bronze Scales","Kunai","OrangePellets","Paper Frog","SpeedPotion","Strawberry"],"campfire_rested":0,"item_purchase_floors":[4,14,19,22,22,31,38,38,53,53,53],"current_hp_per_floor":[88,87,88,88,66,66,67,67,67,69,68,52,38,38,38,17,88,81,81,87,77,77,77,68,51,51,51,54,50,35,35,35,17,97,94,94,92,92,90,94,94,96,96,87,93,98,74,74,74,80,100,100,107,69,48],"gold":83,"neow_bonus":"TEN_PERCENT_HP_BONUS","is_prod":false,"is_daily":false,"chose_seed":false,"campfire_upgraded":8,"win_rate":0,"timestamp":1568854010,"path_taken":["M","M","M","$","?","R","M","R","T","M","E","M","E","$","R","BOSS","M","$","M","?","?","R","E","?","T","R","M","M","E","$","R","BOSS","M","?","?","$","M","E","R","M","T","E","M","E","M","?","R","BOSS","R","$","E","BOSS"],"build_version":"2019-07-17","purchased_purges":5,"victory":true,"max_hp_per_floor":[88,88,88,88,88,88,88,88,88,88,88,88,88,88,88,88,88,88,88,88,88,88,88,88,93,93,93,93,95,97,97,97,97,97,97,97,92,92,92,94,94,96,96,98,98,98,100,100,100,100,100,100,107,109,109],"card_choices":[{"not_picked":["Warcry","Pommel Strike"],"picked":"Shrug It Off","floor":1},{"not_picked":["Shrug It Off","Dual Wield"],"picked":"Sword Boomerang","floor":2},{"not_picked":["Headbutt","Blood for Blood"],"picked":"Anger","floor":3},{"not_picked":["Iron Wave","Shockwave"],"picked":"Juggernaut","floor":7},{"not_picked":["Body Slam","True Grit"],"picked":"Metallicize","floor":10},{"not_picked":["Infernal Blade","Wild Strike"],"picked":"Seeing Red","floor":11},{"not_picked":["Evolve","Uppercut"],"picked":"Iron Wave","floor":12},{"not_picked":["Entrench","Warcry"],"picked":"True Grit","floor":13},{"not_picked":["Offering","Brutality"],"picked":"Juggernaut","floor":16},{"not_picked":["Bloodletting+1","Clash"],"picked":"Cleave+1","floor":18},{"not_picked":["Warcry","Pommel Strike","Anger+1"],"picked":"SKIP","floor":20},{"not_picked":["Pummel","Wild Strike"],"picked":"Body Slam","floor":21},{"not_picked":["Brutality","Clash+1"],"picked":"Disarm","floor":24},{"not_picked":["Headbutt","Flex"],"picked":"Feel No Pain","floor":28},{"not_picked":["Inflame","Wild Strike+1","Pommel Strike"],"picked":"Singing Bowl","floor":29},{"not_picked":["Corruption","Sword Boomerang","Ghostly Armor"],"picked":"Singing Bowl","floor":30},{"not_picked":["Feed","Impervious"],"picked":"Barricade","floor":33},{"not_picked":["Spot Weakness","Heavy Blade"],"picked":"Iron Wave+1","floor":35},{"not_picked":["Immolate","Carnage"],"picked":"Body Slam","floor":39},{"not_picked":["Bloodletting","Pommel Strike","Anger"],"picked":"Singing Bowl","floor":40},{"not_picked":["Infernal Blade+1","Wild Strike","Shockwave"],"picked":"Singing Bowl","floor":42},{"not_picked":["Spot Weakness","Inflame","Battle Trance"],"picked":"Singing Bowl","floor":44},{"not_picked":["Fire Breathing","Cleave"],"picked":"Second Wind+1","floor":45},{"not_picked":["Perfected Strike+1","Hemokinesis+1"],"picked":"Impervious","floor":46},{"not_picked":["Flex+1","Hemokinesis+1","Cleave"],"picked":"Singing Bowl","floor":47},{"not_picked":["Sever Soul","Juggernaut","Whirlwind+1"],"picked":"Singing Bowl","floor":54}],"player_experience":1288820,"relics_obtained":[{"floor":9,"key":"Happy Flower"},{"floor":11,"key":"Pen Nib"},{"floor":13,"key":"Nunchaku"},{"floor":21,"key":"Red Mask"},{"floor":24,"key":"Du-Vu Doll"},{"floor":26,"key":"Singing Bowl"},{"floor":30,"key":"Ornamental Fan"},{"floor":40,"key":"FossilizedHelix"},{"floor":44,"key":"Boot"},{"floor":46,"key":"Juzu Bracelet"},{"floor":48,"key":"Bag of Marbles"},{"floor":54,"key":"Bottled Tornado"}],"event_choices":[{"damage_healed":0,"gold_gain":0,"player_choice":"Take Damage","damage_taken":22,"relics_obtained":["Golden Idol"],"max_hp_gain":0,"max_hp_loss":0,"event_name":"Golden Idol","floor":5,"gold_loss":0},{"damage_healed":0,"gold_gain":0,"player_choice":"Fought Bandits","damage_taken":0,"max_hp_gain":0,"max_hp_loss":0,"event_name":"Masked Bandits","floor":21,"gold_loss":0},{"damage_healed":0,"gold_gain":0,"player_choice":"Shed Blood","damage_taken":22,"max_hp_gain":5,"max_hp_loss":0,"event_name":"Forgotten Altar","floor":25,"gold_loss":0},{"damage_healed":0,"gold_gain":222,"player_choice":"Wore Mask","damage_taken":0,"max_hp_gain":0,"max_hp_loss":0,"event_name":"Tomb of Lord Red Mask","floor":36,"gold_loss":0},{"damage_healed":0,"gold_gain":0,"player_choice":"Max HP","damage_taken":0,"max_hp_gain":0,"max_hp_loss":5,"event_name":"Winding Halls","floor":37,"gold_loss":0}],"is_beta":false,"boss_relics":[{"not_picked":["Black Star","Tiny House"],"picked":"Velvet Choker"},{"not_picked":["Calling Bell","Eternal Feather"],"picked":"Pandora\u0027s Box"}],"items_purged_floors":[14,19,31,38,53],"is_endless":false,"potions_floor_spawned":[2,3,11,13,16,18,21,24,29,39,40,45],"ascension_level":0}