{"gold_per_floor":[109,72,72,85,102,102,114,147,147,147,147,147,177,236,236,313,313,330,330,356,387,449,477,489,532,544,570,582],"floor_reached":28,"playtime":1672,"items_purged":[],"score":472,"play_id":"67de01ad-3f07-446a-b398-ee5ef203157f","local_time":"20190611215230","is_ascension_mode":true,"campfire_choices":[{"data":"Endless Agony","floor":6.0,"key":"SMITH"},{"floor":10.0,"key":"DIG"},{"floor":11.0,"key":"DIG"},{"floor":12.0,"key":"DIG"},{"floor":13.0,"key":"DIG"},{"floor":15.0,"key":"REST"},{"floor":24.0,"key":"DIG"}],"neow_cost":"NONE","seed_source_timestamp":947606742538918,"circlet_count":0,"master_deck":["AscendersBane","Defend_G","Defend_G","Defend_G","Defend_G","Defend_G","Strike_G","Strike_G","Strike_G","Strike_G","Survivor","Neutralize","Cloak And Dagger","Endless Agony+1","Escape Plan","Backflip","Dagger Spray","Glass Knife","A Thousand Cuts","Footwork","Footwork","PiercingWail+1"],"special_seed":0,"relics":["Ring of the Snake","NeowsBlessing","Shovel","Dead Branch","WingedGreaves","Blue Candle","Oddly Smooth Stone","Tiny Chest","Bottled Lightning","Coffee Dripper","MawBank","Smiling Mask","Question Card","Toxic Egg 2"],"potions_floor_usage":[28],"damage_taken":[{"damage":0.0,"enemies":"Cultist","floor":1.0,"turns":1.0},{"damage":0.0,"enemies":"Small Slimes","floor":4.0,"turns":1.0},{"damage":0.0,"enemies":"2 Louse","floor":5.0,"turns":1.0},{"damage":0.0,"enemies":"Blue Slaver","floor":7.0,"turns":5.0},{"damage":32.0,"enemies":"3 Sentries","floor":8.0,"turns":14.0},{"damage":14.0,"enemies":"3 Sentries","floor":14.0,"turns":8.0},{"damage":23.0,"enemies":"Hexaghost","floor":16.0,"turns":11.0},{"damage":13.0,"enemies":"Shell Parasite","floor":18.0,"turns":7.0},{"damage":0.0,"enemies":"3 Byrds","floor":21.0,"turns":3.0},{"damage":27.0,"enemies":"Snake Plant","floor":23.0,"turns":5.0},{"damage":6.0,"enemies":"Book of Stabbing","floor":25.0,"turns":7.0},{"damage":0.0,"enemies":"Cultist and Chosen","floor":27.0,"turns":8.0},{"damage":16,"enemies":"Slavers","floor":28,"turns":4}],"seed_played":"-6682094117907474840","potions_obtained":[{"floor":4.0,"key":"SpeedPotion"},{"floor":5.0,"key":"SpeedPotion"},{"floor":16.0,"key":"EssenceOfSteel"},{"floor":18.0,"key":"GhostInAJar"},{"floor":27.0,"key":"Fire Potion"}],"is_trial":false,"path_per_floor":["M","$","?","M","M","R","M","E","T","R","R","R","R","?","R","B",null,"M","?","T","M","?","M","R","E","T","M","E"],"character_chosen":"THE_SILENT","items_purchased":["Endless Agony"],"campfire_rested":1,"item_purchase_floors":[2],"current_hp_per_floor":[59,59,52,52,52,52,52,20,20,20,20,20,20,6,25,2,50,37,37,37,37,37,10,10,4,4,4,0],"gold":582,"neow_bonus":"THREE_ENEMY_KILL","is_prod":false,"is_daily":false,"chose_seed":false,"campfire_upgraded":1,"win_rate":0,"timestamp":1560282750,"path_taken":["M","?","?","M","M","R","M","E","T","R","R","R","R","?","R","BOSS","M","?","?","M","?","M","R","E","T","M","E"],"build_version":"2019-01-23","purchased_purges":0,"victory":false,"max_hp_per_floor":[66,66,66,66,66,66,66,66,66,66,66,66,66,66,66,66,66,66,66,66,66,66,66,66,66,66,66,66],"card_choices":[{"not_picked":["Outmaneuver","Dagger Spray"],"picked":"Cloak And Dagger","floor":1.0},{"not_picked":["Reflex","Flying Knee"],"picked":"Escape Plan","floor":4.0},{"not_picked":["Dodge and Roll","Deadly Poison"],"picked":"Backflip","floor":5.0},{"not_picked":["Deflect","Dagger Throw"],"picked":"Dagger Spray","floor":7.0},{"not_picked":["Flying Knee","Blade Dance"],"picked":"Glass Knife","floor":8.0},{"not_picked":["Doppelganger","Burst"],"picked":"A Thousand Cuts","floor":16.0},{"not_picked":["Slice+1","All Out Attack","Bane"],"picked":"SKIP","floor":18.0},{"not_picked":["Expertise","Poisoned Stab"],"picked":"Footwork","floor":21.0},{"not_picked":["Flechettes","Dodge and Roll"],"picked":"Footwork","floor":23.0},{"not_picked":["Heel Hook","Dagger Throw","Prepared"],"picked":"SKIP","floor":25.0},{"not_picked":["Outmaneuver+1","Calculated Gamble+1","Wraith Form v2"],"picked":"PiercingWail+1","floor":27.0}],"player_experience":508319,"relics_obtained":[{"floor":8.0,"key":"Shovel"},{"floor":9.0,"key":"Dead Branch"},{"floor":10.0,"key":"WingedGreaves"},{"floor":11.0,"key":"Blue Candle"},{"floor":12.0,"key":"Oddly Smooth Stone"},{"floor":13.0,"key":"Tiny Chest"},{"floor":14.0,"key":"Bottled Lightning"},{"floor":20.0,"key":"MawBank"},{"floor":24.0,"key":"Smiling Mask"},{"floor":25.0,"key":"Question Card"},{"floor":26.0,"key":"Toxic Egg 2"}],"event_choices":[{"cards_removed":["Strike_G"],"damage_healed":0.0,"max_hp_gain":0.0,"max_hp_loss":0.0,"gold_gain":0.0,"event_name":"Golden Wing","player_choice":"Card Removal","floor":3.0,"gold_loss":0.0,"damage_taken":7.0},{"damage_healed":0.0,"max_hp_gain":0.0,"max_hp_loss":0.0,"gold_gain":0.0,"event_name":"Dead Adventurer","player_choice":"Searched \u00271\u0027 times","floor":14.0,"gold_loss":0.0,"damage_taken":0.0},{"damage_healed":0.0,"max_hp_gain":0.0,"max_hp_loss":0.0,"gold_gain":0.0,"event_name":"Cursed Tome","player_choice":"Ignored","floor":19.0,"gold_loss":0.0,"damage_taken":0.0},{"damage_healed":0.0,"max_hp_gain":0.0,"max_hp_loss":0.0,"gold_gain":50.0,"event_name":"Nest","player_choice":"Stole From Cult","floor":22.0,"gold_loss":0.0,"damage_taken":0.0}],"is_beta":false,"boss_relics":[{"not_picked":["Velvet Choker","Eternal Feather"],"picked":"Coffee Dripper"}],"items_purged_floors":[],"is_endless":false,"potions_floor_spawned":[4,5,16,18,23,27],"killed_by":"Slavers","ascension_level":20}