{"gold_per_floor":[114,114,131,147,97,131,145,145,192,206,234,250,250,270,270,368,368,308,308,308,308,308],"floor_reached":22,"playtime":3653,"items_purged":[],"score":200,"play_id":"d4ce879e-e46e-4f04-b301-19c587c076a9","local_time":"20180701162226","is_ascension_mode":false,"campfire_choices":[{"data":"Tools of the Trade","floor":8,"key":"SMITH"},{"data":"A Thousand Cuts","floor":15,"key":"SMITH"}],"neow_cost":"NONE","seed_source_timestamp":505584275237910,"circlet_count":0,"master_deck":["Defend_G","Defend_G","Defend_G","Defend_G","Defend_G+1","Strike_G","Strike_G","Strike_G","Strike_G","Survivor+1","Neutralize","Tools of the Trade+1","Sucker Punch","Dagger Throw","All Out Attack","Predator","All Out Attack","Distraction","Blur","A Thousand Cuts+1","Regret","All Out Attack","Tactician","Underhanded Strike+1","Outmaneuver+1","Choke"],"relics":["Ring of the Snake","Mummified Hand","War Paint","Dream Catcher","The Specimen","Ectoplasm"],"potions_floor_usage":[11,16,21,22],"damage_taken":[{"damage":0,"enemies":"Small Slimes","floor":1,"turns":3},{"damage":1,"enemies":"Jaw Worm","floor":3,"turns":6},{"damage":0,"enemies":"Cultist","floor":4,"turns":4},{"damage":12,"enemies":"3 Sentries","floor":6,"turns":7},{"damage":6,"enemies":"Exordium Thugs","floor":7,"turns":6},{"damage":1,"enemies":"Blue Slaver","floor":10,"turns":4},{"damage":11,"enemies":"Lagavulin","floor":11,"turns":8},{"damage":0,"enemies":"2 Fungi Beasts","floor":12,"turns":3},{"damage":0,"enemies":"Looter","floor":14,"turns":2},{"damage":28,"enemies":"Hexaghost","floor":16,"turns":13},{"damage":4,"enemies":"2 Thieves","floor":18,"turns":5},{"damage":6,"enemies":"Chosen","floor":20,"turns":4},{"damage":30,"enemies":"Snake Plant","floor":21,"turns":6},{"damage":51,"enemies":"Cultist and Chosen","floor":22,"turns":7}],"seed_played":"44568528668455743","potions_obtained":[{"floor":6,"key":"Dexterity Potion"},{"floor":7,"key":"GamblersBrew"},{"floor":10,"key":"SteroidPotion"},{"floor":20,"key":"Regen Potion"},{"floor":21,"key":"LiquidBronze"}],"is_trial":false,"path_per_floor":["M","?","M","M","?","E","M","R","T","M","E","M","?","M","R","B",null,"M","?","M","M"],"character_chosen":"THE_SILENT","items_purchased":[],"campfire_rested":0,"item_purchase_floors":[],"current_hp_per_floor":[70,70,69,69,69,57,51,51,51,50,39,39,39,39,39,11,70,66,53,47,32,0],"gold":308,"neow_bonus":"ONE_RANDOM_RARE_CARD","is_prod":false,"is_daily":false,"chose_seed":false,"campfire_upgraded":2,"win_rate":0.0,"timestamp":1530476546,"path_taken":["M","?","M","M","?","E","M","R","T","?","E","M","?","M","R","BOSS","M","?","M","M","M"],"build_version":"2018-06-28","purchased_purges":0,"victory":false,"max_hp_per_floor":[70,70,70,70,70,70,70,70,70,70,70,70,70,70,70,70,70,70,75,75,75,75],"card_choices":[{"not_picked":["Prepared","Acrobatics"],"picked":"Sucker Punch","floor":1},{"not_picked":["Sucker Punch","Acrobatics"],"picked":"Dagger Throw","floor":3},{"not_picked":["Catalyst","Backflip"],"picked":"All Out Attack","floor":4},{"not_picked":["Distraction","Backflip"],"picked":"Predator","floor":6},{"not_picked":["Dagger Spray","Predator"],"picked":"All Out Attack","floor":7},{"not_picked":["Skewer","Poisoned Stab"],"picked":"Distraction","floor":10},{"not_picked":["Poisoned Stab","Noxious Fumes"],"picked":"Blur","floor":11},{"not_picked":["Backflip","Flechettes"],"picked":"A Thousand Cuts","floor":12},{"not_picked":["Dagger Throw","Bane"],"picked":"All Out Attack","floor":14},{"not_picked":["Burst","A Thousand Cuts"],"picked":"Tactician","floor":16},{"not_picked":["Flechettes","Sucker Punch"],"picked":"Underhanded Strike+1","floor":18},{"not_picked":["Dash","Distraction"],"picked":"Outmaneuver+1","floor":20},{"not_picked":["Deflect","Prepared"],"picked":"Choke","floor":21}],"player_experience":42925,"relics_obtained":[{"floor":6,"key":"Mummified Hand"},{"floor":9,"key":"War Paint"},{"floor":11,"key":"Dream Catcher"}],"event_choices":[{"event_name":"Golden Wing","player_choice":"Ignored","floor":2,"damage_taken":0},{"event_name":"The Cleric","player_choice":"Card Removal","floor":5,"damage_taken":0},{"event_name":"Big Fish","player_choice":"Box","floor":13,"damage_taken":0},{"event_name":"Forgotten Altar","player_choice":"Shed Blood","floor":19,"damage_taken":0}],"boss_relics":[{"not_picked":["Empty Cage","Philosopher\u0027s Stone"],"picked":"Ectoplasm"}],"items_purged_floors":[],"is_endless":false,"potions_floor_spawned":[6,7,10,20,21],"killed_by":"Cultist and Chosen","ascension_level":0}