{"gold_per_floor":[110,130,150,165,115,142,254,283,295,324,352,364,410,441,453,561,573,599,112,132,32,49,49,49,84,134,160,171,171,187,203,203,298,298,312,330,16,27,27,39,70,87,113,113,113,113,124,141,141,141,141,141,11,44,44],"floor_reached":55,"playtime":3563,"items_purged":["Strike_R","Strike_R"],"score":757,"play_id":"7ff7a3e3-ab38-4c22-9837-4564e293f7f8","local_time":"20190809001251","is_ascension_mode":false,"campfire_choices":[{"data":"Bash","floor":12,"key":"SMITH"},{"data":"1","floor":15,"key":"LIFT"},{"data":"Double Tap","floor":23,"key":"SMITH"},{"data":"2","floor":32,"key":"LIFT"},{"floor":44,"key":"RECALL"},{"floor":49,"key":"REST"},{"data":"Rupture","floor":52,"key":"SMITH"}],"neow_cost":"NONE","seed_source_timestamp":1486696591016222,"circlet_count":0,"master_deck":["Bash+1","Iron Wave","Blood for Blood","Headbutt","Reaper","Blood for Blood","Double Tap+1","Spot Weakness","Disarm","Impervious","Thunderclap","Combust","Shrug It Off","Power Through+1","Impervious","Uppercut","Sword Boomerang+1","Feed","Impervious","Heavy Blade","Dark Embrace","Fire Breathing","Blood for Blood","Berserk","Wild Strike","Rupture+1","Battle Trance+1","True Grit+1","Evolve","Blind"],"relics":["Burning Blood","MawBank","Girya","Kunai","Velvet Choker","Torii","Unceasing Top","Pen Nib","Self Forming Clay","Pandora\u0027s Box","Dead Branch","Singing Bowl","Magic Flower"],"potions_floor_usage":[10,25,27,41,50,50,50,55],"damage_taken":[{"damage":1,"enemies":"Cultist","floor":1,"turns":4},{"damage":3,"enemies":"2 Louse","floor":2,"turns":3},{"damage":17,"enemies":"Small Slimes","floor":3,"turns":4},{"damage":3,"enemies":"2 Fungi Beasts","floor":4,"turns":4},{"damage":48,"enemies":"Lagavulin","floor":6,"turns":9},{"damage":12,"enemies":"Blue Slaver","floor":8,"turns":4},{"damage":9,"enemies":"3 Louse","floor":10,"turns":4},{"damage":21,"enemies":"Lots of Slimes","floor":11,"turns":4},{"damage":34,"enemies":"3 Sentries","floor":13,"turns":7},{"damage":11,"enemies":"Blue Slaver","floor":14,"turns":5},{"damage":24,"enemies":"Hexaghost","floor":16,"turns":7},{"damage":10,"enemies":"Spheric Guardian","floor":18,"turns":5},{"damage":2,"enemies":"Chosen","floor":20,"turns":3},{"damage":0,"enemies":"Snecko","floor":22,"turns":4},{"damage":16,"enemies":"Slavers","floor":25,"turns":4},{"damage":23,"enemies":"Book of Stabbing","floor":27,"turns":5},{"damage":6,"enemies":"Snake Plant","floor":28,"turns":5},{"damage":20,"enemies":"Colosseum Slavers","floor":29,"turns":4},{"damage":11,"enemies":"Centurion and Healer","floor":30,"turns":5},{"damage":6,"enemies":"Cultist and Chosen","floor":31,"turns":8},{"damage":89,"enemies":"Champ","floor":33,"turns":13},{"damage":23,"enemies":"3 Darklings","floor":35,"turns":8},{"damage":12,"enemies":"3 Shapes","floor":36,"turns":3},{"damage":20,"enemies":"Jaw Worm Horde","floor":38,"turns":5},{"damage":20,"enemies":"Writhing Mass","floor":40,"turns":5},{"damage":28,"enemies":"Nemesis","floor":41,"turns":5},{"damage":21,"enemies":"Sphere and 2 Shapes","floor":42,"turns":5},{"damage":31,"enemies":"Spire Growth","floor":47,"turns":5},{"damage":24,"enemies":"Transient","floor":48,"turns":5},{"damage":88,"enemies":"Donu and Deca","floor":50,"turns":9},{"damage":58,"enemies":"Shield and Spear","floor":54,"turns":7},{"damage":73,"enemies":"The Heart","floor":55,"turns":5}],"seed_played":"-7994134008377760765","potions_obtained":[{"floor":3,"key":"EssenceOfSteel"},{"floor":6,"key":"Fruit Juice"},{"floor":8,"key":"PowerPotion"},{"floor":11,"key":"FearPotion"},{"floor":27,"key":"GamblersBrew"},{"floor":28,"key":"Regen Potion"},{"floor":42,"key":"FearPotion"},{"floor":54,"key":"LiquidBronze"}],"is_trial":false,"path_per_floor":["M","M","M","M","?","E","?","M","T","M","M","R","E","M","R","B",null,"M","$","M","$","M","R","?","E","T","E","M","?","M","M","R","B",null,"M","M","$","M","?","M","E","M","T","R","?","?","M","M","R","B",null,"R","$","E","B"],"character_chosen":"IRONCLAD","items_purchased":["Combust","Shrug It Off","Torii","Dead Branch","Evolve","Blind"],"campfire_rested":1,"item_purchase_floors":[19,19,19,37,53,53],"current_hp_per_floor":[80,80,69,80,80,38,38,32,32,46,51,51,44,39,39,32,85,81,81,85,85,85,85,85,83,83,78,78,69,71,85,85,8,85,85,82,82,71,71,66,49,34,34,34,36,36,25,36,67,45,105,105,105,55,0],"gold":44,"neow_bonus":"THREE_CARDS","is_prod":false,"is_daily":false,"chose_seed":false,"campfire_upgraded":3,"win_rate":0,"timestamp":1565323971,"path_taken":["M","M","M","M","?","E","?","M","T","M","M","R","E","M","R","BOSS","M","?","?","$","M","R","?","E","T","E","M","?","M","M","R","BOSS","M","M","$","M","?","M","E","M","T","R","?","?","?","M","R","BOSS","R","$","E","BOSS"],"build_version":"2019-07-17","purchased_purges":2,"victory":false,"max_hp_per_floor":[80,80,80,80,80,80,80,80,80,85,85,85,85,85,85,85,85,85,85,85,85,85,85,85,85,85,85,85,85,85,85,85,85,85,85,88,88,91,91,94,99,99,99,99,101,101,103,105,105,105,105,105,105,107,107],"card_choices":[{"not_picked":["Wild Strike","Burning Pact"],"picked":"Iron Wave","floor":0},{"not_picked":["Clash","Armaments"],"picked":"Blood for Blood","floor":1},{"not_picked":["Flex","Rupture"],"picked":"Headbutt","floor":2},{"not_picked":["Clothesline","Sword Boomerang"],"picked":"Reaper","floor":3},{"not_picked":["Iron Wave","Dual Wield"],"picked":"Blood for Blood","floor":4},{"not_picked":["Clash","Shrug It Off"],"picked":"Double Tap","floor":6},{"not_picked":["Fire Breathing","Clash","Sever Soul"],"picked":"SKIP","floor":8},{"not_picked":["Shrug It Off","True Grit"],"picked":"Spot Weakness","floor":10},{"not_picked":["Intimidate","Perfected Strike","Havoc"],"picked":"SKIP","floor":11},{"not_picked":["Corruption","Clothesline","Twin Strike"],"picked":"SKIP","floor":13},{"not_picked":["Armaments","Heavy Blade"],"picked":"Disarm","floor":14},{"not_picked":["Immolate","Reaper"],"picked":"Impervious","floor":16},{"not_picked":["Clothesline","Iron Wave"],"picked":"Thunderclap","floor":18},{"not_picked":["Cleave","Headbutt","Second Wind"],"picked":"SKIP","floor":20},{"not_picked":["Headbutt+1","Thunderclap"],"picked":"Power Through+1","floor":22},{"not_picked":["Body Slam","Entrench"],"picked":"Impervious","floor":25},{"not_picked":["Fiend Fire","Heavy Blade"],"picked":"Uppercut","floor":27},{"not_picked":["Body Slam","Intimidate"],"picked":"Sword Boomerang+1","floor":28},{"not_picked":["Carnage","Body Slam","Combust"],"picked":"SKIP","floor":30},{"not_picked":["Sword Boomerang","Rampage"],"picked":"Feed","floor":31},{"not_picked":["Reaper","Offering"],"picked":"Impervious","floor":33},{"not_picked":["Heavy Blade","Flex+1"],"picked":"Rupture","floor":35},{"not_picked":["Sword Boomerang+1","Perfected Strike","Iron Wave"],"picked":"SKIP","floor":36},{"not_picked":["Rage+1","Armaments+1","Rupture"],"picked":"SKIP","floor":38},{"not_picked":["Perfected Strike+1","Thunderclap+1"],"picked":"Battle Trance+1","floor":40},{"not_picked":["Second Wind+1","Wild Strike","Bloodletting"],"picked":"Singing Bowl","floor":41},{"not_picked":["Anger+1","Iron Wave+1"],"picked":"True Grit+1","floor":42},{"not_picked":["Trip","Jack Of All Trades","Finesse"],"picked":"Singing Bowl","floor":45},{"not_picked":["Sword Boomerang","Dropkick","Cleave"],"picked":"Singing Bowl","floor":47},{"not_picked":["Clash","Second Wind+1","Sword Boomerang+1"],"picked":"Singing Bowl","floor":48},{"not_picked":["Metallicize","Warcry+1","Fiend Fire"],"picked":"Singing Bowl","floor":54}],"player_experience":1223949,"relics_obtained":[{"floor":6,"key":"MawBank"},{"floor":9,"key":"Girya"},{"floor":13,"key":"Kunai"},{"floor":25,"key":"Unceasing Top"},{"floor":26,"key":"Pen Nib"},{"floor":27,"key":"Self Forming Clay"},{"floor":41,"key":"Singing Bowl"},{"floor":54,"key":"Magic Flower"}],"event_choices":[{"cards_removed":["Strike_R"],"damage_healed":0,"gold_gain":0,"player_choice":"Card Removal","damage_taken":0,"max_hp_gain":0,"max_hp_loss":0,"event_name":"The Cleric","floor":5,"gold_loss":50},{"damage_healed":0,"gold_gain":100,"player_choice":"Pray","damage_taken":0,"max_hp_gain":0,"max_hp_loss":0,"event_name":"Golden Shrine","floor":7,"gold_loss":0},{"damage_healed":0,"gold_gain":0,"player_choice":"Fight","damage_taken":0,"max_hp_gain":0,"max_hp_loss":0,"event_name":"Colosseum","floor":29,"gold_loss":0},{"damage_healed":0,"gold_gain":0,"player_choice":"Fled From Nobs","damage_taken":0,"max_hp_gain":0,"max_hp_loss":0,"event_name":"Colosseum","floor":29,"gold_loss":0},{"damage_healed":0,"gold_gain":0,"player_choice":"Ignored","damage_taken":0,"max_hp_gain":0,"max_hp_loss":0,"event_name":"Mysterious Sphere","floor":39,"gold_loss":0},{"damage_healed":0,"gold_gain":0,"player_choice":"Memory 1","damage_taken":0,"max_hp_gain":0,"max_hp_loss":0,"event_name":"SensoryStone","floor":45,"gold_loss":0},{"damage_healed":0,"gold_gain":0,"player_choice":"Got Potions","damage_taken":0,"max_hp_gain":0,"max_hp_loss":0,"event_name":"Lab","floor":46,"gold_loss":0}],"is_beta":false,"boss_relics":[{"not_picked":["Runic Dome","Black Blood"],"picked":"Velvet Choker"},{"not_picked":["Philosopher\u0027s Stone","Lizard Tail"],"picked":"Pandora\u0027s Box"}],"items_purged_floors":[19,21],"is_endless":false,"potions_floor_spawned":[3,6,8,11,14,16,18,20,27,28,29,35,42,54],"killed_by":"The Heart","ascension_level":0}