{"gold_per_floor":[119,135,85,103,120,153,153,186,212,230,305,305,4,24,24,121,121,134,79,79,79,108,142,161,192,192,269,298,298,298,317,317,417,417,430,444,455,455,130,130,164,181,181,193,293,327,346,358,358,358,358,358,87,119,119],"floor_reached":56,"playtime":3582,"items_purged":["Strike_R","Shame","Decay"],"score":1277,"play_id":"302425a4-4d2f-49a0-b983-7d4826304122","local_time":"20190909203521","is_ascension_mode":false,"campfire_choices":[{"data":"Inflame","floor":7.0,"key":"SMITH"},{"data":"Flame Barrier","floor":12.0,"key":"SMITH"},{"data":"Shockwave","floor":15.0,"key":"SMITH"},{"data":"Barricade","floor":29.0,"key":"SMITH"},{"data":"Shrug It Off","floor":32.0,"key":"SMITH"},{"floor":40.0,"key":"RECALL"},{"data":"Entrench","floor":49.0,"key":"SMITH"},{"data":"Dual Wield","floor":52.0,"key":"SMITH"}],"neow_cost":"NONE","seed_source_timestamp":1251309016848925,"circlet_count":0,"master_deck":["Strike_R","Strike_R","Strike_R","Defend_R","Defend_R","Defend_R","Defend_R","Bash","Barricade+1","Shrug It Off","Anger","Inflame+1","Shrug It Off+1","Pommel Strike","Shockwave+1","Flame Barrier+1","Reaper","Brutality","Seeing Red","Twin Strike+1","Spot Weakness","True Grit+1","Clumsy","Body Slam","Exhume","True Grit+1","Disarm","Dual Wield+1","Evolve+1","Juggernaut","Feel No Pain","Entrench+1","Shrug It Off+1"],"special_seed":0,"relics":["Burning Blood","Bag of Marbles","Dream Catcher","Bronze Scales","Anchor","Cursed Key","Tiny Chest","Red Mask","PreservedInsect","Blood Vial","Mummified Hand","Juzu Bracelet","Bag of Preparation","Orrery","Happy Flower","Ornamental Fan","Paper Frog","Unceasing Top","Oddly Smooth Stone","Centennial Puzzle","Self Forming Clay"],"potions_floor_usage":[55,55],"damage_taken":[{"damage":1.0,"enemies":"2 Louse","floor":1.0,"turns":4.0},{"damage":3.0,"enemies":"Small Slimes","floor":2.0,"turns":4.0},{"damage":3.0,"enemies":"Jaw Worm","floor":4.0,"turns":4.0},{"damage":14.0,"enemies":"3 Louse","floor":5.0,"turns":5.0},{"damage":12.0,"enemies":"Lagavulin","floor":6.0,"turns":7.0},{"damage":18.0,"enemies":"Gremlin Nob","floor":8.0,"turns":4.0},{"damage":4.0,"enemies":"Looter","floor":10.0,"turns":3.0},{"damage":9.0,"enemies":"2 Fungi Beasts","floor":14.0,"turns":4.0},{"damage":30.0,"enemies":"Hexaghost","floor":16.0,"turns":9.0},{"damage":21.0,"enemies":"Spheric Guardian","floor":18.0,"turns":4.0},{"damage":28.0,"enemies":"Masked Bandits","floor":22.0,"turns":5.0},{"damage":19.0,"enemies":"Slavers","floor":23.0,"turns":6.0},{"damage":7.0,"enemies":"2 Thieves","floor":24.0,"turns":4.0},{"damage":11.0,"enemies":"Gremlin Leader","floor":25.0,"turns":4.0},{"damage":41.0,"enemies":"Slavers","floor":28.0,"turns":7.0},{"damage":5.0,"enemies":"3 Cultists","floor":31.0,"turns":5.0},{"damage":67.0,"enemies":"Collector","floor":33.0,"turns":8.0},{"damage":0.0,"enemies":"Orb Walker","floor":35.0,"turns":4.0},{"damage":9.0,"enemies":"3 Shapes","floor":36.0,"turns":8.0},{"damage":12.0,"enemies":"Sphere and 2 Shapes","floor":37.0,"turns":6.0},{"damage":15.0,"enemies":"Giant Head","floor":41.0,"turns":6.0},{"damage":18.0,"enemies":"Jaw Worm Horde","floor":42.0,"turns":6.0},{"damage":0.0,"enemies":"Writhing Mass","floor":44.0,"turns":7.0},{"damage":6.0,"enemies":"Mind Bloom Boss Battle","floor":45.0,"turns":7.0},{"damage":45.0,"enemies":"Nemesis","floor":46.0,"turns":11.0},{"damage":31.0,"enemies":"Sphere and 2 Shapes","floor":47.0,"turns":7.0},{"damage":0.0,"enemies":"Jaw Worm Horde","floor":48.0,"turns":4.0},{"damage":27.0,"enemies":"Time Eater","floor":50.0,"turns":12.0},{"damage":34,"enemies":"Shield and Spear","floor":54,"turns":10},{"damage":52,"enemies":"The Heart","floor":55,"turns":8}],"seed_played":"7219783586833623496","potions_obtained":[{"floor":5.0,"key":"SneckoOil"},{"floor":8.0,"key":"BloodPotion"},{"floor":10.0,"key":"GamblersBrew"},{"floor":16.0,"key":"Weak Potion"},{"floor":24.0,"key":"Dexterity Potion"},{"floor":31.0,"key":"SmokeBomb"},{"floor":42.0,"key":"Block Potion"},{"floor":46.0,"key":"Block Potion"}],"is_trial":false,"path_per_floor":["M","M","?","M","M","E","R","E","T","M","?","R","$","M","R","B",null,"M","?","?","$","?","E","M","E","T","T","E","R","?","M","R","B",null,"M","M","M","?","$","R","E","M","T","M","?","E","M","M","R","B",null,"R","$","E","B",null],"character_chosen":"IRONCLAD","items_purchased":["Anchor","Reaper","Feel No Pain","Happy Flower","Centennial Puzzle"],"campfire_rested":0,"item_purchase_floors":[13,13,39,39,53],"current_hp_per_floor":[80,80,80,80,72,66,66,54,54,56,45,45,45,57,57,43,80,75,75,75,75,67,54,67,75,75,75,53,53,53,74,74,29,80,80,80,80,80,80,80,80,77,77,80,80,62,68,80,80,76,80,80,80,80,51],"gold":119,"neow_bonus":"ONE_RANDOM_RARE_CARD","is_prod":false,"is_daily":false,"chose_seed":false,"campfire_upgraded":7,"win_rate":0,"timestamp":1568075721,"path_taken":["M","M","?","M","M","E","R","E","T","M","?","R","$","M","R","BOSS","M","?","?","$","?","E","M","E","T","?","E","R","?","M","R","BOSS","M","M","M","?","$","R","E","M","T","M","?","E","M","M","R","BOSS","R","$","E","BOSS"],"build_version":"2019-07-17","purchased_purges":3,"victory":true,"max_hp_per_floor":[80,80,80,80,80,80,80,80,80,80,80,80,80,80,80,80,80,80,80,80,80,80,80,80,80,80,80,80,80,80,80,80,80,80,80,80,80,80,80,80,80,80,80,80,80,80,80,80,80,80,80,80,80,80,80],"card_choices":[{"not_picked":["Iron Wave","Havoc"],"picked":"Shrug It Off","floor":1.0},{"not_picked":["Pummel","Seeing Red"],"picked":"Anger","floor":2.0},{"not_picked":["Rupture","Armaments"],"picked":"Inflame","floor":4.0},{"not_picked":["Cleave","Brutality"],"picked":"Shrug It Off","floor":5.0},{"not_picked":["Warcry","Armaments"],"picked":"Pommel Strike","floor":6.0},{"not_picked":["Wild Strike","Warcry"],"picked":"Shockwave","floor":8.0},{"not_picked":["Thunderclap","Sentinel"],"picked":"Flame Barrier","floor":10.0},{"not_picked":["Clothesline","Whirlwind","Warcry"],"picked":"SKIP","floor":14.0},{"not_picked":["Fiend Fire","Bludgeon"],"picked":"Brutality","floor":16.0},{"not_picked":["Anger","Heavy Blade","Sentinel"],"picked":"SKIP","floor":18.0},{"not_picked":["Clash","Perfected Strike"],"picked":"Twin Strike+1","floor":22.0},{"not_picked":["Iron Wave+1","Headbutt+1","Burning Pact"],"picked":"SKIP","floor":23.0},{"not_picked":["Shrug It Off","Sword Boomerang"],"picked":"Spot Weakness","floor":24.0},{"not_picked":["Wild Strike","Pommel Strike"],"picked":"True Grit+1","floor":25.0},{"not_picked":["Feel No Pain","Clash"],"picked":"Body Slam","floor":28.0},{"not_picked":["True Grit","Intimidate+1","Havoc+1"],"picked":"SKIP","floor":31.0},{"not_picked":["Brutality","Barricade"],"picked":"Exhume","floor":33.0},{"not_picked":["Clothesline","Dual Wield"],"picked":"True Grit+1","floor":34.0},{"not_picked":["Clothesline+1","Searing Blow+1"],"picked":"Disarm","floor":34.0},{"not_picked":["Brutality","Perfected Strike+1"],"picked":"Thunderclap+1","floor":34.0},{"not_picked":["Thunderclap","Evolve"],"picked":"Dual Wield","floor":35.0},{"not_picked":["Iron Wave","Clash"],"picked":"Evolve+1","floor":36.0},{"not_picked":["Carnage+1","Sword Boomerang+1"],"picked":"Juggernaut","floor":37.0},{"not_picked":["Dropkick","Ghostly Armor","Rage"],"picked":"SKIP","floor":41.0},{"not_picked":["Whirlwind","Thunderclap","Heavy Blade+1"],"picked":"SKIP","floor":42.0},{"not_picked":["Whirlwind","Shrug It Off","Bloodletting+1"],"picked":"SKIP","floor":44.0},{"not_picked":["Anger","Wild Strike+1"],"picked":"Entrench","floor":45.0},{"not_picked":["Whirlwind","Disarm"],"picked":"Shrug It Off+1","floor":46.0},{"not_picked":["Pummel+1","Cleave+1","Fire Breathing+1"],"picked":"SKIP","floor":47.0},{"not_picked":["Armaments","Second Wind","Wild Strike+1"],"picked":"SKIP","floor":48.0},{"not_picked":["Whirlwind","Iron Wave+1","Berserk"],"picked":"SKIP","floor":54}],"player_experience":1266918,"relics_obtained":[{"floor":6.0,"key":"Bag of Marbles"},{"floor":8.0,"key":"Dream Catcher"},{"floor":9.0,"key":"Bronze Scales"},{"floor":22.0,"key":"Red Mask"},{"floor":23.0,"key":"PreservedInsect"},{"floor":25.0,"key":"Blood Vial"},{"floor":27.0,"key":"Mummified Hand"},{"floor":28.0,"key":"Juzu Bracelet"},{"floor":41.0,"key":"Ornamental Fan"},{"floor":43.0,"key":"Paper Frog"},{"floor":45.0,"key":"Unceasing Top"},{"floor":46.0,"key":"Oddly Smooth Stone"},{"floor":54,"key":"Self Forming Clay"}],"event_choices":[{"cards_removed":["Strike_R"],"damage_healed":0.0,"max_hp_gain":0.0,"max_hp_loss":0.0,"gold_gain":0.0,"event_name":"The Cleric","player_choice":"Card Removal","floor":3.0,"gold_loss":50.0,"damage_taken":0.0},{"damage_healed":0.0,"max_hp_gain":0.0,"max_hp_loss":0.0,"gold_gain":75.0,"event_name":"World of Goop","player_choice":"Gather Gold","floor":11.0,"gold_loss":0.0,"damage_taken":11.0},{"damage_healed":0.0,"max_hp_gain":0.0,"max_hp_loss":0.0,"gold_gain":0.0,"event_name":"Addict","player_choice":"Obtained Relic","floor":19.0,"gold_loss":85.0,"damage_taken":0.0,"relics_obtained":["Tiny Chest"]},{"damage_healed":0.0,"max_hp_gain":0.0,"max_hp_loss":0.0,"gold_gain":0.0,"event_name":"The Library","player_choice":"Read","floor":20.0,"gold_loss":0.0,"damage_taken":0.0,"cards_obtained":["Seeing Red"]},{"damage_healed":0.0,"max_hp_gain":0.0,"max_hp_loss":0.0,"gold_gain":0.0,"event_name":"Masked Bandits","player_choice":"Fought Bandits","floor":22.0,"gold_loss":0.0,"damage_taken":0.0},{"damage_healed":0.0,"max_hp_gain":0.0,"max_hp_loss":0.0,"gold_gain":0.0,"event_name":"The Mausoleum","player_choice":"Opened","floor":30.0,"gold_loss":0.0,"damage_taken":0.0,"relics_obtained":["Bag of Preparation"]},{"cards_removed":["Thunderclap"],"damage_healed":0.0,"max_hp_gain":0.0,"max_hp_loss":0.0,"gold_gain":0.0,"event_name":"Falling","player_choice":"Removed Attack","floor":38.0,"gold_loss":0.0,"damage_taken":0.0},{"damage_healed":0.0,"max_hp_gain":0.0,"max_hp_loss":0.0,"gold_gain":0.0,"event_name":"MindBloom","player_choice":"Fight","floor":45.0,"gold_loss":0.0,"damage_taken":0.0}],"is_beta":false,"boss_relics":[{"not_picked":["White Beast Statue","Coffee Dripper"],"picked":"Cursed Key"},{"not_picked":["Runic Cube","Runic Dome"],"picked":"Orrery"}],"items_purged_floors":[13,39,53],"is_endless":false,"potions_floor_spawned":[5,8,10,16,18,24,31,42,45,46,48],"ascension_level":0}