{"gold_per_floor":[15,35,45,45,145,145,173,193,193,211,211,242,257,268,268,268],"floor_reached":16,"playtime":781,"items_purged":[],"score":114,"play_id":"a52757f5-934f-44f9-8292-1a742ab69f31","local_time":"20190602214744","is_ascension_mode":false,"campfire_choices":[{"data":"1","floor":6,"key":"LIFT"},{"data":"2","floor":11,"key":"LIFT"},{"data":"Skewer","floor":15,"key":"SMITH"}],"neow_cost":"NO_GOLD","seed_source_timestamp":1106979014828991,"circlet_count":0,"master_deck":["Defend_G","Defend_G","Defend_G","Defend_G","Defend_G","Strike_G","Strike_G","Strike_G","Strike_G","Survivor","Neutralize","Quick Slash","Prepared","Blade Dance","Skewer+1","Dodge and Roll","Catalyst","Deflect","Backflip"],"relics":["Ring of the Snake","Girya","Ninja Scroll","Gambling Chip"],"potions_floor_usage":[7,16,16,16],"damage_taken":[{"damage":0,"enemies":"2 Louse","floor":1,"turns":3},{"damage":0,"enemies":"Cultist","floor":2,"turns":4},{"damage":2,"enemies":"Jaw Worm","floor":3,"turns":5},{"damage":32,"enemies":"Lagavulin","floor":7,"turns":9},{"damage":0,"enemies":"2 Fungi Beasts","floor":8,"turns":3},{"damage":7,"enemies":"Large Slime","floor":10,"turns":5},{"damage":8,"enemies":"Gremlin Nob","floor":12,"turns":3},{"damage":0,"enemies":"Blue Slaver","floor":13,"turns":2},{"damage":0,"enemies":"Looter","floor":14,"turns":1},{"damage":16,"enemies":"The Guardian","floor":16,"turns":13}],"seed_played":"-2108736251426157128","potions_obtained":[{"floor":3,"key":"Weak Potion"},{"floor":8,"key":"GamblersBrew"},{"floor":12,"key":"GhostInAJar"},{"floor":14,"key":"Block Potion"}],"is_trial":false,"path_per_floor":["M","M","M","?","?","R","E","M","T","M","R","E","M","M","R","B"],"character_chosen":"THE_SILENT","items_purchased":[],"campfire_rested":0,"item_purchase_floors":[],"current_hp_per_floor":[70,70,68,61,61,61,29,29,29,22,22,14,14,14,14,0],"gold":268,"neow_bonus":"ONE_RARE_RELIC","is_prod":false,"is_daily":false,"chose_seed":false,"campfire_upgraded":1,"win_rate":0,"timestamp":1559526464,"path_taken":["M","M","M","?","?","R","E","?","T","M","R","E","?","M","R","BOSS"],"build_version":"2019-01-23","purchased_purges":0,"victory":false,"max_hp_per_floor":[70,70,70,70,70,70,70,70,70,70,70,70,70,70,70,70],"card_choices":[{"not_picked":["Concentrate","Outmaneuver"],"picked":"Quick Slash","floor":1},{"not_picked":["Underhanded Strike","Bane"],"picked":"Prepared","floor":2},{"not_picked":["Slice","Dodge and Roll"],"picked":"Blade Dance","floor":3},{"not_picked":["Venomology","Deadly Poison"],"picked":"Skewer","floor":7},{"not_picked":["Finisher","Sucker Punch"],"picked":"Dodge and Roll","floor":8},{"not_picked":["Sucker Punch","Choke"],"picked":"Catalyst","floor":10},{"not_picked":["Dagger Throw","Acrobatics"],"picked":"Deflect","floor":12},{"not_picked":["Quick Slash","Deflect"],"picked":"Backflip","floor":13},{"not_picked":["Heel Hook","Distraction","Bane"],"picked":"SKIP","floor":14}],"player_experience":958201,"relics_obtained":[{"floor":7,"key":"Ninja Scroll"},{"floor":12,"key":"Gambling Chip"}],"event_choices":[{"cards_removed":["Strike_G"],"damage_healed":0,"gold_gain":0,"player_choice":"Card Removal","damage_taken":7,"max_hp_gain":0,"max_hp_loss":0,"event_name":"Golden Wing","floor":4,"gold_loss":0},{"damage_healed":0,"gold_gain":100,"player_choice":"Pray","damage_taken":0,"max_hp_gain":0,"max_hp_loss":0,"event_name":"Golden Shrine","floor":5,"gold_loss":0}],"is_beta":false,"boss_relics":[],"items_purged_floors":[],"is_endless":false,"potions_floor_spawned":[3,8,12,14],"killed_by":"The Guardian","ascension_level":0}