{"gold_per_floor":[115,40,40,55,55,84,84,112,162,174,139,139,164,178,178,251,251,271,291,42,42,58,58,58,20,45,45,64,82,116,129,129,129],"floor_reached":33,"playtime":1557,"items_purged":["Strike_B","Strike_B"],"score":524,"play_id":"2ed12156-d49b-4d5d-827a-7d07e9422ed7","local_time":"20191006201824","is_ascension_mode":true,"campfire_choices":[{"data":"Loop","floor":7.0,"key":"SMITH"},{"data":"FTL","floor":15.0,"key":"SMITH"},{"data":"Hyperbeam","floor":27.0,"key":"SMITH"},{"floor":32.0,"key":"REST"}],"neow_cost":"TEN_PERCENT_HP_LOSS","seed_source_timestamp":1144082882553300,"circlet_count":0,"master_deck":["AscendersBane","Strike_B","Strike_B","Defend_B","Defend_B","Defend_B","Defend_B","Zap+1","Dualcast","Gash","Rip and Tear","Loop+1","Sweeping Beam","Chill","Rip and Tear","Hologram","Undo","Gash","FTL+1","Hyperbeam+1","Glacier","Conserve Battery","Shame","Gash","Self Repair+1","Gash","Reinforced Body","Gash","Compile Driver"],"special_seed":0,"relics":["Cracked Core","Prayer Wheel","Dream Catcher","Ice Cream","Vajra","Centennial Puzzle","Nuclear Battery","InkBottle","Frozen Egg 2","Bronze Scales","MealTicket"],"potions_floor_usage":[],"damage_taken":[{"damage":8.0,"enemies":"2 Louse","floor":1.0,"turns":2.0},{"damage":0.0,"enemies":"Small Slimes","floor":4.0,"turns":3.0},{"damage":25.0,"enemies":"Lagavulin","floor":6.0,"turns":6.0},{"damage":27.0,"enemies":"Gremlin Nob","floor":8.0,"turns":4.0},{"damage":0.0,"enemies":"Cultist","floor":10.0,"turns":3.0},{"damage":13.0,"enemies":"Lagavulin","floor":13.0,"turns":4.0},{"damage":4.0,"enemies":"Looter","floor":14.0,"turns":2.0},{"damage":4.0,"enemies":"Hexaghost","floor":16.0,"turns":7.0},{"damage":10.0,"enemies":"2 Thieves","floor":18.0,"turns":3.0},{"damage":9.0,"enemies":"3 Byrds","floor":19.0,"turns":4.0},{"damage":6.0,"enemies":"Snake Plant","floor":22.0,"turns":4.0},{"damage":21.0,"enemies":"Shelled Parasite and Fungi","floor":28.0,"turns":3.0},{"damage":2.0,"enemies":"Chosen and Byrds","floor":29.0,"turns":3.0},{"damage":4.0,"enemies":"Book of Stabbing","floor":30.0,"turns":4.0},{"damage":2.0,"enemies":"Centurion and Healer","floor":31.0,"turns":4.0},{"damage":56,"enemies":"Collector","floor":33,"turns":6}],"seed_played":"3736855719746537087","potions_obtained":[{"floor":1.0,"key":"FocusPotion"},{"floor":4.0,"key":"Strength Potion"},{"floor":8.0,"key":"PotionOfCapacity"},{"floor":14.0,"key":"Block Potion"},{"floor":16.0,"key":"Swift Potion"},{"floor":19.0,"key":"FearPotion"},{"floor":28.0,"key":"GamblersBrew"},{"floor":29.0,"key":"SkillPotion"},{"floor":30.0,"key":"Block Potion"}],"is_trial":false,"path_per_floor":["M","$","?","M","?","E","R","E","T","M","?","?","E","M","R","B",null,"M","M","$","?","M","?","?","$","T","R","M","M","E","M","R","B"],"character_chosen":"DEFECT","items_purchased":["InkBottle","Self Repair+1"],"campfire_rested":1,"item_purchase_floors":[20,25],"current_hp_per_floor":[56,56,56,56,61,36,36,9,9,9,26,26,13,9,9,5,53,43,34,34,34,28,28,28,28,28,28,17,15,21,29,49,0],"gold":129,"neow_bonus":"ONE_RARE_RELIC","is_prod":false,"is_daily":false,"chose_seed":false,"campfire_upgraded":3,"win_rate":0,"timestamp":1570385904,"path_taken":["M","$","?","M","?","E","R","E","T","M","?","?","E","M","R","BOSS","M","M","$","?","?","?","?","$","T","R","M","M","E","M","R","BOSS"],"build_version":"2019-10-04","purchased_purges":2,"victory":false,"max_hp_per_floor":[64,64,64,64,69,69,69,69,69,69,69,69,69,69,69,69,69,69,69,69,69,69,69,69,69,69,69,69,69,69,69,69,69],"card_choices":[{"not_picked":["Undo","Leap"],"picked":"Gash","floor":1.0},{"not_picked":["Beam Cell","Recycle"],"picked":"Rip and Tear","floor":1.0},{"not_picked":["Scrape","Ball Lightning"],"picked":"Loop","floor":4.0},{"not_picked":["Redo","Steam"],"picked":"Sweeping Beam","floor":4.0},{"not_picked":["Aggregate","Multi-Cast","Turbo"],"picked":"SKIP","floor":6.0},{"not_picked":["Barrage","Consume"],"picked":"Chill","floor":8.0},{"not_picked":["Compile Driver","Leap"],"picked":"Rip and Tear","floor":10.0},{"not_picked":["Lockon","Scrape"],"picked":"Hologram","floor":10.0},{"not_picked":["Static Discharge","Hello World"],"picked":"Undo","floor":13.0},{"not_picked":["Steam","BootSequence"],"picked":"Gash","floor":14.0},{"not_picked":["Echo Form","Aggregate"],"picked":"FTL","floor":14.0},{"not_picked":["Amplify","Buffer"],"picked":"Hyperbeam","floor":16.0},{"not_picked":["Lockon","Rebound","Turbo"],"picked":"SKIP","floor":18.0},{"not_picked":["Self Repair","Scrape","Double Energy"],"picked":"SKIP","floor":18.0},{"not_picked":["Go for the Eyes","Aggregate"],"picked":"Glacier","floor":19.0},{"not_picked":["Steam","Redo","White Noise"],"picked":"SKIP","floor":19.0},{"not_picked":["Barrage","Turbo+1"],"picked":"Conserve Battery","floor":22.0},{"not_picked":["Cold Snap","Hello World+1","Redo"],"picked":"SKIP","floor":22.0},{"not_picked":["BootSequence","Rainbow"],"picked":"Gash","floor":28.0},{"not_picked":["Auto Shields","Barrage"],"picked":"Reinforced Body","floor":28.0},{"not_picked":["BootSequence","Ball Lightning"],"picked":"Gash","floor":29.0},{"not_picked":["Go for the Eyes","Double Energy","Chill"],"picked":"SKIP","floor":29.0},{"not_picked":["Turbo","Cold Snap+1"],"picked":"Compile Driver","floor":30.0},{"not_picked":["Stack","Recycle","Turbo"],"picked":"SKIP","floor":31.0},{"not_picked":["Static Discharge+1","Auto Shields","Reprogram"],"picked":"SKIP","floor":31.0}],"player_experience":937201,"relics_obtained":[{"floor":6.0,"key":"Dream Catcher"},{"floor":8.0,"key":"Ice Cream"},{"floor":9.0,"key":"Vajra"},{"floor":13.0,"key":"Centennial Puzzle"},{"floor":26.0,"key":"Bronze Scales"},{"floor":30.0,"key":"MealTicket"}],"event_choices":[{"damage_healed":0.0,"max_hp_gain":0.0,"max_hp_loss":0.0,"gold_gain":0.0,"event_name":"Living Wall","player_choice":"Grow","floor":3.0,"gold_loss":0.0,"damage_taken":0.0,"cards_upgraded":["Zap"]},{"damage_healed":0.0,"max_hp_gain":5.0,"max_hp_loss":0.0,"gold_gain":0.0,"event_name":"Big Fish","player_choice":"Donut","floor":5.0,"gold_loss":0.0,"damage_taken":0.0},{"damage_healed":17.0,"max_hp_gain":0.0,"max_hp_loss":0.0,"gold_gain":0.0,"event_name":"The Cleric","player_choice":"Healed","floor":11.0,"gold_loss":35.0,"damage_taken":0.0},{"damage_healed":0.0,"max_hp_gain":0.0,"max_hp_loss":0.0,"gold_gain":0.0,"event_name":"Shining Light","player_choice":"Ignored","floor":12.0,"gold_loss":0.0,"damage_taken":0.0},{"damage_healed":0.0,"max_hp_gain":0.0,"max_hp_loss":0.0,"gold_gain":0.0,"event_name":"Transmorgrifier","player_choice":"Ignored","floor":21.0,"gold_loss":0.0,"damage_taken":0.0},{"damage_healed":0.0,"max_hp_gain":0.0,"max_hp_loss":0.0,"gold_gain":0.0,"event_name":"Addict","player_choice":"Stole Relic","floor":23.0,"gold_loss":0.0,"damage_taken":0.0,"relics_obtained":["Frozen Egg 2"],"cards_obtained":["Shame"]},{"damage_healed":0.0,"max_hp_gain":0.0,"max_hp_loss":0.0,"gold_gain":0.0,"event_name":"The Library","player_choice":"Read","floor":24.0,"gold_loss":0.0,"damage_taken":0.0,"cards_obtained":["Gash"]}],"is_beta":true,"boss_relics":[{"not_picked":["Fusion Hammer","Cursed Key"],"picked":"Nuclear Battery"}],"items_purged_floors":[2,20],"is_endless":false,"potions_floor_spawned":[1,4,8,14,16,19,28,29,30],"killed_by":"Collector","ascension_level":15}