{"gold_per_floor":[215,215,238,238,238,238,269,269,299,333,1,1,1,24,24,123,123,139,155,155,155,171,121,121,121,173,206,71,105,105,139,139,235,235,251,14,14,347,361,361,393,403,429,429],"floor_reached":44,"playtime":3471,"items_purged":["Defend_B"],"score":1069,"play_id":"0164520b-7449-4f8b-8a52-23cd1743e8c4","local_time":"20190605230644","is_ascension_mode":true,"campfire_choices":[{"data":"Sunder","floor":6.0,"key":"SMITH"},{"floor":8.0,"key":"REST"},{"floor":12.0,"key":"REST"},{"data":"Zap","floor":15.0,"key":"SMITH"},{"data":"Defragment","floor":24.0,"key":"SMITH"},{"floor":30.0,"key":"REST"},{"data":"Capacitor","floor":32.0,"key":"SMITH"},{"data":"Capacitor","floor":40.0,"key":"SMITH"}],"neow_cost":"NONE","seed_source_timestamp":431296250892218,"circlet_count":0,"master_deck":["AscendersBane","Defend_B","Defend_B+1","Defend_B","Zap+1","Dualcast","Cold Snap","Chill+1","Sunder+1","Zap+1","BootSequence+1","Steam+1","Conserve Battery+1","Fusion+1","Biased Cognition","Reinforced Body+1","Defragment+1","Hologram+1","Glacier+1","Leap+1","Bite","Bite","Bite","Bite","Bite","Barrage+1","Capacitor+1","Conserve Battery+1","Hologram+1","White Noise+1","Buffer","Capacitor+1","Defragment","Coolheaded+1","Core Surge","Master of Strategy+1","Dark Shackles+1"],"special_seed":0,"relics":["Cracked Core","Toxic Egg 2","Juzu Bracelet","Tiny Chest","Blue Candle","Membership Card","Bronze Scales","Orrery","Symbiotic Virus","Pen Nib","DataDisk","Darkstone Periapt","Potion Belt","Sozu","Vajra","Oddly Smooth Stone"],"potions_floor_usage":[44,44],"damage_taken":[{"damage":0.0,"enemies":"Small Slimes","floor":1.0,"turns":3.0},{"damage":7.0,"enemies":"2 Louse","floor":3.0,"turns":3.0},{"damage":11.0,"enemies":"3 Sentries","floor":7.0,"turns":7.0},{"damage":37.0,"enemies":"Gremlin Nob","floor":10.0,"turns":4.0},{"damage":0.0,"enemies":"Cultist","floor":14.0,"turns":2.0},{"damage":26.0,"enemies":"The Guardian","floor":16.0,"turns":9.0},{"damage":16.0,"enemies":"Chosen","floor":18.0,"turns":7.0},{"damage":0.0,"enemies":"2 Thieves","floor":19.0,"turns":5.0},{"damage":0.0,"enemies":"Sentry and Sphere","floor":22.0,"turns":5.0},{"damage":30.0,"enemies":"Book of Stabbing","floor":27.0,"turns":6.0},{"damage":11.0,"enemies":"Slavers","floor":29.0,"turns":7.0},{"damage":11.0,"enemies":"Gremlin Leader","floor":31.0,"turns":8.0},{"damage":6.0,"enemies":"Champ","floor":33.0,"turns":14.0},{"damage":35.0,"enemies":"3 Darklings","floor":35.0,"turns":16.0},{"damage":0.0,"enemies":"Orb Walker","floor":39.0,"turns":3.0},{"damage":28.0,"enemies":"Nemesis","floor":41.0,"turns":7.0},{"damage":0.0,"enemies":"3 Darklings","floor":42.0,"turns":12.0},{"damage":59,"enemies":"Reptomancer","floor":44,"turns":3}],"seed_played":"1130460027271462143","potions_obtained":[{"floor":7.0,"key":"SteroidPotion"},{"floor":13.0,"key":"Weak Potion"},{"floor":13.0,"key":"Fire Potion"},{"floor":14.0,"key":"Block Potion"},{"floor":19.0,"key":"SteroidPotion"},{"floor":22.0,"key":"Dexterity Potion"},{"floor":31.0,"key":"Swift Potion"},{"floor":33.0,"key":"Explosive Potion"}],"is_trial":false,"path_per_floor":["M","?","M","?","?","R","E","R","T","E","$","R","?","M","R","B",null,"M","M","?","?","M","?","R","?","T","E","$","E","R","E","R","B",null,"M","$","?","?","M","R","E","M","T","E"],"character_chosen":"DEFECT","items_purchased":["Membership Card","Bronze Scales","Conserve Battery+1","Capacitor","Conserve Battery+1","Hologram+1","Defragment","Coolheaded+1","Core Surge","Master of Strategy+1"],"campfire_rested":3,"item_purchase_floors":[11,11,11,28,28,28,36,36,36,36],"current_hp_per_floor":[64,64,57,52,52,52,41,60,60,23,23,42,42,42,42,16,52,36,36,36,36,42,42,42,42,42,22,22,23,36,41,41,44,44,39,39,29,29,39,39,20,44,44,0],"gold":429,"neow_bonus":"HUNDRED_GOLD","is_prod":false,"is_daily":false,"chose_seed":false,"campfire_upgraded":5,"win_rate":0,"timestamp":1559768804,"path_taken":["M","?","M","?","?","R","E","R","T","E","$","R","?","M","R","BOSS","M","M","?","?","M","?","R","?","T","E","?","E","R","E","R","BOSS","M","$","?","?","M","R","E","M","T","E"],"build_version":"2019-01-23","purchased_purges":1,"victory":false,"max_hp_per_floor":[71,64,64,64,64,64,64,64,64,64,64,64,64,64,64,64,64,64,64,64,44,44,44,44,44,44,44,44,44,44,44,44,44,44,44,44,44,44,44,44,44,44,44,44],"card_choices":[{"not_picked":["Barrage","Turbo"],"picked":"Cold Snap","floor":1.0},{"not_picked":["Darkness","Consume"],"picked":"Chill","floor":3.0},{"not_picked":["Redo+1","Storm"],"picked":"BootSequence+1","floor":7.0},{"not_picked":["Double Energy+1","Go for the Eyes"],"picked":"Steam+1","floor":10.0},{"not_picked":["Ball Lightning","Storm"],"picked":"Fusion+1","floor":14.0},{"not_picked":["Rainbow+1","All For One"],"picked":"Biased Cognition","floor":16.0},{"not_picked":["Cold Snap","Stack+1"],"picked":"Reinforced Body+1","floor":17.0},{"not_picked":["Consume+1","Compile Driver"],"picked":"Defragment","floor":17.0},{"not_picked":["Streamline","Compile Driver"],"picked":"Hologram+1","floor":17.0},{"not_picked":["Hologram+1","Compile Driver"],"picked":"Glacier+1","floor":17.0},{"not_picked":["Streamline","Doom and Gloom","Consume+1"],"picked":"SKIP","floor":18.0},{"not_picked":["Gash","Rebound"],"picked":"Leap+1","floor":19.0},{"not_picked":["Reprogram+1","Darkness+1","Go for the Eyes"],"picked":"SKIP","floor":22.0},{"not_picked":["Amplify+1","Aggregate+1"],"picked":"Barrage+1","floor":27.0},{"not_picked":["Rebound","Turbo+1","Doom and Gloom"],"picked":"SKIP","floor":29.0},{"not_picked":["Sweeping Beam","Melter"],"picked":"White Noise+1","floor":31.0},{"not_picked":["Thunder Strike","Hyperbeam"],"picked":"Buffer","floor":33.0},{"not_picked":["Streamline","Reinforced Body+1"],"picked":"Capacitor","floor":35.0},{"not_picked":["Good Instincts+1","Transmutation+1"],"picked":"Dark Shackles+1","floor":37.0},{"not_picked":["Leap+1","Ball Lightning","Redo+1"],"picked":"SKIP","floor":39.0},{"not_picked":["Leap+1","Ball Lightning","Redo+1"],"picked":"SKIP","floor":39.0},{"not_picked":["Streamline","Cold Snap","Blizzard"],"picked":"SKIP","floor":41.0},{"not_picked":["Sweeping Beam","Ball Lightning","Compile Driver"],"picked":"SKIP","floor":42.0}],"player_experience":463883,"relics_obtained":[{"floor":7.0,"key":"Juzu Bracelet"},{"floor":9.0,"key":"Tiny Chest"},{"floor":10.0,"key":"Blue Candle"},{"floor":26.0,"key":"Pen Nib"},{"floor":27.0,"key":"DataDisk"},{"floor":29.0,"key":"Darkstone Periapt"},{"floor":31.0,"key":"Potion Belt"},{"floor":41.0,"key":"Vajra"},{"floor":43.0,"key":"Oddly Smooth Stone"}],"event_choices":[{"damage_healed":0.0,"max_hp_gain":0.0,"max_hp_loss":7.0,"gold_gain":0.0,"event_name":"Golden Idol","player_choice":"Lose Max HP","floor":2.0,"gold_loss":0.0,"damage_taken":0.0,"relics_obtained":["Golden Idol"]},{"damage_healed":0.0,"max_hp_gain":0.0,"max_hp_loss":0.0,"gold_gain":0.0,"event_name":"Scrap Ooze","player_choice":"Success","floor":4.0,"gold_loss":0.0,"damage_taken":5.0,"relics_obtained":["Toxic Egg 2"]},{"damage_healed":0.0,"max_hp_gain":0.0,"max_hp_loss":0.0,"gold_gain":0.0,"event_name":"Match and Keep!","player_choice":"2 cards matched","floor":5.0,"gold_loss":0.0,"damage_taken":0.0,"cards_obtained":["Sunder","Zap"]},{"damage_healed":0.0,"max_hp_gain":0.0,"max_hp_loss":0.0,"gold_gain":0.0,"event_name":"Lab","player_choice":"Got Potions","floor":13.0,"gold_loss":0.0,"damage_taken":0.0},{"damage_healed":0.0,"max_hp_gain":0.0,"max_hp_loss":0.0,"gold_gain":0.0,"event_name":"The Mausoleum","player_choice":"Opened","floor":20.0,"gold_loss":0.0,"damage_taken":0.0,"relics_obtained":["Symbiotic Virus"],"cards_obtained":["Writhe"]},{"damage_healed":0.0,"max_hp_gain":0.0,"max_hp_loss":20.0,"gold_gain":0.0,"event_name":"Vampires","player_choice":"Became a vampire","floor":21.0,"gold_loss":0.0,"damage_taken":0.0,"cards_obtained":["Bite","Bite","Bite","Bite","Bite"]},{"damage_healed":0.0,"max_hp_gain":0.0,"max_hp_loss":0.0,"gold_gain":0.0,"event_name":"Designer","player_choice":"Upgraded Two","floor":23.0,"gold_loss":50.0,"damage_taken":0.0,"cards_upgraded":["Defend_B","Chill"]},{"cards_removed":["Writhe"],"damage_healed":0.0,"max_hp_gain":0.0,"max_hp_loss":0.0,"gold_gain":0.0,"event_name":"Wheel of Change","player_choice":"Card Removal","floor":25.0,"gold_loss":0.0,"damage_taken":0.0},{"damage_healed":0.0,"max_hp_gain":0.0,"max_hp_loss":0.0,"gold_gain":0.0,"event_name":"SensoryStone","player_choice":"Memory 3","floor":37.0,"gold_loss":0.0,"damage_taken":10.0},{"damage_healed":0.0,"max_hp_gain":0.0,"max_hp_loss":0.0,"gold_gain":333.0,"event_name":"The Moai Head","player_choice":"Gave Idol","floor":38.0,"relics_lost":["Golden Idol"],"gold_loss":0.0,"damage_taken":0.0}],"is_beta":false,"boss_relics":[{"not_picked":["Astrolabe","Fusion Hammer"],"picked":"Orrery"},{"not_picked":["Lizard Tail","Snecko Eye"],"picked":"Sozu"}],"items_purged_floors":[28],"is_endless":false,"potions_floor_spawned":[7,14,19,22,31,33,39,41],"killed_by":"Reptomancer","ascension_level":18}