{"gold_per_floor":[119,133,153,164,164,164,184,184,184,184,208,232,247,282,282,401,401,419,419,435,448,219,219],"floor_reached":23,"playtime":1146,"items_purged":["Strike_G"],"score":197,"play_id":"67c8f254-a27d-4a9b-836f-136194360880","local_time":"20190317230420","is_ascension_mode":false,"campfire_choices":[{"data":"Crippling Poison","floor":6,"key":"SMITH"},{"data":"Neutralize","floor":8,"key":"SMITH"},{"data":"Finisher","floor":10,"key":"SMITH"},{"data":"Blade Dance","floor":15,"key":"SMITH"}],"neow_cost":"NONE","seed_source_timestamp":104360646498123,"circlet_count":0,"master_deck":["Defend_G","Defend_G","Defend_G","Defend_G","Strike_G","Strike_G","Strike_G","Strike_G","Survivor","Neutralize+1","Crippling Poison+1","Flying Knee","Choke","Finisher+1","Distraction","Dash","Blade Dance+1","Malaise","Outmaneuver","Good Instincts","Burst"],"relics":["Ring of the Snake","Golden Idol","Happy Flower","Blood Vial","Runic Pyramid"],"potions_floor_usage":[14,16],"damage_taken":[{"damage":1,"enemies":"Jaw Worm","floor":1,"turns":5},{"damage":1,"enemies":"Cultist","floor":2,"turns":4},{"damage":1,"enemies":"2 Louse","floor":3,"turns":2},{"damage":3,"enemies":"Red Slaver","floor":4,"turns":5},{"damage":2,"enemies":"Looter","floor":7,"turns":3},{"damage":1,"enemies":"Blue Slaver","floor":11,"turns":3},{"damage":5,"enemies":"2 Fungi Beasts","floor":12,"turns":3},{"damage":8,"enemies":"Exordium Wildlife","floor":13,"turns":6},{"damage":10,"enemies":"Gremlin Nob","floor":14,"turns":3},{"damage":8,"enemies":"Hexaghost","floor":16,"turns":9},{"damage":12,"enemies":"Shell Parasite","floor":18,"turns":5},{"damage":3,"enemies":"3 Byrds","floor":20,"turns":4},{"damage":24,"enemies":"Centurion and Healer","floor":21,"turns":6},{"damage":30,"enemies":"Gremlin Leader","floor":23,"turns":5}],"seed_played":"-6439495330050249576","potions_obtained":[{"floor":1,"key":"EssenceOfSteel"},{"floor":2,"key":"Swift Potion"},{"floor":11,"key":"Poison Potion"},{"floor":18,"key":"EssenceOfSteel"}],"is_trial":false,"path_per_floor":["M","M","M","M","?","R","M","R","T","R","M","M","M","E","R","B",null,"M","?","M","M","$","E"],"character_chosen":"THE_SILENT","items_purchased":["Good Instincts","Burst"],"campfire_rested":0,"item_purchase_floors":[22,22],"current_hp_per_floor":[69,68,67,64,47,47,45,45,45,45,44,39,31,21,21,15,70,58,51,50,28,28,0],"gold":219,"neow_bonus":"REMOVE_CARD","is_prod":false,"is_daily":false,"chose_seed":false,"campfire_upgraded":4,"win_rate":0,"timestamp":1552878260,"path_taken":["M","M","M","M","?","R","M","R","T","R","M","M","M","E","R","BOSS","M","?","?","M","$","E"],"build_version":"2019-01-23","purchased_purges":1,"victory":false,"max_hp_per_floor":[70,70,70,70,70,70,70,70,70,70,70,70,70,70,70,70,70,70,70,70,70,70,70],"card_choices":[{"not_picked":["Expertise","Backstab"],"picked":"Crippling Poison","floor":1},{"not_picked":["Cloak And Dagger","Heel Hook"],"picked":"Flying Knee","floor":2},{"not_picked":["Outmaneuver","Underhanded Strike","Concentrate"],"picked":"SKIP","floor":3},{"not_picked":["Sucker Punch","Dagger Throw"],"picked":"Choke","floor":4},{"not_picked":["Crippling Poison","Flying Knee"],"picked":"Finisher","floor":7},{"not_picked":["Prepared","Deflect"],"picked":"Distraction","floor":11},{"not_picked":["Dodge and Roll","Caltrops"],"picked":"Dash","floor":12},{"not_picked":["Endless Agony","Bane","Noxious Fumes"],"picked":"SKIP","floor":13},{"not_picked":["Sucker Punch","Backflip"],"picked":"Blade Dance","floor":14},{"not_picked":["Wraith Form v2","Storm of Steel"],"picked":"Malaise","floor":16},{"not_picked":["Dodge and Roll","Quick Slash","Bane"],"picked":"SKIP","floor":18},{"not_picked":["Flying Knee","Poisoned Stab+1","Sucker Punch+1"],"picked":"SKIP","floor":20},{"not_picked":["Masterful Stab","Deadly Poison"],"picked":"Outmaneuver","floor":21}],"player_experience":731107,"relics_obtained":[{"floor":9,"key":"Happy Flower"},{"floor":14,"key":"Blood Vial"}],"event_choices":[{"damage_healed":0,"gold_gain":0,"player_choice":"Take Damage","damage_taken":17,"relics_obtained":["Golden Idol"],"max_hp_gain":0,"max_hp_loss":0,"event_name":"Golden Idol","floor":5,"gold_loss":0},{"damage_healed":0,"gold_gain":0,"player_choice":"","damage_taken":7,"max_hp_gain":0,"max_hp_loss":0,"event_name":"Knowing Skull","floor":19,"potions_obtained":[],"gold_loss":0,"cards_obtained":[]}],"is_beta":false,"boss_relics":[{"not_picked":["Runic Dome","Coffee Dripper"],"picked":"Runic Pyramid"}],"items_purged_floors":[22],"is_endless":false,"potions_floor_spawned":[1,2,11,13,18],"killed_by":"Gremlin Leader","ascension_level":0}