{"gold_per_floor":[109,124,124,139,150,150,167,192,192,205,205,155,179,190,190,292,292,312,346,371,371,386,386,386,386,413,355,372,54,54,67,67,67],"floor_reached":33,"playtime":2125,"items_purged":[],"score":247,"play_id":"0c76fa14-afd0-45f2-b3bc-dddc03b6228d","local_time":"20180901205919","is_ascension_mode":false,"campfire_choices":[{"data":"Dagger Throw","floor":6,"key":"SMITH"},{"floor":11,"key":"REST"},{"floor":15,"key":"REST"},{"floor":23,"key":"REST"},{"floor":25,"key":"REST"},{"floor":32,"key":"REST"}],"neow_cost":"NONE","seed_source_timestamp":1451291023671532,"circlet_count":0,"master_deck":["Defend_G+1","Defend_G+1","Defend_G+1","Defend_G+1","Defend_G+1","Strike_G+1","Strike_G+1","Strike_G+1","Strike_G+1","Survivor","Neutralize","Bane","Dagger Throw+1","Acrobatics","Heel Hook","All Out Attack","Deadly Poison","Dagger Spray","Phantasmal Killer+1","Poisoned Stab+1","Flying Knee","Dagger Spray","Necronomicurse","Eviscerate","Choke","All Out Attack","Bullet Time"],"relics":["Ring of the Serpent","Bottled Lightning","The Courier","Odd Mushroom","Red Mask","Dream Catcher","Necronomicon","Anchor","Bottled Flame","Lantern"],"potions_floor_usage":[13,16,16,19,33],"damage_taken":[{"damage":0,"enemies":"Cultist","floor":1,"turns":4},{"damage":1,"enemies":"Jaw Worm","floor":2,"turns":4},{"damage":2,"enemies":"Small Slimes","floor":4,"turns":4},{"damage":4,"enemies":"2 Fungi Beasts","floor":5,"turns":4},{"damage":7,"enemies":"3 Louse","floor":7,"turns":3},{"damage":47,"enemies":"Lagavulin","floor":8,"turns":8},{"damage":2,"enemies":"Large Slime","floor":10,"turns":5},{"damage":0,"enemies":"The Mushroom Lair","floor":13,"turns":2},{"damage":14,"enemies":"Blue Slaver","floor":14,"turns":3},{"damage":33,"enemies":"Slime Boss","floor":16,"turns":10},{"damage":13,"enemies":"3 Byrds","floor":18,"turns":4},{"damage":32,"enemies":"Masked Bandits","floor":19,"turns":4},{"damage":10,"enemies":"Shell Parasite","floor":22,"turns":4},{"damage":14,"enemies":"Cultist and Chosen","floor":28,"turns":6},{"damage":16,"enemies":"Sentry and Sphere","floor":31,"turns":4},{"damage":52,"enemies":"Collector","floor":33,"turns":6}],"seed_played":"-3778564596763205687","potions_obtained":[{"floor":4,"key":"SkillPotion"},{"floor":7,"key":"Swift Potion"},{"floor":10,"key":"Explosive Potion"},{"floor":18,"key":"EssenceOfSteel"},{"floor":28,"key":"Ancient Potion"}],"is_trial":false,"path_per_floor":["M","M","$","M","M","R","M","E","T","M","R","?","?","M","R","B",null,"M","?","T","?","M","R","?","R","T","$","M","$","?","M","R"],"character_chosen":"THE_SILENT","items_purchased":["Choke","Bottled Flame","Lantern"],"campfire_rested":5,"item_purchase_floors":[27,29,29],"current_hp_per_floor":[77,76,76,74,70,70,63,16,16,14,37,37,37,23,46,13,77,64,32,32,32,22,45,29,52,52,52,38,38,38,22,45,0],"gold":67,"neow_bonus":"TEN_PERCENT_HP_BONUS","is_prod":false,"is_daily":false,"chose_seed":false,"campfire_upgraded":1,"win_rate":0,"timestamp":1535849959,"path_taken":["M","M","?","M","M","R","M","E","T","M","R","?","?","M","R","BOSS","M","?","?","?","?","R","?","R","T","$","M","$","?","M","R","BOSS"],"build_version":"2018-08-30","purchased_purges":0,"victory":false,"max_hp_per_floor":[77,77,77,77,77,77,77,77,77,77,77,77,77,77,77,77,77,77,77,77,77,77,77,77,77,77,77,77,77,77,77,77,77],"card_choices":[{"not_picked":["Slice","Cloak And Dagger"],"picked":"Bane","floor":1},{"not_picked":["Eviscerate","Concentrate","Choke"],"picked":"SKIP","floor":2},{"not_picked":["Quick Slash","Underhanded Strike"],"picked":"Dagger Throw","floor":4},{"not_picked":["Burst","Quick Slash"],"picked":"Acrobatics","floor":5},{"not_picked":["Backflip","Heel Hook","PiercingWail"],"picked":"SKIP","floor":7},{"not_picked":["Backflip","Heel Hook","PiercingWail"],"picked":"SKIP","floor":7},{"not_picked":["Bane","Eviscerate"],"picked":"Heel Hook","floor":8},{"not_picked":["Underhanded Strike","Deflect"],"picked":"All Out Attack","floor":10},{"not_picked":["Acrobatics","Escape Plan"],"picked":"Deadly Poison","floor":13},{"not_picked":["Dodge and Roll","Acrobatics"],"picked":"Dagger Spray","floor":14},{"not_picked":["Venomology","Storm of Steel"],"picked":"Phantasmal Killer","floor":16},{"not_picked":["Cloak And Dagger","Sucker Punch"],"picked":"Poisoned Stab+1","floor":18},{"not_picked":["Expertise","Blade Dance"],"picked":"Flying Knee","floor":22},{"not_picked":["Poisoned Stab+1","Infinite Blades"],"picked":"Dagger Spray","floor":23},{"not_picked":["Quick Slash","Escape Plan"],"picked":"Eviscerate","floor":25},{"not_picked":["Outmaneuver","Dagger Spray+1"],"picked":"All Out Attack","floor":28},{"not_picked":["Acrobatics","Dodge and Roll"],"picked":"Bullet Time","floor":31}],"player_experience":351997,"relics_obtained":[{"floor":8,"key":"Bottled Lightning"},{"floor":9,"key":"The Courier"},{"floor":13,"key":"Odd Mushroom"},{"floor":19,"key":"Red Mask"},{"floor":20,"key":"Dream Catcher"},{"floor":24,"key":"Necronomicon"},{"floor":26,"key":"Anchor"}],"event_choices":[{"event_name":"The Cleric","player_choice":"Card Removal","floor":12,"damage_taken":0},{"event_name":"Mushrooms","player_choice":"Fought Mushrooms","floor":13,"damage_taken":0},{"event_name":"Masked Bandits","player_choice":"Fought Bandits","floor":19,"damage_taken":0},{"event_name":"Back to Basics","player_choice":"Simplicity","floor":21,"damage_taken":0},{"event_name":"Cursed Tome","player_choice":"Obtained Book","floor":24,"damage_taken":0},{"event_name":"Upgrade Shrine","player_choice":"Upgraded","floor":30,"damage_taken":0}],"is_beta":false,"boss_relics":[{"not_picked":["Orrery","Empty Cage"],"picked":"Ring of the Serpent"}],"items_purged_floors":[],"is_endless":false,"potions_floor_spawned":[4,7,10,18,28],"killed_by":"Collector","ascension_level":0}