{"gold_per_floor":[119,138,138,156,175,175,209,209,236,268,279,312,4,37,37,138,138,149,165,165,184,38,38,94,193,193,193,205,205,205,215,215,319,319,329,74,94,106,122,122,222,222,222,222,254,270,280,280,280,280,280,280,31,64,64],"floor_reached":56,"playtime":3073,"items_purged":["Clumsy","Defend_R"],"score":1251,"play_id":"9c19e10e-aec2-4818-a9d3-1ab47ac77c95","local_time":"20190128212823","is_ascension_mode":false,"campfire_choices":[{"data":"Twin Strike","floor":6.0,"key":"SMITH"},{"data":"Rage","floor":8.0,"key":"SMITH"},{"data":"Sword Boomerang","floor":15.0,"key":"SMITH"},{"data":"Double Tap","floor":23.0,"key":"SMITH"},{"data":"Limit Break","floor":27.0,"key":"SMITH"},{"data":"Inflame","floor":29.0,"key":"SMITH"},{"floor":32.0,"key":"RECALL"},{"data":"Rupture","floor":40.0,"key":"SMITH"},{"data":"Rage","floor":42.0,"key":"SMITH"},{"data":"Metallicize","floor":44.0,"key":"SMITH"},{"floor":49.0,"key":"REST"},{"data":"Shrug It Off","floor":52.0,"key":"SMITH"}],"neow_cost":"CURSE","seed_source_timestamp":608352804444696,"circlet_count":0,"master_deck":["Strike_R","Strike_R","Strike_R","Defend_R","Defend_R","Defend_R","Bash","Rage+1","Shrug It Off+1","Seeing Red","Metallicize+1","Twin Strike+1","Double Tap+1","Shrug It Off","Cleave","Sword Boomerang+1","Limit Break+1","Rage+1","Combust","Shrug It Off+1","Inflame+1","Twin Strike+1","Rupture+1","Reaper","Evolve+1","Heavy Blade+1","Disarm"],"special_seed":0,"relics":["Burning Blood","Anchor","Potion Belt","Bag of Marbles","Vajra","Pen Nib","Red Skull","Gremlin Horn","Mark of Pain","Tiny Chest","Paper Frog","White Beast Statue","HandDrill","StoneCalendar","FossilizedHelix","Spirit Poop","Lantern","Strawberry"],"potions_floor_usage":[54,55,55,55,55,55,55,55,55],"damage_taken":[{"damage":3.0,"enemies":"Cultist","floor":1.0,"turns":5.0},{"damage":9.0,"enemies":"Jaw Worm","floor":2.0,"turns":7.0},{"damage":2.0,"enemies":"Small Slimes","floor":4.0,"turns":4.0},{"damage":6.0,"enemies":"Exordium Wildlife","floor":5.0,"turns":6.0},{"damage":16.0,"enemies":"Gremlin Nob","floor":7.0,"turns":4.0},{"damage":19.0,"enemies":"Lagavulin","floor":10.0,"turns":8.0},{"damage":1.0,"enemies":"2 Fungi Beasts","floor":11.0,"turns":3.0},{"damage":24.0,"enemies":"Gremlin Nob","floor":12.0,"turns":4.0},{"damage":12.0,"enemies":"Lagavulin","floor":14.0,"turns":6.0},{"damage":27.0,"enemies":"The Guardian","floor":16.0,"turns":7.0},{"damage":8.0,"enemies":"Spheric Guardian","floor":18.0,"turns":4.0},{"damage":32.0,"enemies":"2 Thieves","floor":19.0,"turns":4.0},{"damage":4.0,"enemies":"Cultist and Chosen","floor":21.0,"turns":5.0},{"damage":11.0,"enemies":"Book of Stabbing","floor":24.0,"turns":4.0},{"damage":2.0,"enemies":"Centurion and Healer","floor":28.0,"turns":3.0},{"damage":0.0,"enemies":"Snake Plant","floor":31.0,"turns":2.0},{"damage":46.0,"enemies":"Collector","floor":33.0,"turns":5.0},{"damage":8.0,"enemies":"3 Shapes","floor":35.0,"turns":5.0},{"damage":0.0,"enemies":"Orb Walker","floor":37.0,"turns":2.0},{"damage":27.0,"enemies":"Maw","floor":38.0,"turns":7.0},{"damage":33.0,"enemies":"Writhing Mass","floor":39.0,"turns":5.0},{"damage":36.0,"enemies":"Mind Bloom Boss Battle","floor":41.0,"turns":5.0},{"damage":17.0,"enemies":"Nemesis","floor":45.0,"turns":5.0},{"damage":0.0,"enemies":"Transient","floor":46.0,"turns":5.0},{"damage":41.0,"enemies":"3 Darklings","floor":47.0,"turns":4.0},{"damage":52.0,"enemies":"Donu and Deca","floor":50.0,"turns":7.0},{"damage":35,"enemies":"Shield and Spear","floor":54,"turns":4},{"damage":34,"enemies":"The Heart","floor":55,"turns":6}],"seed_played":"-6650653888150622209","potions_obtained":[{"floor":5.0,"key":"FearPotion"},{"floor":7.0,"key":"Swift Potion"},{"floor":10.0,"key":"SmokeBomb"},{"floor":16.0,"key":"SkillPotion"},{"floor":19.0,"key":"GamblersBrew"},{"floor":28.0,"key":"Poison Potion"},{"floor":35.0,"key":"SteroidPotion"},{"floor":37.0,"key":"Energy Potion"},{"floor":38.0,"key":"EntropicBrew"},{"floor":41.0,"key":"Weak Potion"},{"floor":54,"key":"Dexterity Potion"}],"is_trial":false,"path_per_floor":["M","M","?","M","M","R","E","R","T","E","M","E","$","E","R","B",null,"M","M","?","M","$","R","E","?","T","R","M","R","$","M","R","B",null,"M","$","M","M","M","R","?","R","T","R","E","M","M","?","R","B",null,"R","$","E","B",null],"character_chosen":"IRONCLAD","items_purchased":["Pen Nib","Red Skull","Inflame","SteroidPotion","HandDrill","Lantern"],"campfire_rested":1,"item_purchase_floors":[13,13,22,36,36,53],"current_hp_per_floor":[96,93,93,96,96,96,86,86,86,73,78,60,60,54,54,33,96,94,68,68,70,70,70,65,65,65,65,69,69,69,75,75,35,96,94,94,96,94,69,69,50,50,50,50,55,61,26,26,53,37,93,93,93,100,83],"gold":64,"neow_bonus":"TWENTY_PERCENT_HP_BONUS","is_prod":false,"is_daily":false,"chose_seed":false,"campfire_upgraded":10,"win_rate":0,"timestamp":1548728903,"path_taken":["M","M","?","?","M","R","E","R","T","E","?","E","$","E","R","BOSS","M","M","?","?","$","R","E","?","T","R","M","R","?","M","R","BOSS","M","$","M","M","M","R","?","R","T","R","E","M","M","?","R","BOSS","R","$","E","BOSS"],"build_version":"2019-01-23","purchased_purges":2,"victory":true,"max_hp_per_floor":[96,96,96,96,96,96,96,96,96,96,96,96,96,96,96,96,96,96,96,96,96,96,96,96,96,96,96,96,96,96,96,96,96,96,96,96,96,96,96,96,96,96,96,96,96,96,96,93,93,93,93,93,93,100,100],"card_choices":[{"not_picked":["Pommel Strike","Corruption"],"picked":"Rage","floor":1.0},{"not_picked":["Sever Soul","Burning Pact"],"picked":"Shrug It Off","floor":2.0},{"not_picked":["Bloodletting","Pummel"],"picked":"Metallicize","floor":4.0},{"not_picked":["Shrug It Off","Thunderclap"],"picked":"Twin Strike","floor":5.0},{"not_picked":["Havoc","Carnage"],"picked":"Double Tap","floor":7.0},{"not_picked":["Blood for Blood","True Grit","Clothesline"],"picked":"SKIP","floor":10.0},{"not_picked":["Sever Soul","Bloodletting"],"picked":"Shrug It Off","floor":11.0},{"not_picked":["Offering","Warcry"],"picked":"Cleave","floor":12.0},{"not_picked":["Body Slam","Anger"],"picked":"Sword Boomerang","floor":14.0},{"not_picked":["Double Tap","Bludgeon"],"picked":"Limit Break","floor":16.0},{"not_picked":["Armaments","Clothesline"],"picked":"Rage","floor":18.0},{"not_picked":["Perfected Strike","Warcry","Armaments"],"picked":"SKIP","floor":19.0},{"not_picked":["Brutality","Searing Blow"],"picked":"Shrug It Off+1","floor":21.0},{"not_picked":["Body Slam","Flame Barrier"],"picked":"Twin Strike+1","floor":24.0},{"not_picked":["Havoc","Whirlwind","Shrug It Off"],"picked":"SKIP","floor":28.0},{"not_picked":["Ghostly Armor","Corruption+1"],"picked":"Rupture","floor":31.0},{"not_picked":["Bludgeon","Berserk"],"picked":"Reaper","floor":33.0},{"not_picked":["True Grit","Clothesline","Fire Breathing+1"],"picked":"SKIP","floor":35.0},{"not_picked":["Ghostly Armor","Cleave+1"],"picked":"Evolve+1","floor":37.0},{"not_picked":["Power Through+1","Iron Wave+1"],"picked":"Heavy Blade+1","floor":38.0},{"not_picked":["Limit Break","Heavy Blade","Clothesline+1"],"picked":"SKIP","floor":39.0},{"not_picked":["Ghostly Armor","Flex","Havoc+1"],"picked":"SKIP","floor":45.0},{"not_picked":["Shrug It Off+1","Cleave+1","Flame Barrier+1"],"picked":"SKIP","floor":46.0},{"not_picked":["Evolve+1","Havoc","Body Slam+1"],"picked":"SKIP","floor":47.0},{"not_picked":["Demon Form","Whirlwind"],"picked":"Disarm","floor":54}],"player_experience":647489,"relics_obtained":[{"floor":7.0,"key":"Anchor"},{"floor":9.0,"key":"Potion Belt"},{"floor":10.0,"key":"Bag of Marbles"},{"floor":12.0,"key":"Vajra"},{"floor":14.0,"key":"Gremlin Horn"},{"floor":24.0,"key":"Tiny Chest"},{"floor":26.0,"key":"Paper Frog"},{"floor":41.0,"key":"StoneCalendar"},{"floor":45.0,"key":"FossilizedHelix"},{"floor":54,"key":"Strawberry"}],"event_choices":[{"damage_healed":0.0,"max_hp_gain":0.0,"max_hp_loss":0.0,"gold_gain":0.0,"cards_transformed":["Strike_R"],"event_name":"Transmorgrifier","player_choice":"Transformed","floor":3.0,"gold_loss":0.0,"damage_taken":0.0,"cards_obtained":["Seeing Red"]},{"damage_healed":0.0,"max_hp_gain":0.0,"max_hp_loss":0.0,"gold_gain":0.0,"cards_transformed":["Strike_R"],"event_name":"Transmorgrifier","player_choice":"Transformed","floor":20.0,"gold_loss":0.0,"damage_taken":0.0,"cards_obtained":["Combust"]},{"damage_healed":0.0,"max_hp_gain":0.0,"max_hp_loss":0.0,"gold_gain":99.0,"event_name":"Nest","player_choice":"Stole From Cult","floor":25.0,"gold_loss":0.0,"damage_taken":0.0},{"damage_healed":0.0,"max_hp_gain":0.0,"max_hp_loss":0.0,"gold_gain":0.0,"event_name":"MindBloom","player_choice":"Fight","floor":41.0,"gold_loss":0.0,"damage_taken":0.0},{"cards_removed":["Parasite"],"damage_healed":0.0,"max_hp_gain":0.0,"max_hp_loss":0.0,"gold_gain":0.0,"event_name":"Bonfire Elementals","player_choice":"Offered Curse","floor":48.0,"gold_loss":0.0,"damage_taken":0.0,"relics_obtained":["Spirit Poop"]}],"is_beta":false,"boss_relics":[{"not_picked":["Sozu","Coffee Dripper"],"picked":"Mark of Pain"},{"not_picked":["Tiny House","Runic Dome"],"picked":"White Beast Statue"}],"items_purged_floors":[22,53],"is_endless":false,"potions_floor_spawned":[5,7,10,16,19,28,35,37,38,39,41,45,46,47,54],"ascension_level":0}