{"gold_per_floor":[117,40,54,54,64,95,95,129,129,129,141,141,159,170,170,244,244,262,244,244,244],"floor_reached":21,"playtime":1274,"items_purged":[],"score":334,"play_id":"9c18b091-a7cf-40c3-aef6-260e879ef2a4","local_time":"20191007131143","is_ascension_mode":true,"campfire_choices":[{"data":"Dagger Spray","floor":7,"key":"SMITH"},{"data":"Dash","floor":10,"key":"SMITH"},{"floor":15,"key":"REST"}],"neow_cost":"NONE","seed_source_timestamp":1205462901313200,"circlet_count":0,"master_deck":["AscendersBane","Strike_G","Strike_G","Strike_G","Defend_G","Defend_G","Defend_G","Defend_G","Survivor","Neutralize","Caltrops","After Image","Dagger Spray+1","Pain","Dash+1","Backflip","PiercingWail","Dodge and Roll","Die Die Die","Predator+1","Venomology+1","Burst+1","Quick Slash"],"relics":["Ring of the Snake","WarpedTongs","Omamori","Kunai","Potion Belt","Astrolabe","Nloth\u0027s Gift"],"potions_floor_usage":[6,13,16,19,19],"damage_taken":[{"damage":0,"enemies":"Jaw Worm","floor":1,"turns":1},{"damage":0,"enemies":"Cultist","floor":3,"turns":1},{"damage":1,"enemies":"2 Louse","floor":5,"turns":1},{"damage":13,"enemies":"Lagavulin","floor":6,"turns":10},{"damage":20,"enemies":"3 Sentries","floor":8,"turns":6},{"damage":4,"enemies":"Large Slime","floor":11,"turns":7},{"damage":7,"enemies":"Red Slaver","floor":13,"turns":6},{"damage":3,"enemies":"Blue Slaver","floor":14,"turns":4},{"damage":29,"enemies":"Slime Boss","floor":16,"turns":15},{"damage":16,"enemies":"Shell Parasite","floor":18,"turns":9},{"damage":14,"enemies":"2 Thieves","floor":19,"turns":4},{"damage":20,"enemies":"Centurion and Healer","floor":21,"turns":8}],"seed_played":"5252482216746671176","potions_obtained":[{"floor":1,"key":"Weak Potion"},{"floor":3,"key":"Swift Potion"},{"floor":14,"key":"Block Potion"},{"floor":16,"key":"Weak Potion"},{"floor":19,"key":"Energy Potion"}],"is_trial":false,"path_per_floor":["M","$","M","?","M","E","R","E","T","R","M","?","M","M","R","B",null,"M","M","?","M"],"character_chosen":"THE_SILENT","items_purchased":["After Image"],"campfire_rested":1,"item_purchase_floors":[2],"current_hp_per_floor":[59,59,59,59,58,45,45,25,25,25,21,21,14,11,30,1,50,34,20,20,0],"gold":244,"neow_bonus":"THREE_ENEMY_KILL","is_prod":false,"is_daily":false,"chose_seed":false,"campfire_upgraded":2,"win_rate":0,"timestamp":1570446703,"path_taken":["M","$","M","?","?","E","R","E","T","R","?","?","M","M","R","BOSS","M","M","?","M"],"build_version":"2019-10-04","purchased_purges":0,"victory":false,"max_hp_per_floor":[66,66,66,66,66,66,66,66,66,66,66,66,66,66,66,66,66,66,66,66,66],"card_choices":[{"not_picked":["Underhanded Strike","Bane"],"picked":"Caltrops","floor":1},{"not_picked":["Sucker Punch","Blade Dance"],"picked":"Dagger Spray","floor":3},{"not_picked":["Eviscerate","Flechettes"],"picked":"Dash","floor":5},{"not_picked":["Flechettes","Prepared","Finisher"],"picked":"SKIP","floor":6},{"not_picked":["Underhanded Strike","Deadly Poison"],"picked":"Backflip","floor":8},{"not_picked":["Bane","Heel Hook","Caltrops"],"picked":"SKIP","floor":11},{"not_picked":["Predator","Blur"],"picked":"PiercingWail","floor":13},{"not_picked":["PiercingWail","Flying Knee"],"picked":"Dodge and Roll","floor":14},{"not_picked":["Storm of Steel","Adrenaline"],"picked":"Die Die Die","floor":16},{"not_picked":["Outmaneuver","Acrobatics"],"picked":"Quick Slash","floor":18},{"not_picked":["Dagger Spray","Bane","Flechettes"],"picked":"SKIP","floor":19}],"player_experience":951610,"relics_obtained":[{"floor":6,"key":"Omamori"},{"floor":8,"key":"Kunai"},{"floor":9,"key":"Potion Belt"}],"event_choices":[{"damage_healed":0,"gold_gain":0,"player_choice":"Rummage","damage_taken":0,"relics_obtained":["WarpedTongs"],"max_hp_gain":0,"max_hp_loss":0,"event_name":"Accursed Blacksmith","floor":4,"gold_loss":0,"cards_obtained":["Pain"]},{"damage_healed":0,"gold_gain":0,"player_choice":"Ignored","damage_taken":0,"max_hp_gain":0,"max_hp_loss":0,"event_name":"Shining Light","floor":12,"gold_loss":0},{"damage_healed":0,"gold_gain":0,"player_choice":"Traded Relic","damage_taken":0,"relics_obtained":["Nloth\u0027s Gift"],"max_hp_gain":0,"max_hp_loss":0,"event_name":"N\u0027loth","floor":20,"relics_lost":["NeowsBlessing"],"gold_loss":0}],"is_beta":true,"boss_relics":[{"not_picked":["Runic Dome","WristBlade"],"picked":"Astrolabe"}],"items_purged_floors":[],"is_endless":false,"potions_floor_spawned":[1,3,14,16,19],"killed_by":"Centurion and Healer","ascension_level":15}