{"gold_per_floor":[114,27,37,37,61,61,97,97,97,97,20,45,45,61,61,185,185,208,52,52,52,75,75,94,94,121,137,161,161,195,114,114,244,244,259,278,347,347,367,410,410,255,255,271,27,68,401,401,401,401,401,401,12,38,38],"floor_reached":56,"playtime":3629,"items_purged":["Strike_G"],"score":1246,"play_id":"3b8f5b96-7eed-4246-91e7-841b86d905ac","local_time":"20190507202900","is_ascension_mode":false,"campfire_choices":[{"data":"Envenom","floor":6.0,"key":"SMITH"},{"floor":10.0,"key":"REST"},{"data":"Glass Knife","floor":13,"key":"SMITH"},{"data":"Neutralize","floor":15,"key":"SMITH"},{"floor":23,"key":"REST"},{"floor":29,"key":"REST"},{"floor":32,"key":"RECALL"},{"floor":41,"key":"REST"},{"floor":49,"key":"REST"},{"floor":52,"key":"REST"}],"neow_cost":"NONE","seed_source_timestamp":2771381888950129,"circlet_count":0,"master_deck":["Defend_G+1","Defend_G+1","Defend_G+1","Defend_G+1","Defend_G+1","Strike_G+1","Strike_G+1","Strike_G+1","Survivor","Neutralize+1","Envenom+1","Crippling Poison","Blade Dance+1","Finisher","Backflip+1","Glass Knife+1","Well Laid Plans","Footwork","Infinite Blades","Adrenaline","Catalyst","Footwork","Deflect+1","Footwork+1","Riddle With Holes","After Image","Leg Sweep+1","Acrobatics+1","Catalyst","Finesse"],"special_seed":0,"relics":["Ring of the Snake","Dodecahedron","Snake Skull","Pantograph","Odd Mushroom","Fusion Hammer","Centennial Puzzle","StoneCalendar","Busted Crown","Gambling Chip","Bag of Preparation","War Paint","Paper Crane","Smiling Mask","Pear","Oddly Smooth Stone"],"potions_floor_usage":[37,55,55],"damage_taken":[{"damage":4.0,"enemies":"Cultist","floor":1.0,"turns":4.0},{"damage":0.0,"enemies":"2 Louse","floor":3.0,"turns":3.0},{"damage":2.0,"enemies":"Jaw Worm","floor":5.0,"turns":4.0},{"damage":17.0,"enemies":"3 Sentries","floor":7.0,"turns":7.0},{"damage":1.0,"enemies":"The Mushroom Lair","floor":12.0,"turns":4.0},{"damage":14,"enemies":"Gremlin Gang","floor":14,"turns":2},{"damage":24,"enemies":"Hexaghost","floor":16,"turns":8},{"damage":12,"enemies":"3 Byrds","floor":18,"turns":4},{"damage":9,"enemies":"2 Thieves","floor":22,"turns":3},{"damage":8,"enemies":"Snecko","floor":24,"turns":6},{"damage":10,"enemies":"Centurion and Healer","floor":27,"turns":5},{"damage":0,"enemies":"Snake Plant","floor":28,"turns":5},{"damage":0,"enemies":"Gremlin Leader","floor":30,"turns":6},{"damage":24,"enemies":"Collector","floor":33,"turns":7},{"damage":0,"enemies":"3 Shapes","floor":35,"turns":5},{"damage":1,"enemies":"3 Darklings","floor":36,"turns":5},{"damage":37,"enemies":"2 Orb Walkers","floor":37,"turns":7},{"damage":6,"enemies":"Jaw Worm Horde","floor":39,"turns":4},{"damage":0,"enemies":"Giant Head","floor":40,"turns":8},{"damage":0,"enemies":"Maw","floor":44,"turns":5},{"damage":4,"enemies":"Reptomancer","floor":46,"turns":6},{"damage":12,"enemies":"Time Eater","floor":50,"turns":8},{"damage":8,"enemies":"Shield and Spear","floor":54,"turns":6},{"damage":43,"enemies":"The Heart","floor":55,"turns":8}],"seed_played":"4444845447388225124","potions_obtained":[{"floor":1.0,"key":"Swift Potion"},{"floor":7.0,"key":"EssenceOfSteel"},{"floor":12.0,"key":"SkillPotion"},{"floor":14,"key":"GhostInAJar"},{"floor":24,"key":"Block Potion"},{"floor":37,"key":"SkillPotion"}],"is_trial":false,"path_per_floor":["M","$","M","?","M","R","E","?","T","R","$","?","R","M","R","B",null,"M","$","?","?","M","R","M","?","T","M","M","R","E","$","R","B",null,"M","M","?","?","M","E","R","$","T","M","$","E","?","?","R","B",null,"R","$","E","B",null],"character_chosen":"THE_SILENT","items_purchased":["Blade Dance","Finisher","Well Laid Plans","Footwork","Riddle With Holes","War Paint","Paper Crane","Finesse","Strength Potion","Pear"],"campfire_rested":6,"item_purchase_floors":[2,2,11,19,31,42,45,53,53,53],"current_hp_per_floor":[66,66,66,49,47,47,30,12,12,33,33,32,32,18,18,19,70,58,58,58,58,49,70,62,62,62,52,52,70,70,70,70,46,70,70,69,32,32,26,26,47,47,47,47,47,43,43,43,64,58,70,70,80,72,37],"gold":38,"neow_bonus":"ONE_RANDOM_RARE_CARD","is_prod":false,"is_daily":false,"chose_seed":false,"campfire_upgraded":3,"win_rate":0,"timestamp":1557275340,"path_taken":["M","$","M","?","M","R","E","?","T","R","$","?","R","M","R","BOSS","M","$","?","?","?","R","M","?","T","M","M","R","E","?","R","BOSS","M","M","?","?","M","E","R","$","T","?","$","E","?","?","R","BOSS","R","$","E","BOSS"],"build_version":"2019-01-23","purchased_purges":1,"victory":true,"max_hp_per_floor":[70,70,70,70,70,70,70,70,70,70,70,70,70,70,70,70,70,70,70,70,70,70,70,70,70,70,70,70,70,70,70,70,70,70,70,70,70,70,70,70,70,70,70,70,70,70,70,70,70,70,70,70,80,80,80],"card_choices":[{"not_picked":["Deadly Poison","Backflip"],"picked":"Crippling Poison","floor":1.0},{"not_picked":["Quick Slash","Calculated Gamble"],"picked":"Backflip","floor":3.0},{"not_picked":["Poisoned Stab","Noxious Fumes"],"picked":"All Out Attack","floor":5.0},{"not_picked":["Blur","All Out Attack"],"picked":"Glass Knife","floor":7.0},{"not_picked":["Escape Plan","Dagger Spray"],"picked":"Footwork","floor":12.0},{"not_picked":["Heel Hook","Deflect"],"picked":"Infinite Blades","floor":14},{"not_picked":["Burst","A Thousand Cuts"],"picked":"Adrenaline","floor":16},{"not_picked":["Slice","Acrobatics"],"picked":"Catalyst","floor":18},{"not_picked":["Dagger Spray","Prepared","Blade Dance"],"picked":"SKIP","floor":22},{"not_picked":["PiercingWail","Quick Slash"],"picked":"Deflect+1","floor":24},{"not_picked":["Terror+1","Flying Knee"],"picked":"Footwork+1","floor":27},{"not_picked":["Dash","Prepared","All Out Attack"],"picked":"SKIP","floor":28},{"not_picked":["Sucker Punch+1","Dagger Spray","Quick Slash"],"picked":"SKIP","floor":30},{"not_picked":["Grand Finale","Bullet Time"],"picked":"After Image","floor":33},{"not_picked":[],"picked":"Leg Sweep+1","floor":35},{"not_picked":["Skewer"],"picked":"SKIP","floor":36},{"not_picked":["Deadly Poison"],"picked":"SKIP","floor":39},{"not_picked":[],"picked":"Acrobatics+1","floor":40},{"not_picked":[],"picked":"Catalyst","floor":44},{"not_picked":["All Out Attack+1"],"picked":"SKIP","floor":46},{"not_picked":["Masterful Stab+1"],"picked":"SKIP","floor":54}],"player_experience":861397,"relics_obtained":[{"floor":7.0,"key":"Dodecahedron"},{"floor":9.0,"key":"Pantograph"},{"floor":12.0,"key":"Odd Mushroom"},{"floor":26,"key":"Centennial Puzzle"},{"floor":30,"key":"StoneCalendar"},{"floor":37,"key":"Gambling Chip"},{"floor":40,"key":"Bag of Preparation"},{"floor":46,"key":"Smiling Mask"},{"floor":54,"key":"Oddly Smooth Stone"}],"event_choices":[{"damage_healed":0.0,"max_hp_gain":0.0,"max_hp_loss":0.0,"gold_gain":0.0,"event_name":"Golden Idol","player_choice":"Take Damage","floor":4.0,"gold_loss":0.0,"damage_taken":17.0,"relics_obtained":["Golden Idol"]},{"damage_healed":0.0,"max_hp_gain":0.0,"max_hp_loss":0.0,"gold_gain":0.0,"event_name":"Scrap Ooze","player_choice":"Success","floor":8.0,"gold_loss":0.0,"damage_taken":18.0,"relics_obtained":["Snake Skull"]},{"damage_healed":0.0,"max_hp_gain":0.0,"max_hp_loss":0.0,"gold_gain":0.0,"event_name":"Mushrooms","player_choice":"Fought Mushrooms","floor":12.0,"gold_loss":0.0,"damage_taken":0.0},{"damage_healed":0,"gold_gain":0,"player_choice":"Ignored","damage_taken":0,"max_hp_gain":0,"max_hp_loss":0,"event_name":"Ghosts","floor":20,"gold_loss":0},{"cards_removed":["Strike_G"],"damage_healed":0,"gold_gain":0,"player_choice":"Offered Basic","damage_taken":0,"max_hp_gain":0,"max_hp_loss":0,"event_name":"Bonfire Elementals","floor":21,"gold_loss":0},{"damage_healed":0,"gold_gain":0,"player_choice":"Simplicity","damage_taken":0,"max_hp_gain":0,"max_hp_loss":0,"event_name":"Back to Basics","floor":25,"gold_loss":0,"cards_upgraded":["Defend_G","Defend_G","Defend_G","Defend_G","Defend_G","Strike_G","Strike_G","Strike_G"]},{"damage_healed":0,"gold_gain":0,"player_choice":"Fight","damage_taken":0,"max_hp_gain":0,"max_hp_loss":0,"event_name":"Mysterious Sphere","floor":37,"gold_loss":0},{"damage_healed":0,"gold_gain":0,"player_choice":"Ignored","damage_taken":0,"max_hp_gain":0,"max_hp_loss":0,"event_name":"NoteForYourself","floor":38,"gold_loss":0},{"damage_healed":0,"gold_gain":333,"player_choice":"Gave Idol","damage_taken":0,"max_hp_gain":0,"max_hp_loss":0,"event_name":"The Moai Head","floor":47,"relics_lost":["Golden Idol"],"gold_loss":0},{"cards_removed":["All Out Attack"],"damage_healed":0,"gold_gain":0,"player_choice":"Purged","damage_taken":0,"max_hp_gain":0,"max_hp_loss":0,"event_name":"Purifier","floor":48,"gold_loss":0}],"is_beta":false,"boss_relics":[{"not_picked":["Eternal Feather","Tiny House"],"picked":"Fusion Hammer"},{"not_picked":["Philosopher\u0027s Stone","White Beast Statue"],"picked":"Busted Crown"}],"items_purged_floors":[19],"is_endless":false,"potions_floor_spawned":[1,7,12,14,16,18,24,28,30,36,37,39,40,44],"ascension_level":0}