{"gold_per_floor":[216,216,232,246,266,266,298,298,348,348,362,362,375,400,400,505,505,524,799,799,155,169,169,203,203,203,216,234,250,250,270,270,270],"floor_reached":33,"playtime":2429,"items_purged":["Regret"],"score":410,"play_id":"fb42ad20-f4a0-47a7-9344-bc6d1f3e1e3f","local_time":"20180827191848","is_ascension_mode":true,"campfire_choices":[{"data":"Ball Lightning","floor":6,"key":"SMITH"},{"floor":8,"key":"REST"},{"data":"Cold Snap","floor":10,"key":"SMITH"},{"data":"Defend_B","floor":12,"key":"SMITH"},{"data":"Reinforced Body","floor":15,"key":"SMITH"},{"floor":23,"key":"REST"},{"data":"Coolheaded","floor":25,"key":"SMITH"},{"data":"Static Discharge","floor":30,"key":"SMITH"},{"floor":32,"key":"REST"}],"neow_cost":"NONE","seed_source_timestamp":1012962090475862,"circlet_count":0,"master_deck":["Zap","Dualcast","Cold Snap+1","Dramatic Entrance","Genetic Algorithm","Ball Lightning+1","Steam","Turbo","Compile Driver","Reinforced Body+1","Go for the Eyes","Biased Cognition","Hologram","Ball Lightning","Barrage","Redo","Cold Snap","Hologram","Conserve Battery","Chill","Turbo","Writhe","Doom and Gloom","Stack","Coolheaded+1","Aggregate","Static Discharge+1","Rebound"],"relics":["Cracked Core","Letter Opener","Happy Flower","Bronze Scales","Pandora\u0027s Box","Ancient Tea Set","Matryoshka","Symbiotic Virus","Smiling Mask","Regal Pillow","Darkstone Periapt"],"potions_floor_usage":[7,14,16,33,33],"damage_taken":[{"damage":2,"enemies":"Jaw Worm","floor":1,"turns":3},{"damage":0,"enemies":"Cultist","floor":3,"turns":3},{"damage":10,"enemies":"Small Slimes","floor":4,"turns":3},{"damage":6,"enemies":"Gremlin Gang","floor":5,"turns":3},{"damage":13,"enemies":"Lagavulin","floor":7,"turns":5},{"damage":3,"enemies":"Blue Slaver","floor":11,"turns":2},{"damage":7,"enemies":"Exordium Thugs","floor":13,"turns":3},{"damage":0,"enemies":"Gremlin Nob","floor":14,"turns":2},{"damage":7,"enemies":"The Guardian","floor":16,"turns":9},{"damage":0,"enemies":"3 Byrds","floor":18,"turns":3},{"damage":22,"enemies":"2 Thieves","floor":22,"turns":3},{"damage":2,"enemies":"Slavers","floor":24,"turns":4},{"damage":22,"enemies":"Snake Plant","floor":27,"turns":3},{"damage":11,"enemies":"Shelled Parasite and Fungi","floor":28,"turns":3},{"damage":0,"enemies":"Cultist and Chosen","floor":29,"turns":6},{"damage":5,"enemies":"Centurion and Healer","floor":31,"turns":6},{"damage":69,"enemies":"Champ","floor":33,"turns":7}],"seed_played":"-3344074963675935545","potions_obtained":[{"floor":1,"key":"AttackPotion"},{"floor":5,"key":"Poison Potion"},{"floor":11,"key":"Strength Potion"},{"floor":14,"key":"Explosive Potion"},{"floor":18,"key":"Regen Potion"}],"is_trial":false,"path_per_floor":["M","?","M","M","M","R","E","R","T","R","M","R","M","E","R","B",null,"M","?","?","$","M","R","E","R","T","M","M","M","R","M","R"],"character_chosen":"DEFECT","items_purchased":["Matryoshka","Symbiotic Virus","Doom and Gloom"],"campfire_rested":3,"item_purchase_floors":[21,21,21],"current_hp_per_floor":[66,66,66,56,50,50,37,59,59,59,56,56,49,49,49,42,67,67,67,67,67,45,67,65,65,65,43,32,32,32,27,64,0],"gold":270,"neow_bonus":"HUNDRED_GOLD","is_prod":false,"is_daily":false,"chose_seed":false,"campfire_upgraded":6,"win_rate":0,"timestamp":1535411928,"path_taken":["M","?","M","?","M","R","E","R","T","R","M","R","M","E","R","BOSS","M","?","?","?","M","R","E","R","T","M","?","M","R","M","R","BOSS"],"build_version":"2018-08-23v2","purchased_purges":1,"victory":false,"max_hp_per_floor":[75,75,75,75,75,75,75,75,75,75,75,75,75,75,75,75,75,75,75,75,75,75,75,75,75,75,75,75,75,75,75,75,75],"card_choices":[{"not_picked":["Skim","Force Field"],"picked":"Cold Snap","floor":1},{"not_picked":["Coolheaded","Cold Snap"],"picked":"Genetic Algorithm","floor":3},{"not_picked":["Hello World","Aggregate"],"picked":"Ball Lightning","floor":4},{"not_picked":["Hologram","Gash"],"picked":"Steam","floor":5},{"not_picked":["Compile Driver","Recycle"],"picked":"Turbo","floor":7},{"not_picked":["Barrage","Doom and Gloom"],"picked":"Compile Driver","floor":11},{"not_picked":["Loop","Streamline"],"picked":"Reinforced Body","floor":13},{"not_picked":["Conserve Battery","Barrage"],"picked":"Go for the Eyes","floor":14},{"not_picked":["Thunder Strike","Amplify"],"picked":"Biased Cognition","floor":16},{"not_picked":["Genetic Algorithm","Redo"],"picked":"Turbo","floor":18},{"not_picked":["Go for the Eyes","Gash"],"picked":"Stack","floor":22},{"not_picked":["Redo","Leap"],"picked":"Coolheaded","floor":24},{"not_picked":["Undo","Ball Lightning"],"picked":"Aggregate","floor":27},{"not_picked":["Ball Lightning","Barrage","Reprogram"],"picked":"SKIP","floor":28},{"not_picked":["Go for the Eyes+1","Cold Snap"],"picked":"Static Discharge","floor":29},{"not_picked":["Ball Lightning","Gash+1"],"picked":"Rebound","floor":31}],"player_experience":314160,"relics_obtained":[{"floor":7,"key":"Letter Opener"},{"floor":9,"key":"Happy Flower"},{"floor":14,"key":"Bronze Scales"},{"floor":24,"key":"Smiling Mask"},{"floor":26,"key":"Regal Pillow"},{"floor":26,"key":"Darkstone Periapt"}],"event_choices":[{"event_name":"Match and Keep!","player_choice":"1 cards matched","floor":2,"damage_taken":0},{"event_name":"Golden Shrine","player_choice":"Desecrate","floor":19,"damage_taken":0},{"event_name":"The Mausoleum","player_choice":"Yes","floor":20,"damage_taken":0}],"is_beta":false,"boss_relics":[{"not_picked":["Eternal Feather","Sozu"],"picked":"Pandora\u0027s Box"}],"items_purged_floors":[21],"is_endless":false,"potions_floor_spawned":[1,5,11,14,18],"killed_by":"Champ","ascension_level":7}