{"gold_per_floor":[109,109,121,121,67,67,98,98,122,150,150,225,225,225,225,318,318,337,337,337,357,23,23,61,76,76,76,95,111,111,130,130,226,226,250,269,329,17,0,0,0,0,0,14,57,57,57,4,4,4],"floor_reached":51,"playtime":2793,"items_purged":["Strike_G","Strike_G"],"score":1407,"play_id":"f6454ca0-164f-462d-a10e-63a4b89a8b05","local_time":"20190628224258","is_ascension_mode":true,"campfire_choices":[{"data":"Neutralize","floor":6,"key":"SMITH"},{"floor":8,"key":"REST"},{"data":"Bouncing Flask","floor":11,"key":"SMITH"},{"data":"Catalyst","floor":13,"key":"SMITH"},{"floor":15,"key":"REST"},{"floor":23,"key":"REST"},{"floor":30,"key":"REST"},{"data":"Burst","floor":32,"key":"SMITH"},{"floor":40,"key":"REST"},{"floor":41,"key":"REST"},{"floor":46,"key":"REST"},{"floor":49,"key":"REST"}],"neow_cost":"NONE","seed_source_timestamp":739639231402553,"circlet_count":0,"master_deck":["AscendersBane","Defend_G+1","Defend_G+1","Defend_G+1","Defend_G+1","Defend_G+1","Strike_G+1","Survivor+1","Neutralize+1","Bouncing Flask+1","Catalyst+1","Dagger Throw+1","Dash+1","Escape Plan+1","Burst+1","Backflip+1","Noxious Fumes+1","Outmaneuver+1","Doppelganger+1","Acrobatics+1","Acrobatics+1","Corpse Explosion"],"relics":["Ring of the Snake","Ice Cream","Bag of Preparation","Turnip","Golden Idol","Philosopher\u0027s Stone","Snake Skull","War Paint","Happy Flower","Lantern","Fusion Hammer","WingedGreaves","TwistedFunnel","Red Mask","Paper Crane","Dream Catcher","Mark of the Bloom"],"potions_floor_usage":[7,10,28,37,45,50],"damage_taken":[{"damage":8,"enemies":"Jaw Worm","floor":1,"turns":5},{"damage":5,"enemies":"Small Slimes","floor":3,"turns":4},{"damage":12,"enemies":"Lagavulin","floor":7,"turns":7},{"damage":19,"enemies":"3 Sentries","floor":10,"turns":8},{"damage":6,"enemies":"The Guardian","floor":16,"turns":7},{"damage":31,"enemies":"3 Byrds","floor":18,"turns":7},{"damage":0,"enemies":"Chosen","floor":21,"turns":3},{"damage":14,"enemies":"Gremlin Leader","floor":24,"turns":3},{"damage":0,"enemies":"Snake Plant","floor":25,"turns":1},{"damage":0,"enemies":"Chosen and Byrds","floor":28,"turns":5},{"damage":0,"enemies":"3 Cultists","floor":29,"turns":6},{"damage":0,"enemies":"Snecko","floor":31,"turns":3},{"damage":0,"enemies":"Champ","floor":33,"turns":4},{"damage":15,"enemies":"3 Shapes","floor":35,"turns":5},{"damage":0,"enemies":"Orb Walker","floor":36,"turns":1},{"damage":34,"enemies":"2 Orb Walkers","floor":37,"turns":4},{"damage":0,"enemies":"Sphere and 2 Shapes","floor":44,"turns":5},{"damage":0,"enemies":"Nemesis","floor":45,"turns":5},{"damage":1,"enemies":"Donu and Deca","floor":50,"turns":4}],"seed_played":"-918348134391147064","potions_obtained":[{"floor":1,"key":"Regen Potion"},{"floor":3,"key":"Weak Potion"},{"floor":21,"key":"Swift Potion"},{"floor":24,"key":"Dexterity Potion"},{"floor":28,"key":"Weak Potion"},{"floor":44,"key":"GhostInAJar"}],"is_trial":false,"path_per_floor":["M","?","M","?","$","R","E","R","T","E","R","?","R","?","R","B",null,"M","?","T","M","$","R","E","M","T","?","M","M","R","M","R","B",null,"M","M","?","$","?","R","R","$","T","M","E","R","?","$","R","B",null],"character_chosen":"THE_SILENT","items_purchased":["Dagger Throw","War Paint","Noxious Fumes","TwistedFunnel","Poison Potion"],"campfire_rested":8,"item_purchase_floors":[5,22,22,38,48],"current_hp_per_floor":[51,51,46,46,46,46,34,53,53,49,49,38,38,15,34,28,57,26,26,26,26,26,45,31,31,31,31,31,31,50,50,50,50,62,47,47,13,13,13,32,51,51,51,51,51,66,66,66,66,65],"gold":4,"neow_bonus":"REMOVE_CARD","is_prod":false,"is_daily":false,"chose_seed":false,"campfire_upgraded":4,"win_rate":0,"timestamp":1561776178,"path_taken":["M","?","M","?","$","R","E","R","T","E","R","?","R","?","R","BOSS","M","?","?","M","$","R","E","M","T","?","M","M","R","M","R","BOSS","M","M","?","$","?","R","R","$","T","M","E","R","?","?","R","BOSS"],"build_version":"2019-01-23","purchased_purges":2,"victory":true,"max_hp_per_floor":[66,66,66,66,66,66,66,66,66,66,66,66,66,66,66,66,66,66,66,66,66,66,66,66,66,66,66,66,66,66,66,66,66,66,66,66,66,66,66,66,66,66,66,66,66,66,66,66,66,66],"card_choices":[{"not_picked":["Outmaneuver","Distraction"],"picked":"Bouncing Flask","floor":1},{"not_picked":["Dagger Spray","Escape Plan"],"picked":"Catalyst","floor":3},{"not_picked":["Crippling Poison","Finisher"],"picked":"Dash","floor":7},{"not_picked":["Bane","Slice"],"picked":"Escape Plan","floor":10},{"not_picked":["Phantasmal Killer","Malaise"],"picked":"Burst","floor":16},{"not_picked":["Tactician","Acrobatics+1"],"picked":"Backflip","floor":18},{"not_picked":["Dagger Throw","Poisoned Stab","Deadly Poison"],"picked":"SKIP","floor":21},{"not_picked":["Riddle With Holes","Slice","Setup"],"picked":"SKIP","floor":24},{"not_picked":["Prepared","Dodge and Roll","Dash"],"picked":"SKIP","floor":25},{"not_picked":["Accuracy","Bane"],"picked":"Outmaneuver","floor":28},{"not_picked":["Bane","Prepared","Blade Dance"],"picked":"SKIP","floor":29},{"not_picked":["Deadly Poison","Prepared","Dodge and Roll"],"picked":"SKIP","floor":31},{"not_picked":["Glass Knife","Wraith Form v2"],"picked":"Doppelganger","floor":33},{"not_picked":["PiercingWail","Quick Slash"],"picked":"Acrobatics","floor":35},{"not_picked":["Deadly Poison","Blur","Concentrate"],"picked":"SKIP","floor":36},{"not_picked":["Underhanded Strike","Endless Agony"],"picked":"Acrobatics","floor":44},{"not_picked":["Poisoned Stab+1","Caltrops","Eviscerate"],"picked":"SKIP","floor":45},{"not_picked":["Deflect","Riddle With Holes"],"picked":"Corpse Explosion","floor":49}],"player_experience":1077778,"relics_obtained":[{"floor":7,"key":"Ice Cream"},{"floor":9,"key":"Bag of Preparation"},{"floor":10,"key":"Turnip"},{"floor":20,"key":"Snake Skull"},{"floor":24,"key":"Happy Flower"},{"floor":26,"key":"Lantern"},{"floor":37,"key":"WingedGreaves"},{"floor":43,"key":"Paper Crane"},{"floor":45,"key":"Dream Catcher"}],"event_choices":[{"damage_healed":0,"gold_gain":0,"player_choice":"Ignored","damage_taken":0,"max_hp_gain":0,"max_hp_loss":0,"event_name":"Shining Light","floor":2,"gold_loss":0},{"cards_removed":["Strike_G"],"damage_healed":0,"gold_gain":0,"player_choice":"Forget","damage_taken":0,"max_hp_gain":0,"max_hp_loss":0,"event_name":"Living Wall","floor":4,"gold_loss":0},{"damage_healed":0,"gold_gain":75,"player_choice":"Gather Gold","damage_taken":11,"max_hp_gain":0,"max_hp_loss":0,"event_name":"World of Goop","floor":12,"gold_loss":0},{"damage_healed":0,"gold_gain":0,"player_choice":"Take Damage","damage_taken":23,"relics_obtained":["Golden Idol"],"max_hp_gain":0,"max_hp_loss":0,"event_name":"Golden Idol","floor":14,"gold_loss":0},{"damage_healed":0,"gold_gain":0,"player_choice":"Ignored","damage_taken":0,"max_hp_gain":0,"max_hp_loss":0,"event_name":"Ghosts","floor":19,"gold_loss":0},{"damage_healed":0,"gold_gain":0,"player_choice":"Fight","damage_taken":0,"max_hp_gain":0,"max_hp_loss":0,"event_name":"Mysterious Sphere","floor":37,"gold_loss":0},{"damage_healed":0,"gold_gain":0,"player_choice":"Paid","damage_taken":0,"relics_obtained":["Red Mask"],"max_hp_gain":0,"max_hp_loss":0,"event_name":"Tomb of Lord Red Mask","floor":39,"gold_loss":17},{"damage_healed":0,"gold_gain":0,"player_choice":"Upgrade","damage_taken":0,"relics_obtained":["Mark of the Bloom"],"max_hp_gain":0,"max_hp_loss":0,"event_name":"MindBloom","floor":47,"gold_loss":0,"cards_upgraded":["Defend_G","Defend_G","Defend_G","Strike_G","Survivor","Dagger Throw","Dash","Escape Plan","Backflip","Noxious Fumes","Outmaneuver","Doppelganger","Acrobatics","Acrobatics"]}],"is_beta":false,"boss_relics":[{"not_picked":["Lizard Tail","Eternal Feather"],"picked":"Philosopher\u0027s Stone"},{"not_picked":["Coffee Dripper","Snecko Eye"],"picked":"Fusion Hammer"}],"items_purged_floors":[22,38],"is_endless":false,"potions_floor_spawned":[1,3,21,24,28,31,36,44],"ascension_level":17}