{"gold_per_floor":[116,135,149,159,175,175,202,202,202,127,146,146,146,159,159,258,258,274,274,284,284,301,301,632,632,677,677,587,601,601],"floor_reached":30,"playtime":1402,"items_purged":["Strike_R"],"score":252,"play_id":"84b78556-9f9a-4ad0-9577-467a2ed530a0","local_time":"20190510214339","is_ascension_mode":false,"campfire_choices":[{"data":"Bash","floor":6,"key":"SMITH"},{"data":"Rampage","floor":8,"key":"SMITH"},{"data":"Sword Boomerang","floor":12,"key":"SMITH"},{"data":"Rage","floor":15,"key":"SMITH"},{"data":"Barricade","floor":23,"key":"SMITH"},{"data":"Entrench","floor":25,"key":"SMITH"},{"data":"Uppercut","floor":27,"key":"SMITH"}],"neow_cost":"TEN_PERCENT_HP_LOSS","seed_source_timestamp":3037324928525192,"circlet_count":0,"master_deck":["Strike_R","Strike_R","Strike_R","Defend_R+1","Defend_R","Defend_R","Defend_R","Bash+1","Battle Trance","Sword Boomerang+1","Rampage+1","Pommel Strike","Spot Weakness","Entrench+1","Rage+1","Cleave","Barricade+1","Uppercut+1","Shrug It Off","Flame Barrier"],"relics":["Burning Blood","StoneCalendar","Turnip","Gremlin Horn","Bag of Preparation","Velvet Choker","Old Coin","Smiling Mask"],"potions_floor_usage":[4,7,24],"damage_taken":[{"damage":1,"enemies":"Cultist","floor":1,"turns":3},{"damage":2,"enemies":"2 Louse","floor":2,"turns":3},{"damage":13,"enemies":"Jaw Worm","floor":3,"turns":5},{"damage":9,"enemies":"Gremlin Gang","floor":4,"turns":4},{"damage":27,"enemies":"Exordium Thugs","floor":5,"turns":5},{"damage":25,"enemies":"Gremlin Nob","floor":7,"turns":4},{"damage":6,"enemies":"Red Slaver","floor":11,"turns":4},{"damage":0,"enemies":"Large Slime","floor":14,"turns":2},{"damage":28,"enemies":"Hexaghost","floor":16,"turns":9},{"damage":5,"enemies":"Spheric Guardian","floor":18,"turns":4},{"damage":0,"enemies":"3 Byrds","floor":20,"turns":4},{"damage":10,"enemies":"Cultist and Chosen","floor":22,"turns":5},{"damage":14,"enemies":"Slavers","floor":24,"turns":4},{"damage":29,"enemies":"3 Cultists","floor":29,"turns":6},{"damage":43,"enemies":"Book of Stabbing","floor":30,"turns":4}],"seed_played":"-6870882418503398989","potions_obtained":[{"floor":3,"key":"Poison Potion"},{"floor":5,"key":"Energy Potion"},{"floor":11,"key":"FairyPotion"},{"floor":18,"key":"SteroidPotion"},{"floor":20,"key":"SpeedPotion"},{"floor":22,"key":"Dexterity Potion"}],"is_trial":false,"path_per_floor":["M","M","M","M","M","R","E","R","T","$","M","R","?","M","R","B",null,"M","$","M","?","M","R","E","R","T","R","?","M","E"],"character_chosen":"IRONCLAD","items_purchased":[],"campfire_rested":0,"item_purchase_floors":[],"current_hp_per_floor":[72,72,65,62,41,41,22,22,22,22,22,22,22,28,28,13,72,72,72,72,72,68,68,60,60,60,60,60,37,0],"gold":601,"neow_bonus":"ONE_RARE_RELIC","is_prod":false,"is_daily":false,"chose_seed":false,"campfire_upgraded":7,"win_rate":0,"timestamp":1557539019,"path_taken":["M","?","?","M","M","R","E","R","T","?","M","R","?","M","R","BOSS","M","$","M","?","?","R","E","R","T","R","?","?","E"],"build_version":"2019-01-23","purchased_purges":1,"victory":false,"max_hp_per_floor":[72,72,72,72,72,72,72,72,72,72,72,72,72,72,72,72,72,72,72,72,72,72,72,72,72,72,72,72,72,72],"card_choices":[{"not_picked":["Havoc","Flex"],"picked":"Battle Trance","floor":1},{"not_picked":["Flex","Disarm"],"picked":"Sword Boomerang","floor":2},{"not_picked":["Pommel Strike","Sword Boomerang"],"picked":"Rampage","floor":3},{"not_picked":["Perfected Strike","Shrug It Off"],"picked":"Pommel Strike","floor":4},{"not_picked":["Wild Strike","Power Through"],"picked":"Spot Weakness","floor":5},{"not_picked":["Reckless Charge","Feel No Pain"],"picked":"Entrench","floor":7},{"not_picked":["Brutality","Seeing Red"],"picked":"Rage","floor":11},{"not_picked":["True Grit","Fire Breathing"],"picked":"Cleave","floor":14},{"not_picked":["Brutality","Juggernaut"],"picked":"Barricade","floor":16},{"not_picked":["Heavy Blade","Havoc"],"picked":"Uppercut","floor":18},{"not_picked":["Bloodletting","Twin Strike"],"picked":"Shrug It Off","floor":20},{"not_picked":["Evolve","Clothesline","Fire Breathing+1"],"picked":"SKIP","floor":22},{"not_picked":["True Grit","Evolve+1","Flex"],"picked":"SKIP","floor":24},{"not_picked":["Inflame","Bloodletting"],"picked":"Flame Barrier","floor":29}],"player_experience":874541,"relics_obtained":[{"floor":7,"key":"Turnip"},{"floor":9,"key":"Gremlin Horn"},{"floor":24,"key":"Old Coin"},{"floor":26,"key":"Smiling Mask"}],"event_choices":[{"damage_healed":0,"gold_gain":0,"player_choice":"Searched \u00271\u0027 times","damage_taken":0,"relics_obtained":["Bag of Preparation"],"max_hp_gain":0,"max_hp_loss":0,"event_name":"Dead Adventurer","floor":13,"gold_loss":0},{"damage_healed":0,"gold_gain":0,"player_choice":"Ignored","damage_taken":0,"max_hp_gain":0,"max_hp_loss":0,"event_name":"NoteForYourself","floor":21,"gold_loss":0},{"cards_removed":["Strike_R"],"damage_healed":0,"gold_gain":0,"player_choice":"Upgrade and Remove","damage_taken":0,"max_hp_gain":0,"max_hp_loss":0,"event_name":"Designer","floor":28,"gold_loss":90,"cards_upgraded":["Defend_R"]}],"is_beta":false,"boss_relics":[{"not_picked":["Pandora\u0027s Box","Eternal Feather"],"picked":"Velvet Choker"}],"items_purged_floors":[10],"is_endless":false,"potions_floor_spawned":[3,5,11,18,20,22],"killed_by":"Book of Stabbing","ascension_level":0}