{"gold_per_floor":[115,115,115,115,130,130,164,181,181,181,34,34,49,49,49,49],"floor_reached":16,"playtime":410,"items_purged":["Strike_B"],"score":215,"play_id":"a093f696-2420-4697-acf9-56431644846f","local_time":"20190708064424","is_ascension_mode":true,"campfire_choices":[{"data":"Loop","floor":10,"key":"SMITH"},{"data":"Loop","floor":12,"key":"SMITH"},{"floor":15,"key":"REST"}],"neow_cost":"NONE","seed_source_timestamp":1231450062575227,"circlet_count":0,"master_deck":["AscendersBane","Strike_B+1","Defend_B","Defend_B","Defend_B","Defend_B","Zap+1","Dualcast","Sweeping Beam","Conserve Battery","Loop+1","Loop+1","Ball Lightning"],"relics":["Cracked Core","NeowsBlessing","Boot","Strawberry","Omamori","Mummified Hand"],"potions_floor_usage":[],"damage_taken":[{"damage":0,"enemies":"Cultist","floor":1,"turns":1},{"damage":0,"enemies":"Jaw Worm","floor":5,"turns":1},{"damage":0,"enemies":"3 Sentries","floor":7,"turns":1},{"damage":0,"enemies":"Small Slimes","floor":8,"turns":2},{"damage":29,"enemies":"Gremlin Gang","floor":13,"turns":4},{"damage":32,"enemies":"The Guardian","floor":16,"turns":9}],"seed_played":"5328901393012902202","potions_obtained":[{"floor":8,"key":"FocusPotion"}],"is_trial":false,"path_per_floor":["M","?","?","?","M","?","E","M","T","R","$","R","M","?","R","B"],"character_chosen":"DEFECT","items_purchased":["Loop"],"campfire_rested":1,"item_purchase_floors":[11],"current_hp_per_floor":[64,57,36,36,36,38,38,38,38,38,38,38,9,9,32,0],"gold":49,"neow_bonus":"THREE_ENEMY_KILL","is_prod":false,"is_daily":false,"chose_seed":false,"campfire_upgraded":2,"win_rate":0,"timestamp":1562561064,"path_taken":["M","?","?","?","?","?","E","M","T","R","$","R","M","?","R","BOSS"],"build_version":"2019-07-05","purchased_purges":1,"victory":false,"max_hp_per_floor":[71,71,71,71,71,78,78,78,78,78,78,78,78,78,78,78],"card_choices":[{"not_picked":["Rebound","Streamline"],"picked":"Steam","floor":1},{"not_picked":["Beam Cell","Undo"],"picked":"Sweeping Beam","floor":5},{"not_picked":["Chill","Hologram"],"picked":"Conserve Battery","floor":7},{"not_picked":["Chill","Redo"],"picked":"Loop","floor":8},{"not_picked":["White Noise","Streamline"],"picked":"Ball Lightning","floor":13}],"player_experience":633653,"relics_obtained":[{"floor":7,"key":"Omamori"},{"floor":9,"key":"Mummified Hand"}],"event_choices":[{"cards_removed":["Strike_B"],"damage_healed":0,"gold_gain":0,"player_choice":"Card Removal","damage_taken":7,"max_hp_gain":0,"max_hp_loss":0,"event_name":"Golden Wing","floor":2,"gold_loss":0},{"damage_healed":0,"gold_gain":0,"player_choice":"Entered Light","damage_taken":21,"max_hp_gain":0,"max_hp_loss":0,"event_name":"Shining Light","floor":3,"gold_loss":0,"cards_upgraded":["Strike_B","Zap"]},{"cards_removed":["Steam"],"damage_healed":0,"gold_gain":0,"player_choice":"Gave Card","damage_taken":0,"relics_obtained":["Boot"],"max_hp_gain":0,"max_hp_loss":0,"event_name":"WeMeetAgain","floor":4,"gold_loss":0},{"damage_healed":0,"gold_gain":0,"player_choice":"Success","damage_taken":5,"relics_obtained":["Strawberry"],"max_hp_gain":0,"max_hp_loss":0,"event_name":"Scrap Ooze","floor":6,"gold_loss":0},{"cards_removed":["Strike_B"],"damage_healed":0,"gold_gain":0,"player_choice":"Offered Basic","damage_taken":0,"max_hp_gain":0,"max_hp_loss":0,"event_name":"Bonfire Elementals","floor":14,"gold_loss":0}],"is_beta":false,"boss_relics":[],"items_purged_floors":[11],"is_endless":false,"potions_floor_spawned":[8],"killed_by":"The Guardian","ascension_level":15}