{"gold_per_floor":[114,124,136,148,165,190,201,236,262,272,272],"floor_reached":11,"playtime":852,"items_purged":[],"score":93,"play_id":"c55e8e83-e42e-4f38-b081-e58ecbd0efc0","local_time":"20191006232433","is_ascension_mode":true,"campfire_choices":[],"neow_cost":"NONE","seed_source_timestamp":203009844453100,"circlet_count":0,"master_deck":["Strike_R","Strike_R","Strike_R","Strike_R","Strike_R","Defend_R","Defend_R","Defend_R","Defend_R","Bash","Feel No Pain","Burning Pact","Sentinel","Inflame","Seeing Red","Armaments","Cleave","Ghostly Armor","Shrug It Off"],"relics":["Burning Blood","Regal Pillow","Peace Pipe"],"potions_floor_usage":[6,10,10],"damage_taken":[{"damage":7,"enemies":"Cultist","floor":1,"turns":5},{"damage":7,"enemies":"2 Louse","floor":2,"turns":3},{"damage":12,"enemies":"Jaw Worm","floor":3,"turns":5},{"damage":2,"enemies":"Exordium Wildlife","floor":4,"turns":4},{"damage":18,"enemies":"Blue Slaver","floor":5,"turns":5},{"damage":45,"enemies":"Lagavulin","floor":6,"turns":8},{"damage":3,"enemies":"2 Fungi Beasts","floor":7,"turns":4},{"damage":26,"enemies":"3 Sentries","floor":8,"turns":10},{"damage":9,"enemies":"Exordium Thugs","floor":10,"turns":6},{"damage":22,"enemies":"Gremlin Nob","floor":11,"turns":3}],"seed_played":"6777286939134985676","potions_obtained":[{"floor":3,"key":"Weak Potion"},{"floor":4,"key":"EssenceOfSteel"},{"floor":5,"key":"PowerPotion"},{"floor":6,"key":"Ancient Potion"}],"is_trial":false,"path_per_floor":["M","M","M","M","M","E","M","E","T","M","E"],"character_chosen":"IRONCLAD","items_purchased":[],"campfire_rested":0,"item_purchase_floors":[],"current_hp_per_floor":[87,86,80,84,72,33,36,16,16,13,0],"gold":272,"neow_bonus":"TEN_PERCENT_HP_BONUS","is_prod":false,"is_daily":false,"chose_seed":false,"campfire_upgraded":0,"win_rate":0,"timestamp":1570418673,"path_taken":["M","M","M","?","M","E","M","E","T","M","E"],"build_version":"2019-07-17","purchased_purges":0,"victory":false,"max_hp_per_floor":[88,88,88,88,88,88,88,88,88,88,88],"card_choices":[{"not_picked":["Clothesline","Reckless Charge"],"picked":"Feel No Pain","floor":1},{"not_picked":["Battle Trance","Second Wind"],"picked":"Burning Pact","floor":2},{"not_picked":["Bloodletting","Twin Strike"],"picked":"Sentinel","floor":3},{"not_picked":["Cleave","Sentinel"],"picked":"Inflame","floor":4},{"not_picked":["Perfected Strike","Fire Breathing"],"picked":"Seeing Red","floor":5},{"not_picked":["Entrench","Dropkick"],"picked":"Armaments","floor":6},{"not_picked":["Anger","Sword Boomerang"],"picked":"Cleave","floor":7},{"not_picked":["Pommel Strike","Flame Barrier"],"picked":"Ghostly Armor","floor":8},{"not_picked":["Warcry","Cleave"],"picked":"Shrug It Off","floor":10}],"player_experience":52660,"relics_obtained":[{"floor":6,"key":"Regal Pillow"},{"floor":8,"key":"Peace Pipe"}],"event_choices":[],"is_beta":false,"boss_relics":[],"items_purged_floors":[],"is_endless":false,"potions_floor_spawned":[3,4,5,6,8],"killed_by":"Gremlin Nob","ascension_level":1}