{"gold_per_floor":[114,114,125,125,137,137,165,165,190,208,222,241,241,264,264,264],"floor_reached":16,"playtime":814,"items_purged":[],"score":208,"play_id":"158a59b8-47de-4b53-b2f6-ec1851626de2","local_time":"20190607225446","is_ascension_mode":true,"campfire_choices":[{"floor":6.0,"key":"REST"},{"floor":13.0,"key":"REST"},{"data":"Deadly Poison","floor":15.0,"key":"SMITH"}],"neow_cost":"TEN_PERCENT_HP_LOSS","seed_source_timestamp":606881705922533,"circlet_count":0,"master_deck":["AscendersBane","Defend_G","Defend_G","Defend_G","Defend_G","Defend_G","Strike_G+1","Strike_G","Strike_G","Strike_G","Strike_G","Survivor+1","Neutralize","Phantasmal Killer+1","Cloak And Dagger","Dodge and Roll","Backflip","Deadly Poison+1","Deflect","Die Die Die","Dash"],"special_seed":0,"relics":["Ring of the Snake","Oddly Smooth Stone","Golden Idol","Art of War"],"potions_floor_usage":[16,16],"damage_taken":[{"damage":4.0,"enemies":"Jaw Worm","floor":1.0,"turns":5.0},{"damage":2.0,"enemies":"Small Slimes","floor":3.0,"turns":4.0},{"damage":1.0,"enemies":"2 Louse","floor":5.0,"turns":3.0},{"damage":34.0,"enemies":"3 Sentries","floor":7.0,"turns":14.0},{"damage":11.0,"enemies":"Exordium Wildlife","floor":10.0,"turns":7.0},{"damage":0.0,"enemies":"3 Louse","floor":11.0,"turns":3.0},{"damage":3.0,"enemies":"2 Fungi Beasts","floor":12.0,"turns":5.0},{"damage":1.0,"enemies":"Blue Slaver","floor":14.0,"turns":4.0},{"damage":20,"enemies":"The Guardian","floor":16,"turns":10}],"seed_played":"-7367293895550393700","potions_obtained":[{"floor":3.0,"key":"Strength Potion"},{"floor":10.0,"key":"Weak Potion"},{"floor":11.0,"key":"GhostInAJar"}],"is_trial":false,"path_per_floor":["M","?","M","?","M","R","E","?","T","M","M","M","R","M","R","B"],"character_chosen":"THE_SILENT","items_purchased":[],"campfire_rested":2,"item_purchase_floors":[],"current_hp_per_floor":[55,37,35,35,34,52,18,18,18,7,7,4,20,19,19,0],"gold":264,"neow_bonus":"THREE_RARE_CARDS","is_prod":false,"is_daily":false,"chose_seed":false,"campfire_upgraded":1,"win_rate":0,"timestamp":1559940886,"path_taken":["M","?","M","?","M","R","E","?","T","M","?","M","R","M","R","BOSS"],"build_version":"2019-01-23","purchased_purges":0,"victory":false,"max_hp_per_floor":[60,60,60,60,60,60,60,54,54,54,54,54,54,54,54,54],"card_choices":[{"not_picked":["Night Terror","Burst"],"picked":"Phantasmal Killer","floor":0.0},{"not_picked":["Underhanded Strike","Finisher","Quick Slash"],"picked":"SKIP","floor":1.0},{"not_picked":["PiercingWail","Blade Dance"],"picked":"Cloak And Dagger","floor":3.0},{"not_picked":["Heel Hook","Underhanded Strike"],"picked":"Dodge and Roll","floor":5.0},{"not_picked":["Bane","Blade Dance"],"picked":"Backflip","floor":7.0},{"not_picked":["Tactician","Blade Dance"],"picked":"Deadly Poison","floor":10.0},{"not_picked":["Quick Slash","Setup"],"picked":"Deflect","floor":11.0},{"not_picked":["Flying Knee","Infinite Blades"],"picked":"Die Die Die","floor":12.0},{"not_picked":["Well Laid Plans","Dodge and Roll"],"picked":"Dash","floor":14.0}],"player_experience":478449,"relics_obtained":[{"floor":7.0,"key":"Oddly Smooth Stone"},{"floor":9.0,"key":"Art of War"}],"event_choices":[{"damage_healed":0.0,"max_hp_gain":0.0,"max_hp_loss":0.0,"gold_gain":0.0,"event_name":"Shining Light","player_choice":"Entered Light","floor":2.0,"gold_loss":0.0,"damage_taken":18.0,"cards_upgraded":["Survivor","Strike_G"]},{"damage_healed":0.0,"max_hp_gain":0.0,"max_hp_loss":0.0,"gold_gain":0.0,"event_name":"Living Wall","player_choice":"Grow","floor":4.0,"gold_loss":0.0,"damage_taken":0.0,"cards_upgraded":["Phantasmal Killer"]},{"damage_healed":0.0,"max_hp_gain":0.0,"max_hp_loss":6.0,"gold_gain":0.0,"event_name":"Golden Idol","player_choice":"Lose Max HP","floor":8.0,"gold_loss":0.0,"damage_taken":0.0,"relics_obtained":["Golden Idol"]}],"is_beta":false,"boss_relics":[],"items_purged_floors":[],"is_endless":false,"potions_floor_spawned":[3,10,11,12],"killed_by":"The Guardian","ascension_level":20}