{"gold_per_floor":[17,17,37,37,50,86,86,111,111,61,77,77,118,118,118,247,247,247,247,247,162,117,117,117,117,117,117,117,70,70,70,70,70,70,70,70,0,0,0,0,0,0,0,0,0,0,0,0,0,0],"floor_reached":51,"playtime":2821,"items_purged":[],"score":839,"play_id":"698916d0-1fd9-4c21-aa83-a50e4aee4a82","local_time":"20190618201916","is_ascension_mode":false,"campfire_choices":[{"data":"Armaments","floor":7,"key":"SMITH"},{"data":"Body Slam","floor":12,"key":"SMITH"},{"data":"Iron Wave","floor":15,"key":"SMITH"},{"data":"Cleave","floor":24,"key":"SMITH"},{"data":"Shrug It Off","floor":27,"key":"SMITH"},{"data":"Body Slam","floor":32,"key":"SMITH"},{"data":"Iron Wave","floor":41,"key":"SMITH"},{"floor":49,"key":"REST"}],"neow_cost":"NO_GOLD","seed_source_timestamp":2481998236603993,"circlet_count":0,"master_deck":["Strike_R","Strike_R","Defend_R+1","Defend_R+1","Defend_R","Defend_R","Bash+1","Body Slam+1","Armaments+1","Warcry","Iron Wave+1","Iron Wave+1","Cleave+1","Shrug It Off+1","Sword Boomerang","Body Slam+1","Clothesline+1"],"relics":["Burning Blood","Golden Idol","Ornamental Fan","Kunai","War Paint","Ectoplasm","PreservedInsect","Shuriken","Blood Vial","Paper Frog","Velvet Choker","Happy Flower","Red Mask","Potion Belt","Singing Bowl","Boot"],"potions_floor_usage":[8,50,50],"damage_taken":[{"damage":2,"enemies":"2 Louse","floor":1,"turns":4},{"damage":1,"enemies":"Jaw Worm","floor":3,"turns":5},{"damage":1,"enemies":"Cultist","floor":5,"turns":4},{"damage":55,"enemies":"Gremlin Nob","floor":6,"turns":6},{"damage":4,"enemies":"Gremlin Gang","floor":8,"turns":4},{"damage":0,"enemies":"Large Slime","floor":11,"turns":7},{"damage":8,"enemies":"3 Sentries","floor":13,"turns":11},{"damage":9,"enemies":"Hexaghost","floor":16,"turns":9},{"damage":0,"enemies":"3 Byrds","floor":18,"turns":6},{"damage":0,"enemies":"2 Thieves","floor":22,"turns":3},{"damage":15,"enemies":"Slavers","floor":23,"turns":4},{"damage":0,"enemies":"Shelled Parasite and Fungi","floor":25,"turns":6},{"damage":8,"enemies":"Snake Plant","floor":28,"turns":3},{"damage":0,"enemies":"3 Cultists","floor":31,"turns":4},{"damage":27,"enemies":"Collector","floor":33,"turns":10},{"damage":4,"enemies":"Orb Walker","floor":35,"turns":3},{"damage":0,"enemies":"3 Darklings","floor":38,"turns":5},{"damage":0,"enemies":"Spire Growth","floor":39,"turns":4},{"damage":5,"enemies":"Reptomancer","floor":40,"turns":5},{"damage":0,"enemies":"Jaw Worm Horde","floor":42,"turns":4},{"damage":0,"enemies":"Giant Head","floor":45,"turns":6},{"damage":0,"enemies":"Transient","floor":46,"turns":5},{"damage":33,"enemies":"Writhing Mass","floor":47,"turns":8},{"damage":4,"enemies":"3 Darklings","floor":48,"turns":4},{"damage":15,"enemies":"Awakened One","floor":50,"turns":13}],"seed_played":"7291836069866175843","potions_obtained":[{"floor":6,"key":"Energy Potion"},{"floor":11,"key":"Strength Potion"},{"floor":13,"key":"Fire Potion"},{"floor":22,"key":"Energy Potion"},{"floor":23,"key":"PowerPotion"},{"floor":46,"key":"BloodPotion"},{"floor":47,"key":"SmokeBomb"}],"is_trial":false,"path_per_floor":["M","?","M","?","M","E","R","M","T","$","M","R","E","?","R","B",null,"M","T","?","?","M","E","R","M","T","R","M","$","?","M","R","B",null,"M","T","?","M","M","E","R","M","T","?","E","M","M","M","R","B",null],"character_chosen":"IRONCLAD","items_purchased":["Iron Wave","Body Slam"],"campfire_rested":1,"item_purchase_floors":[10,29],"current_hp_per_floor":[80,60,65,65,70,21,21,23,23,23,29,29,27,27,27,24,80,80,80,80,80,80,71,71,79,79,79,78,78,78,80,80,59,80,80,80,80,80,80,80,80,80,80,80,82,82,57,63,86,77],"gold":0,"neow_bonus":"REMOVE_TWO","is_prod":false,"is_daily":false,"chose_seed":false,"campfire_upgraded":7,"win_rate":0,"timestamp":1560903556,"path_taken":["M","?","M","?","M","E","R","?","T","$","?","R","E","?","R","BOSS","M","?","?","?","M","E","R","M","T","R","?","?","?","M","R","BOSS","M","?","?","M","M","E","R","M","T","?","E","M","M","?","R","BOSS"],"build_version":"2019-01-23","purchased_purges":0,"victory":true,"max_hp_per_floor":[80,80,80,80,80,80,80,80,80,80,80,80,80,80,80,80,80,80,80,80,80,80,80,80,80,80,80,80,80,80,80,80,80,80,80,80,80,80,80,80,80,80,80,80,82,82,84,86,86,86],"card_choices":[{"not_picked":["Iron Wave","Evolve"],"picked":"Body Slam","floor":1},{"not_picked":["Sentinel","Perfected Strike"],"picked":"Armaments","floor":3},{"not_picked":["Sword Boomerang","Armaments","Heavy Blade"],"picked":"SKIP","floor":5},{"not_picked":["Havoc","Barricade"],"picked":"Warcry","floor":6},{"not_picked":["Searing Blow","Corruption","Dual Wield"],"picked":"SKIP","floor":8},{"not_picked":["Pummel","Perfected Strike"],"picked":"Iron Wave","floor":11},{"not_picked":["Whirlwind","Pummel"],"picked":"Cleave","floor":13},{"not_picked":["Twin Strike","Battle Trance+1","Armaments"],"picked":"SKIP","floor":18},{"not_picked":["Iron Wave","Evolve","Pommel Strike"],"picked":"SKIP","floor":22},{"not_picked":["Bloodletting","True Grit"],"picked":"Shrug It Off","floor":23},{"not_picked":["Warcry","True Grit+1"],"picked":"Sword Boomerang","floor":25},{"not_picked":["Bludgeon","Heavy Blade+1","Clothesline"],"picked":"SKIP","floor":28},{"not_picked":["Sword Boomerang","Cleave","Pommel Strike+1"],"picked":"SKIP","floor":31},{"not_picked":["Perfected Strike+1","Seeing Red+1","Infernal Blade+1"],"picked":"SKIP","floor":35},{"not_picked":["Headbutt+1","Inflame","Body Slam+1"],"picked":"SKIP","floor":38},{"not_picked":["Headbutt+1","Inflame","Body Slam+1"],"picked":"SKIP","floor":38},{"not_picked":["Seeing Red+1","Rupture+1","Reckless Charge+1"],"picked":"SKIP","floor":39},{"not_picked":["Carnage+1","Warcry","Dropkick"],"picked":"SKIP","floor":40},{"not_picked":["Rampage","Uppercut+1","Rupture+1"],"picked":"SKIP","floor":42},{"not_picked":["Juggernaut","Thunderclap","Rampage"],"picked":"Singing Bowl","floor":45},{"not_picked":["Body Slam+1","Heavy Blade+1"],"picked":"Clothesline+1","floor":46},{"not_picked":["Ghostly Armor","Reckless Charge+1","Second Wind"],"picked":"Singing Bowl","floor":47},{"not_picked":["Sword Boomerang+1","Seeing Red+1","Warcry+1"],"picked":"Singing Bowl","floor":48}],"player_experience":1033866,"relics_obtained":[{"floor":6,"key":"Ornamental Fan"},{"floor":9,"key":"Kunai"},{"floor":13,"key":"War Paint"},{"floor":19,"key":"PreservedInsect"},{"floor":23,"key":"Blood Vial"},{"floor":26,"key":"Paper Frog"},{"floor":36,"key":"Happy Flower"},{"floor":40,"key":"Potion Belt"},{"floor":43,"key":"Singing Bowl"},{"floor":45,"key":"Boot"}],"event_choices":[{"damage_healed":0,"gold_gain":0,"player_choice":"Take Damage","damage_taken":20,"relics_obtained":["Golden Idol"],"max_hp_gain":0,"max_hp_loss":0,"event_name":"Golden Idol","floor":2,"gold_loss":0},{"damage_healed":0,"gold_gain":0,"player_choice":"0 cards matched","damage_taken":0,"max_hp_gain":0,"max_hp_loss":0,"event_name":"Match and Keep!","floor":4,"gold_loss":0,"cards_obtained":[]},{"damage_healed":0,"gold_gain":0,"player_choice":"Forge","damage_taken":0,"max_hp_gain":0,"max_hp_loss":0,"event_name":"Accursed Blacksmith","floor":14,"gold_loss":0,"cards_upgraded":["Bash"]},{"damage_healed":0,"gold_gain":0,"player_choice":"Ignored","damage_taken":0,"max_hp_gain":0,"max_hp_loss":0,"event_name":"Ghosts","floor":20,"gold_loss":0},{"damage_healed":0,"gold_gain":0,"player_choice":"Obtained Relic","damage_taken":0,"relics_obtained":["Shuriken"],"max_hp_gain":0,"max_hp_loss":0,"event_name":"Addict","floor":21,"gold_loss":85},{"cards_removed":["Strike_R"],"damage_healed":0,"gold_gain":0,"player_choice":"Offered Basic","damage_taken":0,"max_hp_gain":0,"max_hp_loss":0,"event_name":"Bonfire Elementals","floor":30,"gold_loss":0},{"damage_healed":0,"gold_gain":0,"player_choice":"Paid","damage_taken":0,"relics_obtained":["Red Mask"],"max_hp_gain":0,"max_hp_loss":0,"event_name":"Tomb of Lord Red Mask","floor":37,"gold_loss":70},{"damage_healed":0,"gold_gain":300,"player_choice":"Gold","damage_taken":0,"max_hp_gain":0,"max_hp_loss":0,"event_name":"Wheel of Change","floor":44,"gold_loss":0}],"is_beta":false,"boss_relics":[{"not_picked":["Lizard Tail","Empty Cage"],"picked":"Ectoplasm"},{"not_picked":["Busted Crown","Runic Pyramid"],"picked":"Velvet Choker"}],"items_purged_floors":[],"is_endless":false,"potions_floor_spawned":[6,11,13,22,23,28,39,46,47],"ascension_level":0}