{"gold_per_floor":[115,129,106,59,73,73,94,119,168,184,184,209,159,170,170,266,266,221,221,221,221,17,17,17,17,17,17,17,17,17,17,17,17,17,17,17,17,17,17],"floor_reached":39,"playtime":3204,"items_purged":[],"score":579,"play_id":"a70b0d58-5a96-4b78-8d3b-d4daadec51e1","local_time":"20180829213809","is_ascension_mode":true,"campfire_choices":[{"floor":6,"key":"REST"},{"floor":11,"key":"REST"},{"data":"Unload","floor":15,"key":"SMITH"},{"floor":24,"key":"REST"},{"floor":27,"key":"REST"},{"floor":29,"key":"REST"},{"floor":32,"key":"REST"}],"neow_cost":"NONE","seed_source_timestamp":1193328643158105,"circlet_count":0,"master_deck":["Defend_G","Defend_G","Defend_G","Defend_G","Strike_G","Strike_G","Strike_G","Survivor","Neutralize","Deadly Poison","Skewer","Flying Knee","Flying Knee","Poisoned Stab","Bane","All Out Attack","Predator","Leg Sweep","Unload+1","Adrenaline","Outmaneuver","Metamorphosis","Tactician","Terror","RitualDagger","Slice+1","Bullet Time","Clumsy","Decay","Writhe","Crippling Poison+1","Mind Blast"],"special_seed":0,"relics":["Empty Cage","Odd Mushroom","Centennial Puzzle","Snake Skull","Tough Bandages","Ectoplasm","Mango","Kunai","Orichalcum","Calling Bell","Potion Belt","Shuriken","Girya"],"potions_floor_usage":[7,8,20,23,31,33,35,38],"damage_taken":[{"damage":8,"enemies":"Cultist","floor":1,"turns":5},{"damage":2,"enemies":"2 Louse","floor":2,"turns":3},{"damage":2,"enemies":"Jaw Worm","floor":5,"turns":4},{"damage":9,"enemies":"The Mushroom Lair","floor":7,"turns":4},{"damage":17,"enemies":"3 Sentries","floor":8,"turns":7},{"damage":7,"enemies":"2 Fungi Beasts","floor":10,"turns":3},{"damage":17,"enemies":"Lagavulin","floor":12,"turns":6},{"damage":0,"enemies":"Looter","floor":14,"turns":3},{"damage":24,"enemies":"Hexaghost","floor":16,"turns":9},{"damage":5,"enemies":"2 Thieves","floor":18,"turns":3},{"damage":7,"enemies":"Shell Parasite","floor":19,"turns":4},{"damage":19,"enemies":"Snake Plant","floor":20,"turns":3},{"damage":30,"enemies":"Gremlin Leader","floor":23,"turns":5},{"damage":30,"enemies":"Shelled Parasite and Fungi","floor":25,"turns":5},{"damage":1,"enemies":"Chosen and Byrds","floor":30,"turns":4},{"damage":19,"enemies":"Slavers","floor":31,"turns":4},{"damage":36,"enemies":"Champ","floor":33,"turns":10},{"damage":73,"enemies":"3 Darklings","floor":35,"turns":8},{"damage":0,"enemies":"Orb Walker","floor":38,"turns":2},{"damage":23,"enemies":"Maw","floor":39,"turns":2}],"seed_played":"627552056464013651","potions_obtained":[{"floor":5,"key":"EntropicBrew"},{"floor":8,"key":"SpeedPotion"},{"floor":10,"key":"Weak Potion"},{"floor":16,"key":"Explosive Potion"},{"floor":20,"key":"Energy Potion"},{"floor":25,"key":"FearPotion"},{"floor":30,"key":"Regen Potion"},{"floor":35,"key":"SkillPotion"}],"is_trial":false,"path_per_floor":["M","M","$","$","M","R","?","E","T","M","R","E","?","M","R","B",null,"M","M","M","?","$","E","R","M","T","R","?","R","M","E","R","B",null,"M","?","?","M"],"character_chosen":"THE_SILENT","items_purchased":["Flying Knee","Flying Knee","Metamorphosis"],"campfire_rested":6,"item_purchase_floors":[3,4,22],"current_hp_per_floor":[55,53,53,53,51,70,61,44,44,37,58,41,41,41,41,17,57,52,45,26,49,49,33,58,28,28,53,47,72,71,52,77,41,73,5,5,5,5,0],"gold":17,"neow_bonus":"BOSS_RELIC","is_prod":false,"is_daily":false,"chose_seed":false,"campfire_upgraded":1,"win_rate":0,"timestamp":1535593089,"path_taken":["M","M","?","$","?","R","?","E","T","M","R","E","?","?","R","BOSS","M","M","M","?","$","E","R","?","T","R","?","R","M","E","R","BOSS","M","?","?","M","M"],"build_version":"2018-08-23v2","purchased_purges":0,"victory":false,"max_hp_per_floor":[70,70,70,70,70,70,70,70,70,70,70,70,70,70,70,70,70,70,70,70,70,70,84,84,84,84,84,84,84,84,84,84,84,84,84,84,84,84,84],"card_choices":[{"not_picked":["Dodge and Roll","PiercingWail"],"picked":"Deadly Poison","floor":1},{"not_picked":["Crippling Poison","Tactician"],"picked":"Skewer","floor":2},{"not_picked":["Backstab","Reflex"],"picked":"Poisoned Stab","floor":5},{"not_picked":["Reflex","Dagger Throw"],"picked":"Bane","floor":7},{"not_picked":["PiercingWail","Distraction"],"picked":"All Out Attack","floor":8},{"not_picked":["Caltrops","Concentrate"],"picked":"Predator","floor":10},{"not_picked":["Quick Slash","Dagger Throw"],"picked":"Leg Sweep","floor":12},{"not_picked":["Flying Knee","Quick Slash"],"picked":"Unload","floor":14},{"not_picked":["Unload","Doppelganger"],"picked":"Adrenaline","floor":16},{"not_picked":["Masterful Stab","Dodge and Roll"],"picked":"Outmaneuver","floor":18},{"not_picked":["Choke+1","Cloak And Dagger","Bane"],"picked":"SKIP","floor":19},{"not_picked":["Blade Dance","Expertise","Cloak And Dagger"],"picked":"SKIP","floor":20},{"not_picked":["Poisoned Stab","Riddle With Holes"],"picked":"Tactician","floor":23},{"not_picked":["Cloak And Dagger","Deadly Poison"],"picked":"Terror","floor":25},{"not_picked":["Underhanded Strike","Well Laid Plans"],"picked":"Prepared","floor":30},{"not_picked":["Masterful Stab+1","Reflex"],"picked":"Slice+1","floor":31},{"not_picked":["Doppelganger","Unload"],"picked":"Bullet Time","floor":33},{"not_picked":["Underhanded Strike+1","Predator"],"picked":"Crippling Poison+1","floor":35},{"not_picked":["Forethought","Impatience"],"picked":"Mind Blast","floor":37},{"not_picked":["Deadly Poison+1","Underhanded Strike+1","Blade Dance+1"],"picked":"SKIP","floor":38}],"player_experience":326710,"relics_obtained":[{"floor":7,"key":"Odd Mushroom"},{"floor":8,"key":"Centennial Puzzle"},{"floor":9,"key":"Snake Skull"},{"floor":12,"key":"Tough Bandages"},{"floor":23,"key":"Mango"},{"floor":26,"key":"Kunai"},{"floor":31,"key":"Orichalcum"},{"floor":34,"key":"Potion Belt"},{"floor":34,"key":"Shuriken"},{"floor":34,"key":"Girya"}],"event_choices":[{"event_name":"Mushrooms","player_choice":"Fought Mushrooms","floor":7,"damage_taken":0},{"event_name":"The Cleric","player_choice":"Card Removal","floor":13,"damage_taken":0},{"event_name":"The Library","player_choice":"Heal","floor":21,"damage_taken":0},{"event_name":"Nest","player_choice":"Joined the Cult","floor":28,"damage_taken":0},{"event_name":"Falling","player_choice":"Removed Skill","floor":36,"damage_taken":0},{"event_name":"SensoryStone","player_choice":"Memory 1","floor":37,"damage_taken":0}],"is_beta":false,"boss_relics":[{"not_picked":["White Beast Statue","Astrolabe"],"picked":"Ectoplasm"},{"not_picked":["Velvet Choker","Black Star"],"picked":"Calling Bell"}],"items_purged_floors":[],"is_endless":false,"potions_floor_spawned":[5,8,10,16,18,20,25,30,35],"killed_by":"Maw","ascension_level":7}