{"gold_per_floor":[111,111,131,142,154,179,190,220,220,230,230,241,416,35,35,134,134,134,134,134,134,134,134,134,134,134,134,134,134,134,134,134,134,134,134,134,94,94,94,94,94,94,94,94,35,35,35,35,35,35,35,35,35,35,35],"floor_reached":55,"playtime":4659,"items_purged":["Doubt"],"score":823,"play_id":"0644769f-8862-4f26-a194-6b0aa856cda2","local_time":"20190127225523","is_ascension_mode":false,"campfire_choices":[{"floor":11.0,"key":"REST"},{"data":"Bouncing Flask","floor":15.0,"key":"SMITH"},{"data":"Dagger Spray","floor":24.0,"key":"SMITH"},{"floor":30.0,"key":"RECALL"},{"data":"Caltrops","floor":32.0,"key":"SMITH"},{"data":"Leg Sweep","floor":42.0,"key":"SMITH"},{"data":"Bouncing Flask","floor":44.0,"key":"SMITH"},{"data":"Backflip","floor":46.0,"key":"SMITH"},{"data":"Flechettes","floor":49.0,"key":"SMITH"},{"data":"Survivor","floor":52.0,"key":"SMITH"}],"neow_cost":"NONE","seed_source_timestamp":525734803316660,"circlet_count":0,"master_deck":["Defend_G","Defend_G","Defend_G+1","Defend_G","Defend_G","Survivor+1","Neutralize","Wraith Form v2","Bouncing Flask+1","Leg Sweep+1","Calculated Gamble","All Out Attack","Bouncing Flask+1","Backflip+1","Outmaneuver","Dagger Spray+1","PiercingWail+1","Doppelganger+1","Prepared+1","Bite","Bite","Bite","Bite","Bite","Adrenaline+1","Caltrops+1","Backflip+1","Flechettes+1","Backflip+1","Blur+1","Burst+1","Catalyst+1","Deflect+1","Acrobatics+1"],"special_seed":0,"relics":["Ring of the Snake","Art of War","Ice Cream","Toxic Egg 2","Ectoplasm","Gremlin Horn","Pocketwatch","Regal Pillow","Black Star","Ancient Tea Set","Singing Bowl","Vajra","Dodecahedron","Mummified Hand","Paper Crane"],"potions_floor_usage":[55,55,55],"damage_taken":[{"damage":3.0,"enemies":"Small Slimes","floor":1.0,"turns":4.0},{"damage":0.0,"enemies":"2 Louse","floor":3.0,"turns":3.0},{"damage":2.0,"enemies":"Jaw Worm","floor":4.0,"turns":4.0},{"damage":3.0,"enemies":"Gremlin Gang","floor":5.0,"turns":6.0},{"damage":12.0,"enemies":"Lagavulin","floor":6.0,"turns":5.0},{"damage":0.0,"enemies":"2 Fungi Beasts","floor":7.0,"turns":3.0},{"damage":27.0,"enemies":"3 Sentries","floor":8.0,"turns":9.0},{"damage":1.0,"enemies":"Red Slaver","floor":10.0,"turns":4.0},{"damage":0.0,"enemies":"Blue Slaver","floor":12.0,"turns":4.0},{"damage":6.0,"enemies":"Hexaghost","floor":16.0,"turns":9.0},{"damage":0.0,"enemies":"3 Byrds","floor":18.0,"turns":5.0},{"damage":5.0,"enemies":"Spheric Guardian","floor":21.0,"turns":3.0},{"damage":11.0,"enemies":"Snecko","floor":22.0,"turns":5.0},{"damage":4.0,"enemies":"Book of Stabbing","floor":23.0,"turns":6.0},{"damage":2.0,"enemies":"Shelled Parasite and Fungi","floor":25.0,"turns":4.0},{"damage":7.0,"enemies":"Sentry and Sphere","floor":27.0,"turns":7.0},{"damage":6.0,"enemies":"Gremlin Leader","floor":28.0,"turns":4.0},{"damage":2.0,"enemies":"Snecko","floor":29.0,"turns":4.0},{"damage":0.0,"enemies":"Book of Stabbing","floor":31.0,"turns":5.0},{"damage":84.0,"enemies":"Collector","floor":33.0,"turns":14.0},{"damage":4.0,"enemies":"Orb Walker","floor":35.0,"turns":3.0},{"damage":6.0,"enemies":"3 Darklings","floor":36.0,"turns":4.0},{"damage":3.0,"enemies":"Sphere and 2 Shapes","floor":38.0,"turns":3.0},{"damage":8.0,"enemies":"Jaw Worm Horde","floor":39.0,"turns":4.0},{"damage":0.0,"enemies":"Giant Head","floor":40.0,"turns":7.0},{"damage":15.0,"enemies":"4 Shapes","floor":41.0,"turns":5.0},{"damage":0.0,"enemies":"Transient","floor":47.0,"turns":5.0},{"damage":35.0,"enemies":"Donu and Deca","floor":50.0,"turns":9.0},{"damage":16.0,"enemies":"Shield and Spear","floor":54.0,"turns":7.0},{"damage":87,"enemies":"The Heart","floor":55,"turns":9}],"seed_played":"1805287278613511594","potions_obtained":[{"floor":3.0,"key":"Poison Potion"},{"floor":4.0,"key":"SpeedPotion"},{"floor":6.0,"key":"AttackPotion"},{"floor":12.0,"key":"SkillPotion"},{"floor":16.0,"key":"Strength Potion"},{"floor":29.0,"key":"LiquidBronze"}],"is_trial":false,"path_per_floor":["M","?","M","M","M","E","M","E","T","M","R","M","?","$","R","B",null,"M","?","?","M","M","E","R","M","T","M","E","M","R","E","R","B",null,"M","M","?","M","M","E","M","R","T","R","?","R","M","$","R","B",null,"R","$","E","B"],"character_chosen":"THE_SILENT","items_purchased":["Toxic Egg 2","PiercingWail+1"],"campfire_rested":1,"item_purchase_floors":[14,14],"current_hp_per_floor":[67,53,53,51,48,36,36,9,9,10,31,33,33,33,33,29,70,70,70,70,67,69,70,70,70,70,70,70,70,70,70,70,11,70,70,70,70,69,70,72,71,71,71,71,71,71,74,74,74,47,74,74,74,76,0],"gold":35,"neow_bonus":"ONE_RANDOM_RARE_CARD","is_prod":false,"is_daily":false,"chose_seed":false,"campfire_upgraded":8,"win_rate":0,"timestamp":1548647723,"path_taken":["M","?","M","M","M","E","M","E","T","M","R","M","?","$","R","BOSS","M","?","?","M","M","E","R","?","T","?","E","M","R","E","R","BOSS","M","?","?","?","M","E","M","R","T","R","?","R","M","?","R","BOSS","R","$","E","BOSS"],"build_version":"2019-01-23","purchased_purges":1,"victory":false,"max_hp_per_floor":[70,70,70,70,70,70,70,70,70,70,70,70,70,70,70,70,70,70,70,70,70,70,70,70,70,70,70,70,70,70,70,70,70,70,70,70,70,70,70,72,74,74,74,74,74,74,74,74,74,74,74,74,74,76,76],"card_choices":[{"not_picked":["Dagger Throw","Calculated Gamble"],"picked":"Bouncing Flask","floor":1.0},{"not_picked":["Cloak And Dagger","Bane"],"picked":"Leg Sweep","floor":3.0},{"not_picked":["Riddle With Holes","Endless Agony"],"picked":"Calculated Gamble","floor":4.0},{"not_picked":["Predator","Caltrops"],"picked":"All Out Attack","floor":5.0},{"not_picked":["Expertise","A Thousand Cuts","Bane"],"picked":"SKIP","floor":6.0},{"not_picked":["Calculated Gamble","Reflex"],"picked":"Bouncing Flask","floor":7.0},{"not_picked":["Bouncing Flask","Blade Dance"],"picked":"Backflip","floor":8.0},{"not_picked":["Distraction","Masterful Stab"],"picked":"Outmaneuver","floor":10.0},{"not_picked":["Sucker Punch","Prepared"],"picked":"Dagger Spray","floor":12.0},{"not_picked":["Envenom","Tools of the Trade"],"picked":"Doppelganger+1","floor":16.0},{"not_picked":["Flying Knee","Cloak And Dagger+1"],"picked":"Prepared+1","floor":18.0},{"not_picked":["Dodge and Roll+1","Prepared+1"],"picked":"Caltrops","floor":21.0},{"not_picked":["Distraction+1","Finisher"],"picked":"Backflip+1","floor":22.0},{"not_picked":["Dagger Spray","A Thousand Cuts","Calculated Gamble+1"],"picked":"SKIP","floor":23.0},{"not_picked":["Endless Agony+1","Deadly Poison+1","Heel Hook"],"picked":"SKIP","floor":25.0},{"not_picked":["Underhanded Strike+1","PiercingWail+1"],"picked":"Flechettes","floor":27.0},{"not_picked":["Riddle With Holes","Endless Agony"],"picked":"Backflip+1","floor":28.0},{"not_picked":["Sucker Punch","PiercingWail+1","Leg Sweep+1"],"picked":"SKIP","floor":29.0},{"not_picked":["Calculated Gamble+1","All Out Attack"],"picked":"Blur+1","floor":31.0},{"not_picked":["Storm of Steel+1","Glass Knife"],"picked":"Burst+1","floor":33.0},{"not_picked":["Masterful Stab+1","PiercingWail+1","Deadly Poison+1"],"picked":"SKIP","floor":35.0},{"not_picked":["Bouncing Flask+1","Flechettes+1"],"picked":"Catalyst+1","floor":36.0},{"not_picked":["Accuracy","Backstab+1","Outmaneuver+1"],"picked":"SKIP","floor":38.0},{"not_picked":["All Out Attack","PiercingWail+1"],"picked":"Deflect+1","floor":39.0},{"not_picked":["Backflip+1","Flechettes","Storm of Steel+1"],"picked":"Singing Bowl","floor":40.0},{"not_picked":["Backflip+1","Quick Slash+1","Prepared+1"],"picked":"Singing Bowl","floor":41.0},{"not_picked":["Calculated Gamble+1","Deflect+1"],"picked":"Acrobatics+1","floor":47.0},{"not_picked":["Sucker Punch","Expertise+1","Escape Plan+1"],"picked":"Singing Bowl","floor":54.0}],"player_experience":642830,"relics_obtained":[{"floor":6.0,"key":"Art of War"},{"floor":8.0,"key":"Blood Vial"},{"floor":9.0,"key":"Ice Cream"},{"floor":23.0,"key":"Gremlin Horn"},{"floor":28.0,"key":"Pocketwatch"},{"floor":31.0,"key":"Regal Pillow"},{"floor":40.0,"key":"Ancient Tea Set"},{"floor":40.0,"key":"Singing Bowl"},{"floor":43.0,"key":"Vajra"},{"floor":54.0,"key":"Mummified Hand"},{"floor":54.0,"key":"Paper Crane"}],"event_choices":[{"damage_healed":0.0,"max_hp_gain":0.0,"max_hp_loss":0.0,"gold_gain":0.0,"event_name":"Shining Light","player_choice":"Entered Light","floor":2.0,"gold_loss":0.0,"damage_taken":14.0,"cards_upgraded":["Defend_G","Strike_G"]},{"damage_healed":0.0,"max_hp_gain":0.0,"max_hp_loss":0.0,"gold_gain":175.0,"event_name":"Liars Game","player_choice":"AGREE","floor":13.0,"gold_loss":0.0,"damage_taken":0.0,"cards_obtained":["Doubt"]},{"damage_healed":0.0,"max_hp_gain":0.0,"max_hp_loss":0.0,"gold_gain":0.0,"event_name":"Vampires","player_choice":"Became a vampire (Vial)","floor":19.0,"relics_lost":["Blood Vial"],"gold_loss":0.0,"damage_taken":0.0,"cards_obtained":["Bite","Bite","Bite","Bite","Bite"]},{"damage_healed":0.0,"max_hp_gain":0.0,"max_hp_loss":0.0,"gold_gain":0.0,"event_name":"Match and Keep!","player_choice":"1 cards matched","floor":20.0,"gold_loss":0.0,"damage_taken":0.0,"cards_obtained":["Adrenaline"]},{"damage_healed":0.0,"max_hp_gain":0.0,"max_hp_loss":0.0,"gold_gain":0.0,"event_name":"The Woman in Blue","player_choice":"Bought 3 Potions","floor":37.0,"gold_loss":0.0,"damage_taken":0.0},{"damage_healed":0.0,"max_hp_gain":0.0,"max_hp_loss":0.0,"gold_gain":0.0,"event_name":"WeMeetAgain","player_choice":"Paid Gold","floor":45.0,"gold_loss":59.0,"damage_taken":0.0,"relics_obtained":["Dodecahedron"]}],"is_beta":false,"boss_relics":[{"not_picked":["HoveringKite","Eternal Feather"],"picked":"Ectoplasm"},{"not_picked":["Orrery","Fusion Hammer"],"picked":"Black Star"}],"items_purged_floors":[14],"is_endless":false,"potions_floor_spawned":[3,4,6,12,16,21,25,28,29,38,39],"killed_by":"The Heart","ascension_level":0}