{"path_per_floor":["M","M","M","?","M","R","T","R","T","M","M","$","E","?","R","B",null,"M","?","M","$","?","R","M","?","T","R","E","R","$","?","R","B",null,"M","$","M","?","M","R","E","R","T","$","M","M","?","M","R"],"character_chosen":"IRONCLAD","items_purchased":["Apotheosis","Singing Bowl","Medical Kit","Whirlwind"],"gold_per_floor":[113,128,144,144,163,163,190,190,262,277,297,85,114,114,114,245,245,260,260,275,81,81,81,105,105,155,155,196,196,2,2,2,105,105,122,5,17,17,31,31,31,31,31,31,51,62,62,73,73,73],"floor_reached":50,"campfire_rested":3,"playtime":2159,"current_hp_per_floor":[80,80,80,64,69,69,69,69,69,75,59,59,53,53,53,32,80,59,59,63,63,63,63,43,43,43,68,76,76,81,81,81,19,91,96,96,70,58,20,51,63,63,63,63,58,65,65,33,67,0],"items_purged":["Injury","Bash"],"gold":73,"score":642,"play_id":"7398eb21-b4df-4564-a045-69478a0b9aa4","local_time":"20180518165940","is_prod":false,"is_daily":false,"chose_seed":false,"is_ascension_mode":true,"campfire_upgraded":7,"timestamp":1526655580,"campfire_choices":[{"data":"Anger","floor":6,"key":"SMITH"},{"data":"Headbutt","floor":8,"key":"SMITH"},{"data":"Apotheosis","floor":15,"key":"SMITH"},{"data":"Flex","floor":23,"key":"SMITH"},{"floor":27,"key":"REST"},{"data":"Spot Weakness","floor":29,"key":"SMITH"},{"data":"Sword Boomerang","floor":32,"key":"SMITH"},{"floor":40,"key":"REST"},{"data":"Madness","floor":42,"key":"SMITH"},{"floor":49,"key":"REST"}],"path_taken":["M","M","?","?","M","R","?","R","T","?","M","$","E","?","R","BOSS","M","?","M","?","?","R","M","?","T","R","E","R","$","?","R","BOSS","M","$","?","?","?","R","E","R","T","?","?","M","?","M","R","BOSS"],"build_version":"2018-05-17","seed_source_timestamp":199993208272510,"purchased_purges":3,"victory":false,"master_deck":["Strike_R+1","Strike_R+1","Strike_R","Strike_R","Strike_R","Defend_R","Defend_R","Defend_R","Defend_R","Headbutt+1","Clash+1","Evolve+1","Anger+1","Sword Boomerang+1","Headbutt","Apotheosis+1","Perfected Strike","Feed","Anger+1","Perfected Strike","Flex+1","Twin Strike","Spot Weakness+1","Twin Strike+1","Whirlwind","Clash","Madness+1","Madness","Armaments+1","Flex+1"],"max_hp_per_floor":[80,80,80,80,80,80,80,80,80,80,80,80,80,80,80,80,80,80,80,80,80,80,80,84,84,84,84,84,84,89,89,89,91,91,96,96,96,96,98,100,100,100,100,100,104,106,106,108,110,113],"relics":["Black Blood","Art of War","Smiling Mask","Dream Catcher","Bloody Idol","Mark of Pain","Singing Bowl","Blood Vial","Whetstone","Medical Kit","Gremlin Horn"],"card_choices":[{"not_picked":["Havoc","Ghostly Armor"],"picked":"Headbutt","floor":1},{"not_picked":["Entrench","Flame Barrier"],"picked":"Clash","floor":2},{"not_picked":["Fire Breathing","Clothesline"],"picked":"Evolve","floor":3},{"not_picked":["Rupture","Shrug It Off"],"picked":"Anger","floor":5},{"not_picked":["Combust","Armaments"],"picked":"Sword Boomerang","floor":10},{"not_picked":["Iron Wave","Searing Blow"],"picked":"Headbutt","floor":11},{"not_picked":["Dual Wield","Thunderclap"],"picked":"Perfected Strike","floor":13},{"not_picked":["Impervious","Bludgeon"],"picked":"Feed","floor":16},{"not_picked":["Havoc+1","Ghostly Armor"],"picked":"Anger+1","floor":18},{"not_picked":["Heavy Blade","Power Through+1"],"picked":"Perfected Strike","floor":20},{"not_picked":["Sword Boomerang","Second Wind"],"picked":"Twin Strike","floor":24},{"not_picked":["Twin Strike","Anger"],"picked":"Spot Weakness","floor":27},{"not_picked":["Heavy Blade","Burning Pact"],"picked":"Twin Strike+1","floor":28},{"not_picked":["Impervious","Exhume","Immolate"],"picked":"Singing Bowl","floor":33},{"not_picked":["Heavy Blade","Sword Boomerang","Infernal Blade+1"],"picked":"Singing Bowl","floor":35},{"not_picked":["Perfected Strike","Pommel Strike"],"picked":"Clash","floor":37},{"not_picked":["Infernal Blade+1","Headbutt+1","Uppercut+1"],"picked":"Singing Bowl","floor":39},{"not_picked":["Wild Strike+1","Searing Blow+1","Power Through+1"],"picked":"Singing Bowl","floor":40},{"not_picked":["True Grit+1","Heavy Blade"],"picked":"Armaments+1","floor":45},{"not_picked":["Armaments","Blood for Blood","Headbutt"],"picked":"Singing Bowl","floor":46},{"not_picked":["Armaments","Wild Strike+1","Sever Soul"],"picked":"Singing Bowl","floor":48},{"not_picked":["Thunderclap","Perfected Strike","Searing Blow+1"],"picked":"Singing Bowl","floor":49}],"player_experience":121455,"potions_floor_usage":[1,5,13,16,18,20,20,28,30,35,39,41,50],"damage_taken":[{"damage":1,"enemies":"Cultist","floor":1,"turns":4},{"damage":0,"enemies":"Small Slimes","floor":2,"turns":3},{"damage":3,"enemies":"Jaw Worm","floor":3,"turns":3},{"damage":1,"enemies":"Gremlin Gang","floor":5,"turns":4},{"damage":0,"enemies":"2 Fungi Beasts","floor":10,"turns":2},{"damage":22,"enemies":"Large Slime","floor":11,"turns":3},{"damage":12,"enemies":"3 Sentries","floor":13,"turns":5},{"damage":27,"enemies":"Slime Boss","floor":16,"turns":8},{"damage":27,"enemies":"Shell Parasite","floor":18,"turns":5},{"damage":2,"enemies":"Spheric Guardian","floor":20,"turns":3},{"damage":30,"enemies":"Snecko","floor":24,"turns":4},{"damage":0,"enemies":"Gremlin Leader","floor":28,"turns":5},{"damage":77,"enemies":"Champ","floor":33,"turns":9},{"damage":8,"enemies":"Orb Walker","floor":35,"turns":3},{"damage":41,"enemies":"3 Darklings","floor":37,"turns":5},{"damage":57,"enemies":"Maw","floor":39,"turns":7},{"damage":0,"enemies":"Giant Head","floor":41,"turns":1},{"damage":26,"enemies":"4 Shapes","floor":45,"turns":3},{"damage":12,"enemies":"Sphere and 2 Shapes","floor":46,"turns":3},{"damage":51,"enemies":"3 Darklings","floor":48,"turns":4},{"damage":80,"enemies":"Awakened One","floor":50,"turns":4}],"relics_obtained":[{"floor":7,"key":"Art of War"},{"floor":9,"key":"Smiling Mask"},{"floor":13,"key":"Dream Catcher"},{"floor":26,"key":"Blood Vial"},{"floor":28,"key":"Whetstone"},{"floor":43,"key":"Gremlin Horn"}],"event_choices":[{"event_name":"Shining Light","player_choice":"Entered Light","floor":4,"damage_taken":0},{"event_name":"Golden Idol","player_choice":"Take Wound","floor":14,"damage_taken":0},{"event_name":"The Lab","player_choice":"Got Potions","floor":19,"damage_taken":0},{"event_name":"The Library","player_choice":"Read","floor":22,"damage_taken":0},{"event_name":"Vampires","player_choice":"Ignored","floor":25,"damage_taken":0},{"event_name":"Forgotten Altar","player_choice":"Gave Idol","floor":31,"damage_taken":0},{"event_name":"Winding Halls","player_choice":"Embrace Madness","floor":38,"damage_taken":0},{"event_name":"Duplicator","player_choice":"One dupe","floor":47,"damage_taken":0}],"boss_relics":[{"not_picked":["Tiny House","Astrolabe"],"picked":"Mark of Pain"},{"not_picked":["Eternal Feather","Pandora\u0027s Box"],"picked":"Black Blood"}],"potions_floor_spawned":[5,10,13,24,28,33,37,41,45,48],"seed_played":"4151104657283545715","killed_by":"Awakened One","ascension_level":1,"potions_obtained":[{"floor":5,"key":"Block Potion"},{"floor":10,"key":"SmokeBomb"},{"floor":13,"key":"Energy Potion"},{"floor":19,"key":"SkillPotion"},{"floor":19,"key":"PowerPotion"},{"floor":24,"key":"Explosive Potion"},{"floor":28,"key":"Fruit Juice"},{"floor":33,"key":"Block Potion"},{"floor":37,"key":"AttackPotion"},{"floor":45,"key":"SneckoOil"},{"floor":48,"key":"Swift Potion"}],"is_trial":false}