{"gold_per_floor":[115,290,44,44,44,44,79,79,132,132,152,152,107,131,131,259,259,282,301,336,355,355,355,371,371,425,24,45,60,60],"floor_reached":30,"playtime":1749,"items_purged":["Doubt"],"score":262,"play_id":"a713f89e-2a72-4dfd-a71d-f3e08c7a15d7","local_time":"20181107205504","is_ascension_mode":true,"campfire_choices":[{"data":"Discovery","floor":6,"key":"SMITH"},{"data":"Flex","floor":10,"key":"SMITH"},{"data":"Armaments","floor":15,"key":"SMITH"},{"floor":23,"key":"REST"},{"data":"Dual Wield","floor":25,"key":"SMITH"}],"neow_cost":"NONE","seed_source_timestamp":350320279931038,"circlet_count":0,"master_deck":["Strike_R","Strike_R","Strike_R","Strike_R","Strike_R","Defend_R","Defend_R","Defend_R","Defend_R","Bash","Dramatic Entrance","Headbutt","Discovery+1","Flex+1","Heavy Blade","Searing Blow","Rampage","Armaments+1","Dual Wield+1","Feed","Intimidate","Pommel Strike","Shrug It Off+1","Pummel+1","Pommel Strike+1","Inflame","Armaments","Blood for Blood","Thunderclap+1"],"relics":["Burning Blood","Golden Idol","Odd Mushroom","Smiling Mask","Bag of Preparation","CultistMask","Velvet Choker","Red Mask","Blood Vial","Magic Flower"],"potions_floor_usage":[16,16,20,21,30],"damage_taken":[{"damage":7,"enemies":"Small Slimes","floor":1,"turns":3},{"damage":15,"enemies":"The Mushroom Lair","floor":7,"turns":3},{"damage":1,"enemies":"2 Louse","floor":11,"turns":2},{"damage":1,"enemies":"Cultist","floor":14,"turns":3},{"damage":67,"enemies":"The Guardian","floor":16,"turns":11},{"damage":33,"enemies":"2 Thieves","floor":18,"turns":3},{"damage":3,"enemies":"Chosen","floor":19,"turns":3},{"damage":22,"enemies":"Masked Bandits","floor":20,"turns":4},{"damage":27,"enemies":"3 Cultists","floor":21,"turns":5},{"damage":0,"enemies":"Snake Plant","floor":24,"turns":2},{"damage":0,"enemies":"Sentry and Sphere","floor":28,"turns":3},{"damage":44,"enemies":"Centurion and Healer","floor":29,"turns":4},{"damage":20,"enemies":"Colosseum Slavers","floor":30,"turns":4},{"damage":49,"enemies":"Colosseum Nobs","floor":30,"turns":4}],"seed_played":"2060538657994677676","potions_obtained":[{"floor":7,"key":"Explosive Potion"},{"floor":11,"key":"GamblersBrew"},{"floor":16,"key":"Dexterity Potion"},{"floor":20,"key":"PowerPotion"},{"floor":29,"key":"PowerPotion"}],"is_trial":false,"path_per_floor":["M","?","$","?","?","R","?","T","T","R","M","?","$","M","R","B",null,"M","M","?","M","?","R","M","R","T","$","M","M","?"],"character_chosen":"IRONCLAD","items_purchased":["Discovery","Flex","Heavy Blade","Armaments","Magic Flower","Inflame","Armaments"],"campfire_rested":1,"item_purchase_floors":[3,3,3,13,27,27,27],"current_hp_per_floor":[79,79,79,79,72,72,63,63,63,63,68,68,68,73,73,12,80,56,59,47,26,26,52,58,58,58,58,70,38,0],"gold":60,"neow_bonus":"RANDOM_COLORLESS","is_prod":false,"is_daily":false,"chose_seed":false,"campfire_upgraded":4,"win_rate":0,"timestamp":1541620504,"path_taken":["M","?","$","?","?","R","?","?","T","R","M","?","$","M","R","BOSS","M","?","?","M","?","R","M","R","T","$","M","M","?"],"build_version":"2018-11-01","purchased_purges":1,"victory":false,"max_hp_per_floor":[80,80,80,80,80,80,80,80,80,80,80,80,80,80,80,80,80,83,83,87,87,87,87,87,87,87,87,87,87,90],"card_choices":[{"not_picked":["Entrench","Havoc"],"picked":"Headbutt","floor":1},{"not_picked":["True Grit","Havoc"],"picked":"Searing Blow","floor":7},{"not_picked":["Twin Strike","Body Slam"],"picked":"Rampage","floor":11},{"not_picked":["Cleave","True Grit"],"picked":"Dual Wield","floor":14},{"not_picked":["Barricade","Berserk"],"picked":"Feed","floor":16},{"not_picked":["Iron Wave","Shrug It Off"],"picked":"Intimidate","floor":18},{"not_picked":["Power Through","Shockwave"],"picked":"Pommel Strike","floor":19},{"not_picked":["Disarm+1","Thunderclap"],"picked":"Shrug It Off+1","floor":20},{"not_picked":["Blood for Blood","Havoc"],"picked":"Pummel+1","floor":21},{"not_picked":["Blood for Blood","Iron Wave"],"picked":"Pommel Strike+1","floor":24},{"not_picked":["Iron Wave","Sword Boomerang"],"picked":"Blood for Blood","floor":28},{"not_picked":["Shrug It Off","Perfected Strike"],"picked":"Thunderclap+1","floor":29}],"player_experience":249493,"relics_obtained":[{"floor":7,"key":"Odd Mushroom"},{"floor":8,"key":"Smiling Mask"},{"floor":9,"key":"Bag of Preparation"},{"floor":20,"key":"Red Mask"},{"floor":26,"key":"Blood Vial"}],"event_choices":[{"damage_healed":0,"gold_gain":175,"player_choice":"AGREE","damage_taken":0,"max_hp_gain":0,"max_hp_loss":0,"event_name":"Liars Game","floor":2,"gold_loss":0,"cards_obtained":["Doubt"]},{"damage_healed":0,"gold_gain":0,"player_choice":"Take Wound","damage_taken":0,"relics_obtained":["Golden Idol"],"max_hp_gain":0,"max_hp_loss":0,"event_name":"Golden Idol","floor":4,"gold_loss":0,"cards_obtained":["Injury"]},{"cards_removed":["Injury"],"damage_healed":0,"gold_gain":0,"player_choice":"Card Removal","damage_taken":7,"max_hp_gain":0,"max_hp_loss":0,"event_name":"Golden Wing","floor":5,"gold_loss":0},{"damage_healed":0,"gold_gain":0,"player_choice":"Fought Mushrooms","damage_taken":0,"max_hp_gain":0,"max_hp_loss":0,"event_name":"Mushrooms","floor":7,"gold_loss":0},{"damage_healed":0,"gold_gain":0,"player_choice":"Trade","damage_taken":0,"relics_obtained":["CultistMask"],"max_hp_gain":0,"max_hp_loss":0,"event_name":"FaceTrader","floor":12,"gold_loss":0},{"damage_healed":0,"gold_gain":0,"player_choice":"Fought Bandits","damage_taken":0,"max_hp_gain":0,"max_hp_loss":0,"event_name":"Masked Bandits","floor":20,"gold_loss":0},{"damage_healed":0,"gold_gain":0,"player_choice":"Ignored","damage_taken":0,"max_hp_gain":0,"max_hp_loss":0,"event_name":"Ghosts","floor":22,"gold_loss":0},{"damage_healed":0,"gold_gain":0,"player_choice":"Fight","damage_taken":0,"max_hp_gain":0,"max_hp_loss":0,"event_name":"Colosseum","floor":30,"gold_loss":0},{"damage_healed":0,"gold_gain":0,"player_choice":"Fought Nobs","damage_taken":0,"max_hp_gain":0,"max_hp_loss":0,"event_name":"Colosseum","floor":30,"gold_loss":0}],"is_beta":false,"boss_relics":[{"not_picked":["White Beast Statue","Runic Pyramid"],"picked":"Velvet Choker"}],"items_purged_floors":[3],"is_endless":false,"potions_floor_spawned":[7,11,16,20,29,30],"killed_by":"Colosseum Nobs","ascension_level":4}