{"gold_per_floor":[213,226,226,240,240,240,256,279,279,305,324,324,324,349,349,477,477,492,492],"floor_reached":19,"playtime":698,"items_purged":[],"score":193,"play_id":"9b6ac3a1-03c1-4261-a1a0-646c6194ce6e","local_time":"20181112203345","is_ascension_mode":true,"campfire_choices":[{"data":"Zap","floor":6,"key":"SMITH"},{"floor":12,"key":"REST"},{"floor":15,"key":"REST"}],"neow_cost":"NONE","seed_source_timestamp":782110789265549,"circlet_count":0,"master_deck":["Strike_B","Strike_B","Strike_B","Strike_B","Defend_B","Defend_B","Defend_B","Defend_B","Zap+1","Dualcast","Glacier","Tempest+1","Injury","Streamline","Buffer","Doom and Gloom","Streamline","Sweeping Beam","Echo Form"],"relics":["Cracked Core","Golden Idol","Boot","Odd Mushroom","Inserter"],"potions_floor_usage":[7,8,11,19],"damage_taken":[{"damage":4,"enemies":"Jaw Worm","floor":1,"turns":3},{"damage":5,"enemies":"2 Louse","floor":2,"turns":2},{"damage":3,"enemies":"Small Slimes","floor":4,"turns":3},{"damage":0,"enemies":"Blue Slaver","floor":7,"turns":1},{"damage":8,"enemies":"3 Louse","floor":8,"turns":2},{"damage":24,"enemies":"The Mushroom Lair","floor":10,"turns":4},{"damage":14,"enemies":"Red Slaver","floor":11,"turns":3},{"damage":0,"enemies":"Large Slime","floor":14,"turns":4},{"damage":46,"enemies":"The Guardian","floor":16,"turns":12},{"damage":11,"enemies":"Spheric Guardian","floor":18,"turns":4},{"damage":71,"enemies":"Masked Bandits","floor":19,"turns":3}],"seed_played":"5562202673565482288","potions_obtained":[{"floor":2,"key":"Fire Potion"},{"floor":4,"key":"Energy Potion"},{"floor":8,"key":"Regen Potion"},{"floor":14,"key":"SpeedPotion"},{"floor":18,"key":"PowerPotion"}],"is_trial":false,"path_per_floor":["M","M","?","M","?","R","M","M","T","?","M","R","?","M","R","B",null,"M","?"],"character_chosen":"DEFECT","items_purchased":[],"campfire_rested":2,"item_purchase_floors":[],"current_hp_per_floor":[71,66,66,63,63,63,63,55,55,31,26,48,48,48,70,24,75,64,0],"gold":492,"neow_bonus":"HUNDRED_GOLD","is_prod":false,"is_daily":false,"chose_seed":false,"campfire_upgraded":1,"win_rate":0,"timestamp":1542051225,"path_taken":["M","M","?","M","?","R","M","?","T","?","M","R","?","M","R","BOSS","M","?"],"build_version":"2018-11-08","purchased_purges":0,"victory":false,"max_hp_per_floor":[75,75,75,75,75,75,75,75,75,75,75,75,75,75,75,75,75,75,75],"card_choices":[{"not_picked":["Compile Driver","Double Energy"],"picked":"Glacier","floor":1},{"not_picked":["Barrage","Leap"],"picked":"Tempest","floor":2},{"not_picked":["Leap","Steam Power"],"picked":"Streamline","floor":4},{"not_picked":["Ball Lightning","Steam Power"],"picked":"Buffer","floor":7},{"not_picked":["Skim","Steam Power","Gash"],"picked":"SKIP","floor":8},{"not_picked":["Stack","Loop"],"picked":"Doom and Gloom","floor":10},{"not_picked":["Skim","Scrape"],"picked":"Streamline","floor":11},{"not_picked":["Gash","Aggregate"],"picked":"Sweeping Beam","floor":14},{"not_picked":["Amplify","Reboot"],"picked":"Echo Form","floor":16},{"not_picked":["Stack","Sweeping Beam","Cold Snap"],"picked":"SKIP","floor":18}],"player_experience":270757,"relics_obtained":[{"floor":9,"key":"Boot"},{"floor":10,"key":"Odd Mushroom"}],"event_choices":[{"damage_healed":0,"gold_gain":0,"player_choice":"Take Wound","damage_taken":0,"relics_obtained":["Golden Idol"],"max_hp_gain":0,"max_hp_loss":0,"event_name":"Golden Idol","floor":3,"gold_loss":0,"cards_obtained":["Injury"]},{"damage_healed":0,"gold_gain":0,"player_choice":"Grow","damage_taken":0,"max_hp_gain":0,"max_hp_loss":0,"event_name":"Living Wall","floor":5,"gold_loss":0,"cards_upgraded":["Tempest"]},{"damage_healed":0,"gold_gain":0,"player_choice":"Fought Mushrooms","damage_taken":0,"max_hp_gain":0,"max_hp_loss":0,"event_name":"Mushrooms","floor":10,"gold_loss":0},{"damage_healed":0,"gold_gain":0,"player_choice":"Leave","damage_taken":0,"max_hp_gain":0,"max_hp_loss":0,"event_name":"The Cleric","floor":13,"gold_loss":0},{"damage_healed":0,"gold_gain":0,"player_choice":"Fought Bandits","damage_taken":0,"max_hp_gain":0,"max_hp_loss":0,"event_name":"Masked Bandits","floor":19,"gold_loss":0}],"is_beta":false,"boss_relics":[{"not_picked":["Pandora\u0027s Box","Cursed Key"],"picked":"Inserter"}],"items_purged_floors":[],"is_endless":false,"potions_floor_spawned":[2,4,8,14,18],"killed_by":"Masked Bandits","ascension_level":4}