{"gold_per_floor":[110,110,128,139,153,153,180,192,231,258,282,248,270,295,307,417,429,459,471,493,520,546,558,570,582,594,23,23,37,37,37],"floor_reached":31,"playtime":2129,"items_purged":[],"score":241,"play_id":"ceee3413-940a-4d16-98da-87a51572f223","local_time":"20190823001954","is_ascension_mode":false,"campfire_choices":[{"floor":6,"key":"REST"},{"data":"Fire Breathing","floor":8,"key":"SMITH"},{"data":"Searing Blow","floor":15,"key":"SMITH"},{"floor":23,"key":"REST"},{"floor":25,"key":"REST"}],"neow_cost":"NONE","seed_source_timestamp":370610315355594,"circlet_count":0,"master_deck":["Strike_R","Strike_R","Strike_R","Strike_R","Strike_R","Defend_R+1","Defend_R","Defend_R+1","Defend_R+1","Bash+1","Wild Strike","Fire Breathing+1","Wild Strike","Cleave","Searing Blow+1","Offering","Spot Weakness","Combust","Juggernaut","Blood for Blood","Wild Strike+1","Metallicize","Body Slam","Writhe","Master of Strategy","Forethought","Warcry","Shame","Inflame"],"relics":["Burning Blood","Bag of Preparation","MawBank","War Paint","Cursed Key","Juzu Bracelet","Ginger","Red Skull"],"potions_floor_usage":[7,7,16,16,18],"damage_taken":[{"damage":3,"enemies":"Small Slimes","floor":1,"turns":3},{"damage":1,"enemies":"Jaw Worm","floor":3,"turns":3},{"damage":9,"enemies":"2 Louse","floor":4,"turns":3},{"damage":18,"enemies":"2 Fungi Beasts","floor":5,"turns":3},{"damage":22,"enemies":"3 Sentries","floor":7,"turns":6},{"damage":4,"enemies":"Blue Slaver","floor":10,"turns":3},{"damage":2,"enemies":"3 Louse","floor":11,"turns":3},{"damage":10,"enemies":"Exordium Thugs","floor":13,"turns":2},{"damage":5,"enemies":"Gremlin Gang","floor":14,"turns":3},{"damage":13,"enemies":"Slime Boss","floor":16,"turns":6},{"damage":21,"enemies":"Shell Parasite","floor":18,"turns":4},{"damage":11,"enemies":"Chosen","floor":20,"turns":3},{"damage":38,"enemies":"3 Cultists","floor":21,"turns":5},{"damage":24,"enemies":"Snake Plant","floor":22,"turns":4},{"damage":42,"enemies":"Chosen and Byrds","floor":29,"turns":5},{"damage":22,"enemies":"Shelled Parasite and Fungi","floor":31,"turns":2}],"seed_played":"1825665710538599981","potions_obtained":[{"floor":1,"key":"GamblersBrew"},{"floor":4,"key":"SkillPotion"},{"floor":7,"key":"BloodPotion"},{"floor":10,"key":"Block Potion"},{"floor":16,"key":"Poison Potion"}],"is_trial":false,"path_per_floor":["M","?","M","M","M","R","E","R","T","M","M","?","M","M","R","B",null,"M","?","M","M","M","R","?","R","T","$","?","M","$","M"],"character_chosen":"IRONCLAD","items_purchased":["Ginger","Master of Strategy","Forethought","Warcry"],"campfire_rested":3,"item_purchase_floors":[27,27,27,27],"current_hp_per_floor":[80,64,69,66,54,78,62,62,62,64,68,68,64,65,65,78,80,65,65,60,28,10,34,34,58,58,58,58,22,22,0],"gold":37,"neow_bonus":"RANDOM_COMMON_RELIC","is_prod":false,"is_daily":false,"chose_seed":false,"campfire_upgraded":2,"win_rate":0.0,"timestamp":1566490794,"path_taken":["M","?","M","M","M","R","E","R","T","M","M","?","M","M","R","BOSS","M","?","M","M","M","R","?","R","T","$","?","M","$","M"],"build_version":"2019-07-17","purchased_purges":0,"victory":false,"max_hp_per_floor":[80,80,80,80,80,80,80,80,80,80,80,80,80,80,80,80,80,80,80,80,80,80,80,80,80,80,80,80,80,80,80],"card_choices":[{"not_picked":["Battle Trance","Headbutt"],"picked":"Wild Strike","floor":1},{"not_picked":["True Grit","Power Through"],"picked":"Fire Breathing","floor":3},{"not_picked":["Clash","Flame Barrier"],"picked":"Wild Strike","floor":4},{"not_picked":["True Grit","Perfected Strike"],"picked":"Cleave","floor":5},{"not_picked":["Second Wind","Sword Boomerang"],"picked":"Warcry","floor":7},{"not_picked":["Twin Strike","Pommel Strike"],"picked":"Searing Blow","floor":10},{"not_picked":["Ghostly Armor","Warcry"],"picked":"Offering","floor":11},{"not_picked":["Cleave","Entrench"],"picked":"Spot Weakness","floor":13},{"not_picked":["True Grit","Seeing Red"],"picked":"Combust","floor":14},{"not_picked":["Brutality","Impervious"],"picked":"Juggernaut","floor":16},{"not_picked":["Warcry","Headbutt"],"picked":"Blood for Blood","floor":18},{"not_picked":["Pommel Strike","Pummel"],"picked":"Wild Strike+1","floor":20},{"not_picked":["Havoc","Wild Strike"],"picked":"Metallicize","floor":21},{"not_picked":["Pommel Strike","Power Through"],"picked":"Body Slam","floor":22},{"not_picked":["Cleave","Rampage"],"picked":"Inflame","floor":29}],"player_experience":55618,"relics_obtained":[{"floor":7,"key":"MawBank"},{"floor":9,"key":"War Paint"},{"floor":26,"key":"Juzu Bracelet"}],"event_choices":[{"damage_healed":0,"gold_gain":0,"player_choice":"Entered Light","damage_taken":16,"max_hp_gain":0,"max_hp_loss":0,"event_name":"Shining Light","floor":2,"gold_loss":0,"cards_upgraded":["Defend_R","Bash"]},{"damage_healed":0,"gold_gain":0,"player_choice":"Left Gold","damage_taken":0,"max_hp_gain":0,"max_hp_loss":0,"event_name":"World of Goop","floor":12,"gold_loss":46},{"damage_healed":0,"gold_gain":0,"player_choice":"Ignored","damage_taken":0,"max_hp_gain":0,"max_hp_loss":0,"event_name":"Ghosts","floor":19,"gold_loss":0},{"cards_removed":["Warcry"],"damage_healed":0,"gold_gain":0,"player_choice":"Elegance","damage_taken":0,"max_hp_gain":0,"max_hp_loss":0,"event_name":"Back to Basics","floor":24,"gold_loss":0},{"damage_healed":0,"gold_gain":0,"player_choice":"Stole Relic","damage_taken":0,"relics_obtained":["Red Skull"],"max_hp_gain":0,"max_hp_loss":0,"event_name":"Addict","floor":28,"gold_loss":0,"cards_obtained":["Shame"]}],"is_beta":false,"boss_relics":[{"not_picked":["Coffee Dripper","Snecko Eye"],"picked":"Cursed Key"}],"items_purged_floors":[],"is_endless":false,"potions_floor_spawned":[1,4,7,10,16],"killed_by":"Shelled Parasite and Fungi","ascension_level":0}