{"gold_per_floor":[117,117,130,130,154,188,188,204,204,238,238,258,258,274,274,393,393,413,413,25,41,41],"floor_reached":22,"playtime":1206,"items_purged":["Writhe"],"score":216,"play_id":"648af3e1-2503-46f0-89be-4da41c1e1692","local_time":"20180807211946","is_ascension_mode":true,"campfire_choices":[{"floor":7,"key":"REST"},{"floor":15,"key":"REST"}],"neow_cost":"NONE","seed_source_timestamp":969479860462047,"circlet_count":0,"master_deck":["Defend_G","Defend_G","Defend_G","Defend_G","Defend_G","Strike_G","Strike_G","Strike_G","Strike_G","Strike_G","Survivor","Deadly Poison","Dagger Throw","Noxious Fumes","Envenom","Underhanded Strike","Outmaneuver+1","Dash","Parasite","Dash","Phantasmal Killer+1","Dodge and Roll+1"],"relics":["Snecko Eye","Golden Idol","Toxic Egg 2","Pear","Ninja Scroll","HoveringKite","Lantern","StoneCalendar"],"potions_floor_usage":[6,10,16],"damage_taken":[{"damage":13,"enemies":"Small Slimes","floor":1,"turns":4},{"damage":1,"enemies":"2 Louse","floor":3,"turns":3},{"damage":2,"enemies":"Jaw Worm","floor":5,"turns":4},{"damage":23,"enemies":"Gremlin Nob","floor":6,"turns":4},{"damage":15,"enemies":"Large Slime","floor":8,"turns":7},{"damage":13,"enemies":"Lagavulin","floor":10,"turns":6},{"damage":9,"enemies":"2 Fungi Beasts","floor":12,"turns":3},{"damage":0,"enemies":"Looter","floor":14,"turns":2},{"damage":7,"enemies":"Hexaghost","floor":16,"turns":8},{"damage":56,"enemies":"Shell Parasite","floor":18,"turns":6},{"damage":21,"enemies":"3 Byrds","floor":21,"turns":5},{"damage":3,"enemies":"Snecko","floor":22,"turns":3}],"seed_played":"3508594737589755339","potions_obtained":[{"floor":1,"key":"AttackPotion"},{"floor":8,"key":"Ancient Potion"},{"floor":12,"key":"Strength Potion"},{"floor":21,"key":"Swift Potion"}],"is_trial":false,"path_per_floor":["M","?","M","?","M","E","R","M","T","E","?","M","?","M","R","B",null,"M","?","$","M"],"character_chosen":"THE_SILENT","items_purchased":["StoneCalendar"],"campfire_rested":2,"item_purchase_floors":[20],"current_hp_per_floor":[57,57,56,39,37,14,35,20,30,17,17,8,28,28,52,45,80,24,24,24,3,0],"gold":41,"neow_bonus":"BOSS_RELIC","is_prod":false,"is_daily":false,"chose_seed":false,"campfire_upgraded":0,"win_rate":0,"timestamp":1533669586,"path_taken":["M","?","M","?","M","E","R","M","T","E","?","M","?","M","R","BOSS","M","?","$","M","M"],"build_version":"2018-08-02","purchased_purges":1,"victory":false,"max_hp_per_floor":[70,70,70,70,70,70,70,70,80,80,80,80,80,80,80,80,80,80,80,80,80,80],"card_choices":[{"not_picked":["Finisher","Blade Dance"],"picked":"Deadly Poison","floor":1},{"not_picked":["Dodge and Roll","Accuracy"],"picked":"Dagger Throw","floor":3},{"not_picked":["Backflip","Caltrops"],"picked":"Noxious Fumes","floor":5},{"not_picked":["Distraction","Prepared"],"picked":"Envenom","floor":6},{"not_picked":["Finisher","Poisoned Stab"],"picked":"Underhanded Strike","floor":8},{"not_picked":["Dagger Spray","PiercingWail+1"],"picked":"Outmaneuver+1","floor":10},{"not_picked":["Infinite Blades","Finisher"],"picked":"Dash","floor":12},{"not_picked":["Calculated Gamble+1","Sucker Punch"],"picked":"Dash","floor":14},{"not_picked":["Adrenaline+1","Burst+1"],"picked":"Phantasmal Killer+1","floor":16},{"not_picked":["Finisher","Flechettes"],"picked":"Dodge and Roll+1","floor":18},{"not_picked":["Quick Slash","Concentrate+1","Finisher"],"picked":"SKIP","floor":21}],"player_experience":195058,"relics_obtained":[{"floor":6,"key":"Toxic Egg 2"},{"floor":9,"key":"Pear"},{"floor":10,"key":"Ninja Scroll"}],"event_choices":[{"event_name":"Golden Wing","player_choice":"Ignored","floor":2,"damage_taken":0},{"event_name":"Golden Idol","player_choice":"Take Damage","floor":4,"damage_taken":0},{"event_name":"Living Wall","player_choice":"Forget","floor":11,"damage_taken":0},{"event_name":"Mushrooms","player_choice":"Healed and dodged fight","floor":13,"damage_taken":0},{"event_name":"The Mausoleum","player_choice":"Yes","floor":19,"damage_taken":0}],"is_beta":false,"boss_relics":[{"not_picked":["Orrery","Runic Dome"],"picked":"HoveringKite"}],"items_purged_floors":[20],"is_endless":false,"potions_floor_spawned":[1,8,12,21],"killed_by":"Snecko","ascension_level":2}