{"gold_per_floor":[118,68,168,184,204,204,230,240,240,240,41,61,79,79,79,181,181,201,219,134,134,151,250,250,265,291,2,2,21,21,37,37,142,142,162,112,122,122,222,222,232,232,232,37,37,37,48,63,63,63],"floor_reached":50,"playtime":7282,"items_purged":["Gash","Go for the Eyes"],"score":469,"play_id":"a9e6d09b-d353-46d0-b575-be21f954b304","local_time":"20190713211734","is_ascension_mode":false,"campfire_choices":[{"data":"Fusion","floor":6.0,"key":"SMITH"},{"data":"Zap","floor":10.0,"key":"SMITH"},{"floor":15.0,"key":"REST"},{"data":"Defragment","floor":24.0,"key":"SMITH"},{"data":"Double Energy","floor":28.0,"key":"SMITH"},{"floor":32.0,"key":"REST"},{"data":"Seek","floor":40.0,"key":"SMITH"},{"floor":46.0,"key":"RECALL"},{"floor":49.0,"key":"REST"}],"neow_cost":"NONE","seed_source_timestamp":0,"circlet_count":0,"master_deck":["Zap+1","Dualcast","Fusion+1","Skim","Multi-Cast","Conserve Battery","Defragment+1","Chaos","Coolheaded","Steam Power","Conserve Battery","Double Energy+1","Turbo+1","Seek+1","Redo","Loop+1","Redo+1"],"special_seed":0,"relics":["Cracked Core","Ancient Tea Set","Medical Kit","Mercury Hourglass","Pandora\u0027s Box","Smiling Mask","Dream Catcher","Emotion Chip","Inserter","Thread and Needle","Orichalcum","Art of War"],"potions_floor_usage":[50],"damage_taken":[{"damage":2.0,"enemies":"Small Slimes","floor":1.0,"turns":3.0},{"damage":1.0,"enemies":"Cultist","floor":4.0,"turns":3.0},{"damage":1.0,"enemies":"2 Louse","floor":5.0,"turns":2.0},{"damage":27.0,"enemies":"3 Sentries","floor":7.0,"turns":6.0},{"damage":13.0,"enemies":"Lots of Slimes","floor":8.0,"turns":5.0},{"damage":6.0,"enemies":"Exordium Wildlife","floor":12.0,"turns":3.0},{"damage":7.0,"enemies":"Blue Slaver","floor":13.0,"turns":2.0},{"damage":43.0,"enemies":"The Guardian","floor":16.0,"turns":13.0},{"damage":0.0,"enemies":"Shell Parasite","floor":18.0,"turns":5.0},{"damage":3.0,"enemies":"Chosen","floor":19.0,"turns":3.0},{"damage":7.0,"enemies":"Snake Plant","floor":22.0,"turns":2.0},{"damage":10.0,"enemies":"Sentry and Sphere","floor":25.0,"turns":3.0},{"damage":9.0,"enemies":"Shelled Parasite and Fungi","floor":29.0,"turns":3.0},{"damage":2.0,"enemies":"Chosen and Byrds","floor":31.0,"turns":2.0},{"damage":25.0,"enemies":"Collector","floor":33.0,"turns":6.0},{"damage":14.0,"enemies":"Orb Walker","floor":35.0,"turns":4.0},{"damage":14.0,"enemies":"3 Shapes","floor":37.0,"turns":5.0},{"damage":0.0,"enemies":"Mind Bloom Boss Battle","floor":39.0,"turns":3.0},{"damage":12.0,"enemies":"Spire Growth","floor":41.0,"turns":2.0},{"damage":17.0,"enemies":"Maw","floor":47.0,"turns":6.0},{"damage":1.0,"enemies":"Writhing Mass","floor":48.0,"turns":4.0},{"damage":56,"enemies":"Time Eater","floor":50,"turns":9}],"seed_played":"514061922423668137","potions_obtained":[{"floor":1.0,"key":"AttackPotion"},{"floor":5.0,"key":"Explosive Potion"},{"floor":7.0,"key":"Ancient Potion"},{"floor":12.0,"key":"Swift Potion"},{"floor":25.0,"key":"GamblersBrew"},{"floor":33.0,"key":"Explosive Potion"},{"floor":35.0,"key":"PowerPotion"},{"floor":39.0,"key":"Strength Potion"},{"floor":41.0,"key":"Fire Potion"},{"floor":48.0,"key":"PowerPotion"}],"is_trial":false,"path_per_floor":["M","?","?","M","M","R","E","M","T","R","$","M","M","?","R","B",null,"M","M","?","?","M","?","R","M","T","$","R","M","$","M","R","B",null,"M","$","M","$","?","R","M","?","T","$","?","R","M","M","R","B"],"character_chosen":"DEFECT","items_purchased":["Medical Kit","Emotion Chip","Art of War"],"campfire_rested":3,"item_purchase_floors":[11,27,44],"current_hp_per_floor":[80,80,80,79,78,78,51,38,38,38,38,32,25,25,49,6,82,82,79,79,79,72,72,72,62,62,62,62,53,53,51,75,50,82,68,68,54,54,54,54,42,42,42,42,42,42,25,24,48,0],"gold":63,"neow_bonus":"TEN_PERCENT_HP_BONUS","is_prod":false,"is_daily":false,"chose_seed":false,"campfire_upgraded":5,"win_rate":0,"timestamp":1563020254,"path_taken":["M","?","?","M","M","R","E","?","T","R","$","M","M","?","R","BOSS","M","?","?","?","M","?","R","M","T","?","R","M","$","M","R","BOSS","M","?","M","$","?","R","M","?","T","?","?","R","M","?","R","BOSS"],"build_version":"2019-07-05","purchased_purges":2,"victory":false,"max_hp_per_floor":[82,82,82,82,82,82,82,82,82,82,82,82,82,82,82,82,82,82,82,82,82,82,82,82,82,82,82,82,82,82,82,82,82,82,82,82,82,82,82,82,82,82,82,82,82,82,82,82,82,82],"card_choices":[{"not_picked":["Rebound","Sunder"],"picked":"Fusion","floor":1.0},{"not_picked":["Rebound","Scrape"],"picked":"Sweeping Beam","floor":4.0},{"not_picked":["Force Field","Steam","Redo"],"picked":"SKIP","floor":5.0},{"not_picked":["Reprogram","Beam Cell","Doom and Gloom"],"picked":"SKIP","floor":7.0},{"not_picked":["Beam Cell","Ball Lightning"],"picked":"Skim","floor":8.0},{"not_picked":["Coolheaded","Heatsinks","Lockon"],"picked":"SKIP","floor":12.0},{"not_picked":["Blizzard","Rebound","Coolheaded"],"picked":"SKIP","floor":13.0},{"not_picked":["Biased Cognition","Core Surge"],"picked":"Multi-Cast","floor":16.0},{"not_picked":["Glacier","Streamline"],"picked":"Conserve Battery","floor":18.0},{"not_picked":["Stack","Redo","Go for the Eyes+1"],"picked":"SKIP","floor":19.0},{"not_picked":["Storm+1","Streamline","Turbo"],"picked":"SKIP","floor":22.0},{"not_picked":["Tempest","Skim","Barrage"],"picked":"SKIP","floor":25.0},{"not_picked":["Gash","Skim"],"picked":"Turbo+1","floor":29.0},{"not_picked":["Gash","Compile Driver","Hyperbeam"],"picked":"SKIP","floor":31.0},{"not_picked":["Meteor Strike","Rainbow"],"picked":"Seek","floor":33.0},{"not_picked":["Go for the Eyes+1","Hologram","Storm+1"],"picked":"SKIP","floor":35.0},{"not_picked":["Sweeping Beam","Gash+1"],"picked":"Redo","floor":37.0},{"not_picked":["BootSequence","Heatsinks+1"],"picked":"Loop+1","floor":39.0},{"not_picked":["Scrape+1","Beam Cell+1","Fusion+1"],"picked":"SKIP","floor":41.0},{"not_picked":["Capacitor","Cold Snap+1","Barrage+1"],"picked":"SKIP","floor":47.0},{"not_picked":["Heatsinks+1","Conserve Battery+1"],"picked":"Redo+1","floor":48.0}],"player_experience":214567,"relics_obtained":[{"floor":7.0,"key":"Ancient Tea Set"},{"floor":14.0,"key":"Mercury Hourglass"},{"floor":26.0,"key":"Dream Catcher"},{"floor":39.0,"key":"Thread and Needle"},{"floor":43.0,"key":"Orichalcum"}],"event_choices":[{"cards_removed":["Defend_B"],"damage_healed":0.0,"max_hp_gain":0.0,"max_hp_loss":0.0,"gold_gain":0.0,"event_name":"The Cleric","player_choice":"Card Removal","floor":2.0,"gold_loss":50.0,"damage_taken":0.0},{"damage_healed":0.0,"max_hp_gain":0.0,"max_hp_loss":0.0,"gold_gain":100.0,"event_name":"Golden Shrine","player_choice":"Pray","floor":3.0,"gold_loss":0.0,"damage_taken":0.0},{"damage_healed":0.0,"max_hp_gain":0.0,"max_hp_loss":0.0,"gold_gain":0.0,"event_name":"Wheel of Change","player_choice":"Relic","floor":14.0,"gold_loss":0.0,"damage_taken":0.0},{"damage_healed":0.0,"max_hp_gain":0.0,"max_hp_loss":0.0,"gold_gain":0.0,"event_name":"Addict","player_choice":"Obtained Relic","floor":20.0,"gold_loss":85.0,"damage_taken":0.0,"relics_obtained":["Smiling Mask"]},{"damage_healed":0.0,"max_hp_gain":0.0,"max_hp_loss":0.0,"gold_gain":0.0,"event_name":"The Library","player_choice":"Read","floor":21.0,"gold_loss":0.0,"damage_taken":0.0,"cards_obtained":["Double Energy"]},{"damage_healed":0.0,"max_hp_gain":0.0,"max_hp_loss":0.0,"gold_gain":99.0,"event_name":"Nest","player_choice":"Stole From Cult","floor":23.0,"gold_loss":0.0,"damage_taken":0.0},{"damage_healed":0.0,"max_hp_gain":0.0,"max_hp_loss":0.0,"gold_gain":0.0,"event_name":"MindBloom","player_choice":"Fight","floor":39.0,"gold_loss":0.0,"damage_taken":0.0},{"damage_healed":0.0,"max_hp_gain":0.0,"max_hp_loss":0.0,"gold_gain":0.0,"event_name":"Tomb of Lord Red Mask","player_choice":"Ignored","floor":42.0,"gold_loss":0.0,"damage_taken":0.0},{"cards_removed":["Sweeping Beam"],"damage_healed":0.0,"max_hp_gain":0.0,"max_hp_loss":0.0,"gold_gain":0.0,"event_name":"Falling","player_choice":"Removed Attack","floor":45.0,"gold_loss":0.0,"damage_taken":0.0}],"is_beta":false,"boss_relics":[{"not_picked":["Snecko Eye","Tiny House"],"picked":"Pandora\u0027s Box"},{"not_picked":["Sozu","Runic Pyramid"],"picked":"Inserter"}],"items_purged_floors":[36,44],"is_endless":false,"potions_floor_spawned":[1,5,7,12,25,29,33,35,39,41,48],"killed_by":"Time Eater","ascension_level":0}