{"gold_per_floor":[117,67,67,67,29,29,29,29,29,104,134,148,162,187,187,310,310,335,335,108,131,131,131,31,45,125,125,143,161,175,175],"floor_reached":31,"playtime":2506,"items_purged":["Defend_B","Strike_B"],"score":250,"play_id":"a3f788a4-c9ce-4864-8b68-8aadc6bea98c","local_time":"20190714042822","is_ascension_mode":false,"campfire_choices":[{"data":"Dualcast","floor":6,"key":"SMITH"},{"data":"Zap","floor":8,"key":"SMITH"},{"floor":15,"key":"REST"},{"data":"Genetic Algorithm","floor":23,"key":"SMITH"},{"data":"Seek","floor":27,"key":"SMITH"}],"neow_cost":"NONE","seed_source_timestamp":183002724776258,"circlet_count":0,"master_deck":["Strike_B","Strike_B","Defend_B","Defend_B","Zap+1","Dualcast+1","Doom and Gloom","Conserve Battery","Seek+1","Skim","Genetic Algorithm+1","Double Energy"],"relics":["Cracked Core","Golden Idol","Singing Bowl","Tiny Chest","Orrery","Oddly Smooth Stone"],"potions_floor_usage":[18,21,31,31],"damage_taken":[{"damage":0,"enemies":"Small Slimes","floor":1,"turns":3},{"damage":6,"enemies":"Jaw Worm","floor":12,"turns":2},{"damage":7,"enemies":"2 Louse","floor":13,"turns":2},{"damage":0,"enemies":"2 Fungi Beasts","floor":14,"turns":2},{"damage":56,"enemies":"The Guardian","floor":16,"turns":10},{"damage":11,"enemies":"2 Thieves","floor":18,"turns":3},{"damage":4,"enemies":"3 Byrds","floor":21,"turns":3},{"damage":22,"enemies":"Cultist and Chosen","floor":25,"turns":5},{"damage":10,"enemies":"Snake Plant","floor":28,"turns":3},{"damage":6,"enemies":"Centurion and Healer","floor":29,"turns":6},{"damage":9,"enemies":"3 Cultists","floor":30,"turns":4},{"damage":13,"enemies":"Colosseum Slavers","floor":31,"turns":3},{"damage":27,"enemies":"Colosseum Nobs","floor":31,"turns":3}],"seed_played":"-5977235598156720160","potions_obtained":[{"floor":1,"key":"Poison Potion"},{"floor":13,"key":"PowerPotion"},{"floor":14,"key":"Block Potion"},{"floor":29,"key":"FearPotion"}],"is_trial":false,"path_per_floor":["M","?","$","?","$","R","?","R","T","?","?","M","M","M","R","B",null,"M","?","$","M","?","R","$","M","T","R","M","M","M","?"],"character_chosen":"DEFECT","items_purchased":["Doom and Gloom","Oddly Smooth Stone"],"campfire_rested":1,"item_purchase_floors":[5,20],"current_hp_per_floor":[82,82,82,62,62,62,55,55,55,44,44,38,33,35,60,4,94,83,83,83,81,81,81,81,61,61,61,53,47,40,0],"gold":175,"neow_bonus":"TEN_PERCENT_HP_BONUS","is_prod":false,"is_daily":false,"chose_seed":false,"campfire_upgraded":4,"win_rate":0,"timestamp":1563046102,"path_taken":["M","?","$","?","?","R","?","R","T","?","?","M","?","M","R","BOSS","M","?","$","M","?","R","$","M","T","R","?","M","M","?"],"build_version":"2019-07-05","purchased_purges":2,"victory":false,"max_hp_per_floor":[82,82,82,82,82,82,82,82,82,82,82,82,84,86,86,86,94,94,94,94,96,96,96,96,98,98,98,100,100,102,102],"card_choices":[{"not_picked":["Lockon","Redo","Streamline"],"picked":"SKIP","floor":1},{"not_picked":["Hologram","Steam"],"picked":"Conserve Battery","floor":12},{"not_picked":["Barrage","Leap","Coolheaded"],"picked":"Singing Bowl","floor":13},{"not_picked":["Barrage","Hologram","Compile Driver"],"picked":"Singing Bowl","floor":14},{"not_picked":["Fission","Echo Form"],"picked":"Seek","floor":16},{"not_picked":["Beam Cell","Go for the Eyes","Hyperbeam"],"picked":"Singing Bowl","floor":17},{"not_picked":["Ball Lightning","Beam Cell","Redo"],"picked":"Singing Bowl","floor":17},{"not_picked":["Hello World","Doom and Gloom","Streamline"],"picked":"Singing Bowl","floor":17},{"not_picked":["Consume","Conserve Battery"],"picked":"Skim","floor":17},{"not_picked":["Go for the Eyes","Hologram","Coolheaded"],"picked":"Singing Bowl","floor":17},{"not_picked":["Coolheaded","Melter"],"picked":"Genetic Algorithm","floor":18},{"not_picked":["Compile Driver","Coolheaded","Barrage"],"picked":"Singing Bowl","floor":21},{"not_picked":["Rebound+1","Turbo+1","Barrage"],"picked":"Singing Bowl","floor":25},{"not_picked":["Compile Driver+1","Doom and Gloom+1","Barrage+1"],"picked":"Singing Bowl","floor":28},{"not_picked":["Gash","Chaos"],"picked":"Double Energy","floor":29},{"not_picked":["Ball Lightning","Hologram+1","Barrage"],"picked":"Singing Bowl","floor":30}],"player_experience":224080,"relics_obtained":[{"floor":9,"key":"Singing Bowl"}],"event_choices":[{"cards_removed":["Defend_B"],"damage_healed":0,"gold_gain":0,"player_choice":"Card Removal","damage_taken":0,"max_hp_gain":0,"max_hp_loss":0,"event_name":"The Cleric","floor":2,"gold_loss":50},{"damage_healed":0,"gold_gain":0,"player_choice":"Take Damage","damage_taken":20,"relics_obtained":["Golden Idol"],"max_hp_gain":0,"max_hp_loss":0,"event_name":"Golden Idol","floor":4,"gold_loss":0},{"cards_removed":["Strike_B"],"damage_healed":0,"gold_gain":0,"player_choice":"Card Removal","damage_taken":7,"max_hp_gain":0,"max_hp_loss":0,"event_name":"Golden Wing","floor":7,"gold_loss":0},{"damage_healed":0,"gold_gain":75,"player_choice":"Gather Gold","damage_taken":11,"max_hp_gain":0,"max_hp_loss":0,"event_name":"World of Goop","floor":10,"gold_loss":0},{"damage_healed":0,"gold_gain":0,"player_choice":"Searched \u00272\u0027 times","damage_taken":0,"relics_obtained":["Tiny Chest"],"max_hp_gain":0,"max_hp_loss":0,"event_name":"Dead Adventurer","floor":11,"gold_loss":0},{"damage_healed":0,"gold_gain":0,"player_choice":"Ignored","damage_taken":0,"max_hp_gain":0,"max_hp_loss":0,"event_name":"Cursed Tome","floor":19,"gold_loss":0},{"damage_healed":0,"gold_gain":0,"player_choice":"Ignored","damage_taken":0,"max_hp_gain":0,"max_hp_loss":0,"event_name":"NoteForYourself","floor":22,"gold_loss":0},{"damage_healed":0,"gold_gain":0,"player_choice":"Fight","damage_taken":0,"max_hp_gain":0,"max_hp_loss":0,"event_name":"Colosseum","floor":31,"gold_loss":0},{"damage_healed":0,"gold_gain":0,"player_choice":"Fought Nobs","damage_taken":0,"max_hp_gain":0,"max_hp_loss":0,"event_name":"Colosseum","floor":31,"gold_loss":0}],"is_beta":false,"boss_relics":[{"not_picked":["Runic Pyramid","Inserter"],"picked":"Orrery"}],"items_purged_floors":[20,24],"is_endless":false,"potions_floor_spawned":[1,13,14,29,31],"killed_by":"Colosseum Nobs","ascension_level":0}