{"gold_per_floor":[116,116,131,141,141,172,172,184,184,184,216,73,73,20,20,20],"floor_reached":16,"playtime":806,"items_purged":["Strike_B"],"score":162,"play_id":"7085705e-66c0-48ef-ac0f-747b246dbf0f","local_time":"20190830194925","is_ascension_mode":true,"campfire_choices":[{"floor":7,"key":"REST"},{"floor":10,"key":"REST"},{"floor":15,"key":"REST"}],"neow_cost":"NONE","seed_source_timestamp":1331527679912200,"circlet_count":0,"master_deck":["AscendersBane","Strike_B","Strike_B","Defend_B","Defend_B","Defend_B","Zap+1","Dualcast","Rebound","Melter","Coolheaded","Go for the Eyes","Cold Snap","All For One","Parasite","Coolheaded"],"relics":["Cracked Core","Centennial Puzzle","Bottled Lightning","Dodecahedron"],"potions_floor_usage":[16,16],"damage_taken":[{"damage":2,"enemies":"Jaw Worm","floor":1,"turns":3},{"damage":1,"enemies":"Cultist","floor":3,"turns":3},{"damage":0,"enemies":"Small Slimes","floor":4,"turns":3},{"damage":50,"enemies":"3 Sentries","floor":6,"turns":8},{"damage":14,"enemies":"Blue Slaver","floor":8,"turns":4},{"damage":25,"enemies":"Gremlin Nob","floor":11,"turns":4},{"damage":54,"enemies":"Slime Boss","floor":16,"turns":8}],"seed_played":"-4529798319348690499","potions_obtained":[{"floor":6,"key":"LiquidBronze"},{"floor":8,"key":"GamblersBrew"},{"floor":11,"key":"Swift Potion"}],"is_trial":false,"path_per_floor":["M","?","M","M","?","E","R","M","T","R","E","$","?","$","R","B"],"character_chosen":"DEFECT","items_purchased":["All For One","Coolheaded"],"campfire_rested":3,"item_purchase_floors":[12,14],"current_hp_per_floor":[66,66,65,65,58,8,30,16,16,38,13,13,31,31,53,0],"gold":20,"neow_bonus":"UPGRADE_CARD","is_prod":false,"is_daily":false,"chose_seed":false,"campfire_upgraded":0,"win_rate":0,"timestamp":1567162165,"path_taken":["M","?","M","?","?","E","R","M","T","R","E","$","?","?","R","BOSS"],"build_version":"2019-07-17","purchased_purges":1,"victory":false,"max_hp_per_floor":[75,75,75,75,75,75,75,75,75,75,75,75,75,75,75,75],"card_choices":[{"not_picked":["Turbo","Barrage"],"picked":"Rebound","floor":1},{"not_picked":["Blizzard","Hologram","Recycle"],"picked":"SKIP","floor":3},{"not_picked":["Chill","Steam"],"picked":"Melter","floor":4},{"not_picked":["Sweeping Beam","Turbo"],"picked":"Coolheaded","floor":6},{"not_picked":["Force Field","Stack"],"picked":"Go for the Eyes","floor":8},{"not_picked":["Conserve Battery","Beam Cell"],"picked":"Cold Snap","floor":11}],"player_experience":239116,"relics_obtained":[{"floor":6,"key":"Centennial Puzzle"},{"floor":9,"key":"Bottled Lightning"},{"floor":11,"key":"Dodecahedron"}],"event_choices":[{"cards_removed":["Defend_B"],"damage_healed":0,"gold_gain":0,"player_choice":"Offered Basic","damage_taken":0,"max_hp_gain":0,"max_hp_loss":0,"event_name":"Bonfire Elementals","floor":2,"gold_loss":0},{"cards_removed":["Strike_B"],"damage_healed":0,"gold_gain":0,"player_choice":"Card Removal","damage_taken":7,"max_hp_gain":0,"max_hp_loss":0,"event_name":"Golden Wing","floor":5,"gold_loss":0},{"damage_healed":18,"gold_gain":0,"player_choice":"Healed and dodged fight","damage_taken":0,"max_hp_gain":0,"max_hp_loss":0,"event_name":"Mushrooms","floor":13,"gold_loss":0,"cards_obtained":["Parasite"]}],"is_beta":false,"boss_relics":[],"items_purged_floors":[12],"is_endless":false,"potions_floor_spawned":[6,8,11],"killed_by":"Slime Boss","ascension_level":10}