{"gold_per_floor":[111,130,130,205,221,221,235,247,247,279,279,294,305,376,376,471,471,482,482,482,497,508,508,533,558,612,612],"floor_reached":27,"playtime":927,"items_purged":[],"score":282,"play_id":"308cec02-d86c-43ed-b17a-5570127083eb","local_time":"20181120132112","is_ascension_mode":true,"campfire_choices":[{"data":"Fire Breathing","floor":6,"key":"SMITH"},{"data":"Fire Breathing","floor":11,"key":"SMITH"},{"floor":15,"key":"REST"},{"floor":23,"key":"REST"}],"neow_cost":"NONE","seed_source_timestamp":219833389822111,"circlet_count":0,"master_deck":["Strike_R","Strike_R","Strike_R+1","Strike_R","Strike_R","Defend_R","Defend_R","Defend_R","Defend_R","Bash+1","Iron Wave","Iron Wave","Fire Breathing+1","Fire Breathing+1","Searing Blow+1","Thunderclap+1","Iron Wave+1","Fiend Fire+1","Flex","Shame","Pommel Strike+1","Thunderclap+1","Disarm"],"relics":["Burning Blood","The Courier","Molten Egg 2","Sozu","Paper Frog","Art of War","Blue Candle","Potion Belt","Vajra"],"potions_floor_usage":[10,12,16,18],"damage_taken":[{"damage":2,"enemies":"Jaw Worm","floor":1,"turns":3},{"damage":6,"enemies":"2 Louse","floor":2,"turns":3},{"damage":2,"enemies":"Small Slimes","floor":5,"turns":3},{"damage":12,"enemies":"Looter","floor":7,"turns":3},{"damage":7,"enemies":"Exordium Thugs","floor":8,"turns":4},{"damage":35,"enemies":"3 Sentries","floor":10,"turns":7},{"damage":0,"enemies":"Lots of Slimes","floor":12,"turns":1},{"damage":19,"enemies":"Exordium Wildlife","floor":13,"turns":3},{"damage":60,"enemies":"The Guardian","floor":16,"turns":11},{"damage":21,"enemies":"Shell Parasite","floor":18,"turns":3},{"damage":14,"enemies":"Chosen","floor":21,"turns":4},{"damage":41,"enemies":"Centurion and Healer","floor":22,"turns":4},{"damage":39,"enemies":"Book of Stabbing","floor":24,"turns":4},{"damage":25,"enemies":"Gremlin Leader","floor":27,"turns":4}],"seed_played":"1424968771112775248","potions_obtained":[{"floor":7,"key":"SteroidPotion"},{"floor":8,"key":"Regen Potion"},{"floor":10,"key":"AttackPotion"},{"floor":16,"key":"Fire Potion"}],"is_trial":false,"path_per_floor":["M","M","?","?","M","R","M","M","T","E","R","M","M","?","R","B",null,"M","?","?","M","M","R","E","T","T","E"],"character_chosen":"IRONCLAD","items_purchased":[],"campfire_rested":2,"item_purchase_floors":[],"current_hp_per_floor":[88,88,70,59,63,63,57,56,56,42,42,48,35,35,61,7,88,73,73,73,65,30,56,23,23,23,0],"gold":612,"neow_bonus":"TEN_PERCENT_HP_BONUS","is_prod":false,"is_daily":false,"chose_seed":false,"campfire_upgraded":2,"win_rate":0,"timestamp":1542716472,"path_taken":["M","M","?","?","M","R","M","M","T","E","R","M","M","?","R","BOSS","M","?","?","?","?","R","E","?","T","E"],"build_version":"2018-11-15","purchased_purges":0,"victory":false,"max_hp_per_floor":[88,88,88,88,88,88,88,88,88,88,88,88,88,88,88,88,88,88,88,88,88,88,88,88,88,88,88],"card_choices":[{"not_picked":["Warcry","Seeing Red"],"picked":"Iron Wave","floor":1},{"not_picked":["Clothesline","Pommel Strike"],"picked":"Iron Wave","floor":2},{"not_picked":["Whirlwind","Shockwave"],"picked":"Fire Breathing","floor":5},{"not_picked":["Dual Wield","Havoc"],"picked":"Fire Breathing","floor":7},{"not_picked":["Burning Pact","Anger","True Grit"],"picked":"SKIP","floor":8},{"not_picked":["Fire Breathing","True Grit"],"picked":"Searing Blow","floor":10},{"not_picked":["Flex","Heavy Blade+1"],"picked":"Thunderclap+1","floor":12},{"not_picked":["Sentinel","Dark Embrace"],"picked":"Iron Wave+1","floor":13},{"not_picked":["Brutality","Limit Break"],"picked":"Fiend Fire+1","floor":16},{"not_picked":["Clothesline+1","Wild Strike+1"],"picked":"Flex","floor":18},{"not_picked":["Body Slam+1","Shrug It Off"],"picked":"Pommel Strike+1","floor":21},{"not_picked":["Infernal Blade","Entrench"],"picked":"Thunderclap+1","floor":22},{"not_picked":["Fire Breathing","Shockwave"],"picked":"Disarm","floor":24}],"player_experience":289585,"relics_obtained":[{"floor":9,"key":"The Courier"},{"floor":10,"key":"Molten Egg 2"},{"floor":24,"key":"Blue Candle"},{"floor":25,"key":"Potion Belt"},{"floor":26,"key":"Vajra"}],"event_choices":[{"damage_healed":0,"gold_gain":0,"player_choice":"Entered Light","damage_taken":18,"max_hp_gain":0,"max_hp_loss":0,"event_name":"Shining Light","floor":3,"gold_loss":0,"cards_upgraded":["Strike_R","Bash"]},{"damage_healed":0,"gold_gain":75,"player_choice":"Gather Gold","damage_taken":11,"max_hp_gain":0,"max_hp_loss":0,"event_name":"World of Goop","floor":4,"gold_loss":0},{"damage_healed":0,"gold_gain":71,"player_choice":"Gained Gold","damage_taken":0,"max_hp_gain":0,"max_hp_loss":0,"event_name":"Golden Wing","floor":14,"gold_loss":0},{"damage_healed":0,"gold_gain":0,"player_choice":"Stole Relic","damage_taken":0,"relics_obtained":["Paper Frog"],"max_hp_gain":0,"max_hp_loss":0,"event_name":"Addict","floor":19,"gold_loss":0,"cards_obtained":["Shame"]},{"damage_healed":0,"gold_gain":0,"player_choice":"Opened","damage_taken":0,"relics_obtained":["Art of War"],"max_hp_gain":0,"max_hp_loss":0,"event_name":"The Mausoleum","floor":20,"gold_loss":0}],"is_beta":false,"boss_relics":[{"not_picked":["Philosopher\u0027s Stone","Snecko Eye"],"picked":"Sozu"}],"items_purged_floors":[],"is_endless":false,"potions_floor_spawned":[7,8,10,16,22],"killed_by":"Gremlin Leader","ascension_level":4}