{"gold_per_floor":[111,127,139,139,139,174,174,199,199,199,209,209,229,242,242,319,319,332,332,349,624,644,644,644],"floor_reached":24,"playtime":1913,"items_purged":[],"score":416,"play_id":"397a8903-1ba1-4fcf-9a44-fa3dde2e1776","local_time":"20190812194503","is_ascension_mode":true,"campfire_choices":[{"floor":7,"key":"REST"},{"floor":10,"key":"REST"},{"floor":12,"key":"REST"},{"data":"Coolheaded","floor":15,"key":"SMITH"},{"floor":23,"key":"REST"}],"neow_cost":"NONE","seed_source_timestamp":77028517894252,"circlet_count":0,"master_deck":["AscendersBane","Strike_B","Strike_B","Strike_B","Strike_B","Defend_B","Defend_B+1","Defend_B","Defend_B","Zap+1","Dualcast","Chaos+1","Rebound","Sweeping Beam","Coolheaded+1","Rainbow","Stack","Compile Driver","Streamline","Sweeping Beam","Glacier","Machine Learning","Force Field","Regret","Glacier"],"relics":["Runic Dome","Boot","Mummified Hand","Nuclear Battery","Nloth\u0027s Gift"],"potions_floor_usage":[6,16,24],"damage_taken":[{"damage":4,"enemies":"2 Louse","floor":1,"turns":2},{"damage":4,"enemies":"Cultist","floor":2,"turns":4},{"damage":19,"enemies":"Jaw Worm","floor":3,"turns":4},{"damage":12,"enemies":"3 Sentries","floor":6,"turns":4},{"damage":18,"enemies":"Lagavulin","floor":8,"turns":7},{"damage":4,"enemies":"Red Slaver","floor":11,"turns":3},{"damage":7,"enemies":"Looter","floor":13,"turns":3},{"damage":1,"enemies":"3 Louse","floor":14,"turns":3},{"damage":34,"enemies":"Slime Boss","floor":16,"turns":11},{"damage":12,"enemies":"2 Thieves","floor":18,"turns":4},{"damage":2,"enemies":"Spheric Guardian","floor":20,"turns":4},{"damage":22,"enemies":"Snecko","floor":22,"turns":7},{"damage":49,"enemies":"Gremlin Leader","floor":24,"turns":5}],"seed_played":"-4351969978944475585","potions_obtained":[{"floor":3,"key":"AttackPotion"},{"floor":6,"key":"GamblersBrew"},{"floor":8,"key":"Dexterity Potion"},{"floor":20,"key":"Swift Potion"}],"is_trial":false,"path_per_floor":["M","M","M","?","?","E","R","E","T","R","M","R","M","M","R","B",null,"M","?","M","?","M","R","E"],"character_chosen":"DEFECT","items_purchased":[],"campfire_rested":4,"item_purchase_floors":[],"current_hp_per_floor":[60,56,37,16,16,4,25,7,7,28,24,45,38,37,37,3,54,42,42,40,40,18,39,0],"gold":644,"neow_bonus":"BOSS_RELIC","is_prod":false,"is_daily":false,"chose_seed":false,"campfire_upgraded":1,"win_rate":0,"timestamp":1565653503,"path_taken":["M","M","M","?","?","E","R","E","T","R","M","R","M","M","R","BOSS","M","?","?","?","?","R","E"],"build_version":"2019-07-17","purchased_purges":0,"victory":false,"max_hp_per_floor":[71,71,71,71,71,71,71,71,71,71,71,71,71,71,71,71,71,71,71,71,71,71,71,71],"card_choices":[{"not_picked":["Leap","Turbo"],"picked":"Chaos","floor":1},{"not_picked":["Storm","Recycle"],"picked":"Rebound","floor":2},{"not_picked":["Redo","Skim"],"picked":"Sweeping Beam","floor":3},{"not_picked":["Steam","Turbo"],"picked":"Coolheaded","floor":6},{"not_picked":["Amplify","Steam"],"picked":"Rainbow","floor":8},{"not_picked":["Aggregate","Scrape"],"picked":"Stack","floor":10},{"not_picked":["Scrape","Stack"],"picked":"Compile Driver","floor":11},{"not_picked":["Gash","Turbo"],"picked":"Streamline","floor":12},{"not_picked":["Redo","Scrape"],"picked":"Sweeping Beam","floor":13},{"not_picked":["Lockon","Redo"],"picked":"Glacier","floor":14},{"not_picked":["Creative AI","Seek"],"picked":"Machine Learning","floor":16},{"not_picked":["Barrage","Sweeping Beam"],"picked":"Force Field","floor":18},{"not_picked":["Streamline","Doom and Gloom","Beam Cell"],"picked":"SKIP","floor":20},{"not_picked":["Go for the Eyes","Lockon"],"picked":"Glacier","floor":22}],"player_experience":386552,"relics_obtained":[{"floor":6,"key":"Boot"},{"floor":8,"key":"Mummified Hand"},{"floor":9,"key":"Dream Catcher"}],"event_choices":[{"damage_healed":0,"gold_gain":0,"player_choice":"Entered Light","damage_taken":21,"max_hp_gain":0,"max_hp_loss":0,"event_name":"Shining Light","floor":4,"gold_loss":0,"cards_upgraded":["Defend_B","Zap"]},{"damage_healed":0,"gold_gain":0,"player_choice":"Upgraded","damage_taken":0,"max_hp_gain":0,"max_hp_loss":0,"event_name":"Upgrade Shrine","floor":5,"gold_loss":0,"cards_upgraded":["Chaos"]},{"damage_healed":0,"gold_gain":0,"player_choice":"Traded Relic","damage_taken":0,"relics_obtained":["Nloth\u0027s Gift"],"max_hp_gain":0,"max_hp_loss":0,"event_name":"N\u0027loth","floor":19,"relics_lost":["Dream Catcher"],"gold_loss":0},{"damage_healed":0,"gold_gain":275,"player_choice":"Desecrate","damage_taken":0,"max_hp_gain":0,"max_hp_loss":0,"event_name":"Golden Shrine","floor":21,"gold_loss":0,"cards_obtained":["Regret"]}],"is_beta":false,"boss_relics":[{"not_picked":["Runic Pyramid","Snecko Eye"],"picked":"Nuclear Battery"}],"items_purged_floors":[],"is_endless":false,"potions_floor_spawned":[3,6,8,11,13,20],"killed_by":"Gremlin Leader","ascension_level":20}