{"gold_per_floor":[112,123,123,139,157,157,182,202,202,222,241,241,258,258,258,355,405,415,432,5,5,24,24],"floor_reached":23,"playtime":1533,"items_purged":["Strike_B"],"score":222,"play_id":"1d207363-15ff-4257-bcdd-3e5e878fa686","local_time":"20190815070907","is_ascension_mode":false,"campfire_choices":[{"data":"Fusion","floor":6,"key":"SMITH"},{"floor":12,"key":"REST"},{"data":"Defragment","floor":15,"key":"SMITH"}],"neow_cost":"NONE","seed_source_timestamp":1995563526578848,"circlet_count":0,"master_deck":["Strike_B+1","Strike_B","Strike_B","Defend_B","Defend_B","Defend_B","Zap","Dualcast","Conserve Battery","Darkness","Fusion+1","Defragment+1","Conserve Battery","Reprogram","Redo","Double Energy"],"relics":["Cracked Core","StoneCalendar","Question Card","Tiny House","OrangePellets","Regal Pillow"],"potions_floor_usage":[16,19,23,23],"damage_taken":[{"damage":1,"enemies":"Jaw Worm","floor":1,"turns":3},{"damage":0,"enemies":"Cultist","floor":2,"turns":3},{"damage":0,"enemies":"2 Louse","floor":4,"turns":2},{"damage":7,"enemies":"2 Fungi Beasts","floor":5,"turns":4},{"damage":19,"enemies":"Lagavulin","floor":7,"turns":7},{"damage":20,"enemies":"Exordium Wildlife","floor":8,"turns":5},{"damage":4,"enemies":"Blue Slaver","floor":10,"turns":4},{"damage":17,"enemies":"Lots of Slimes","floor":11,"turns":5},{"damage":8,"enemies":"Looter","floor":13,"turns":3},{"damage":11,"enemies":"Hexaghost","floor":16,"turns":9},{"damage":21,"enemies":"Shell Parasite","floor":18,"turns":7},{"damage":32,"enemies":"2 Thieves","floor":19,"turns":5},{"damage":30,"enemies":"Cultist and Chosen","floor":22,"turns":7},{"damage":11,"enemies":"Snecko","floor":23,"turns":5}],"seed_played":"-5919057868271953527","potions_obtained":[{"floor":2,"key":"LiquidBronze"},{"floor":8,"key":"Block Potion"},{"floor":10,"key":"Strength Potion"},{"floor":13,"key":"PowerPotion"},{"floor":16,"key":"Poison Potion"},{"floor":17,"key":"Swift Potion"}],"is_trial":false,"path_per_floor":["M","M","?","M","M","R","E","M","T","M","M","R","M","?","R","B",null,"M","M","$","?","M","M"],"character_chosen":"DEFECT","items_purchased":["OrangePellets","Regal Pillow"],"campfire_rested":1,"item_purchase_floors":[20,20],"current_hp_per_floor":[81,81,81,81,74,74,55,35,35,31,14,38,30,35,35,24,92,71,39,39,39,9,0],"gold":24,"neow_bonus":"TEN_PERCENT_HP_BONUS","is_prod":false,"is_daily":false,"chose_seed":false,"campfire_upgraded":2,"win_rate":0,"timestamp":1565820547,"path_taken":["M","M","?","M","M","R","E","?","T","M","M","R","M","?","R","BOSS","M","M","$","?","M","M"],"build_version":"2019-07-05","purchased_purges":1,"victory":false,"max_hp_per_floor":[82,82,82,82,82,82,82,82,82,82,82,82,82,87,87,87,92,92,92,92,92,92,92],"card_choices":[{"not_picked":["Beam Cell","Stack"],"picked":"Conserve Battery","floor":1},{"not_picked":["Go for the Eyes","Static Discharge"],"picked":"Darkness","floor":2},{"not_picked":["Barrage","Gash"],"picked":"Fusion","floor":4},{"not_picked":["Hologram","Leap","Fusion"],"picked":"SKIP","floor":5},{"not_picked":["Fission","Static Discharge","Turbo"],"picked":"SKIP","floor":7},{"not_picked":["Blizzard","Fusion","Streamline"],"picked":"SKIP","floor":8},{"not_picked":["Steam","Rebound","Turbo"],"picked":"Defragment","floor":10},{"not_picked":["Leap","Gash","Streamline"],"picked":"Conserve Battery","floor":11},{"not_picked":["Go for the Eyes","Turbo","Defragment"],"picked":"Reprogram","floor":13},{"not_picked":["Barrage","Conserve Battery","Hologram","Rebound"],"picked":"SKIP","floor":18},{"not_picked":["Rebound+1","Stack","Steam"],"picked":"Redo","floor":19},{"not_picked":["Recycle","Steam","FTL"],"picked":"Double Energy","floor":22}],"player_experience":496194,"relics_obtained":[{"floor":7,"key":"StoneCalendar"},{"floor":9,"key":"Question Card"}],"event_choices":[{"cards_removed":["Defend_B"],"damage_healed":0,"gold_gain":0,"player_choice":"Offered Basic","damage_taken":0,"max_hp_gain":0,"max_hp_loss":0,"event_name":"Bonfire Elementals","floor":3,"gold_loss":0},{"damage_healed":0,"gold_gain":0,"player_choice":"Donut","damage_taken":0,"max_hp_gain":5,"max_hp_loss":0,"event_name":"Big Fish","floor":14,"gold_loss":0},{"damage_healed":0,"gold_gain":0,"player_choice":"Ignored","damage_taken":0,"max_hp_gain":0,"max_hp_loss":0,"event_name":"Vampires","floor":21,"gold_loss":0}],"is_beta":false,"boss_relics":[{"not_picked":["Sozu","Inserter"],"picked":"Tiny House"}],"items_purged_floors":[20],"is_endless":false,"potions_floor_spawned":[2,8,10,11,13,16],"killed_by":"Snecko","ascension_level":0}