{"gold_per_floor":[111,129,144,6,22,48,48,48,48,80,94,94,114,127,127,228,228,242,242,67,54,54,54,70,70,70,83,83,10,10,44,44,145,145,155,175,0,0,17,17,17,29,78,93,93,3,13,23,23,23],"floor_reached":50,"playtime":3318,"items_purged":[],"score":1002,"play_id":"8d94d1ac-42e8-4146-b765-34db078f4f05","local_time":"20190826182511","is_ascension_mode":true,"campfire_choices":[{"data":"Rampage","floor":8.0,"key":"SMITH"},{"floor":12.0,"key":"REST"},{"data":"Rampage","floor":15.0,"key":"SMITH"},{"data":"Inflame","floor":23.0,"key":"SMITH"},{"floor":28.0,"key":"REST"},{"data":"Shrug It Off","floor":30.0,"key":"SMITH"},{"floor":32.0,"key":"REST"},{"data":"Shrug It Off","floor":40.0,"key":"SMITH"},{"data":"Reaper","floor":45.0,"key":"SMITH"},{"data":"Flash of Steel","floor":49.0,"key":"SMITH"}],"neow_cost":"NONE","seed_source_timestamp":589478303654300,"circlet_count":0,"master_deck":["AscendersBane","Strike_R+1","Strike_R+1","Strike_R+1","Strike_R+1","Defend_R+1","Defend_R+1","Defend_R+1","Defend_R+1","Bash+1","Deep Breath","Shrug It Off+1","Rampage+1","Rampage+1","Inflame+1","Shrug It Off+1","Spot Weakness+1","Warcry+1","Battle Trance+1","Limit Break+1","Mayhem+1","Warcry+1","Ghostly Armor+1","Spot Weakness+1","Offering+1","Reaper+1","Anger+1","Warcry+1","Panacea+1","Brutality+1","Pain","Flash of Steel+1","Metallicize+1"],"special_seed":0,"relics":["Burning Blood","Frozen Egg 2","Toxic Egg 2","Paper Frog","Eternal Feather","Bird Faced Urn","Shuriken","Coffee Dripper","Red Mask","WarpedTongs","Art of War"],"potions_floor_usage":[50,50],"damage_taken":[{"damage":1.0,"enemies":"Cultist","floor":1.0,"turns":4.0},{"damage":4.0,"enemies":"Jaw Worm","floor":2.0,"turns":3.0},{"damage":10.0,"enemies":"2 Louse","floor":3.0,"turns":4.0},{"damage":5.0,"enemies":"Looter","floor":5.0,"turns":4.0},{"damage":40.0,"enemies":"Lagavulin","floor":6.0,"turns":5.0},{"damage":16.0,"enemies":"Gremlin Nob","floor":10.0,"turns":3.0},{"damage":4.0,"enemies":"Lots of Slimes","floor":11.0,"turns":2.0},{"damage":18.0,"enemies":"Red Slaver","floor":13.0,"turns":4.0},{"damage":0.0,"enemies":"2 Fungi Beasts","floor":14.0,"turns":3.0},{"damage":14.0,"enemies":"The Guardian","floor":16.0,"turns":9.0},{"damage":28.0,"enemies":"Chosen","floor":18.0,"turns":5.0},{"damage":12.0,"enemies":"2 Thieves","floor":21.0,"turns":4.0},{"damage":45.0,"enemies":"Cultist and Chosen","floor":24.0,"turns":6.0},{"damage":12.0,"enemies":"Centurion and Healer","floor":27.0,"turns":5.0},{"damage":51.0,"enemies":"Slavers","floor":31.0,"turns":5.0},{"damage":69.0,"enemies":"Automaton","floor":33.0,"turns":8.0},{"damage":3.0,"enemies":"3 Shapes","floor":35.0,"turns":6.0},{"damage":9.0,"enemies":"Orb Walker","floor":36.0,"turns":3.0},{"damage":29.0,"enemies":"4 Shapes","floor":39.0,"turns":5.0},{"damage":43.0,"enemies":"Maw","floor":42.0,"turns":6.0},{"damage":22.0,"enemies":"3 Darklings","floor":44.0,"turns":5.0},{"damage":25.0,"enemies":"Transient","floor":47.0,"turns":5.0},{"damage":45.0,"enemies":"Spire Growth","floor":48.0,"turns":4.0}],"seed_played":"-7269551127452506502","potions_obtained":[{"floor":2.0,"key":"PowerPotion"},{"floor":5.0,"key":"Explosive Potion"},{"floor":10.0,"key":"Fire Potion"},{"floor":13.0,"key":"FearPotion"},{"floor":31.0,"key":"Fruit Juice"},{"floor":39.0,"key":"FearPotion"},{"floor":47.0,"key":"SpeedPotion"}],"is_trial":false,"path_per_floor":["M","M","M","$","M","E","?","R","T","E","M","R","M","M","R","B",null,"M","?","$","M","?","R","M","?","T","M","R","$","R","E","R","B",null,"M","M","?","?","M","R","?","M","T","M","R","$","M","M","R","B"],"character_chosen":"IRONCLAD","items_purchased":["Rampage","Inflame","Mayhem+1","Spot Weakness+1","Flash of Steel"],"campfire_rested":3,"item_purchase_floors":[4,4,20,29,46],"current_hp_per_floor":[77,79,75,75,76,42,42,42,42,32,34,58,46,52,52,44,71,49,49,49,43,43,55,16,16,16,14,50,50,62,21,66,7,66,71,70,70,70,73,85,85,65,65,70,85,85,85,51,69,20],"gold":23,"neow_bonus":"RANDOM_COLORLESS","is_prod":false,"is_daily":false,"chose_seed":false,"campfire_upgraded":7,"win_rate":0,"timestamp":1566869111,"path_taken":["M","M","M","?","M","E","?","R","T","E","M","R","M","M","R","BOSS","M","?","$","M","?","R","?","?","T","?","R","$","R","E","R","BOSS","M","M","?","?","M","R","?","?","T","M","R","?","M","?","R","BOSS"],"build_version":"2019-07-17","purchased_purges":0,"victory":false,"max_hp_per_floor":[80,80,80,80,80,80,80,80,80,80,80,80,80,80,80,80,80,80,80,80,80,80,80,80,80,80,80,80,80,80,80,85,85,85,85,85,85,85,85,85,85,85,85,85,85,85,85,85,85,85],"card_choices":[{"not_picked":["Reckless Charge","Thunderclap"],"picked":"Shrug It Off","floor":1.0},{"not_picked":["Clash","Havoc","Body Slam"],"picked":"SKIP","floor":2.0},{"not_picked":["Sever Soul","Clothesline"],"picked":"Rampage","floor":3.0},{"not_picked":["Warcry","Clash","Iron Wave"],"picked":"SKIP","floor":5.0},{"not_picked":["Carnage","Flex"],"picked":"Shrug It Off","floor":6.0},{"not_picked":["Iron Wave","Intimidate+1"],"picked":"Spot Weakness+1","floor":10.0},{"not_picked":["Sword Boomerang","Burning Pact+1","Fiend Fire"],"picked":"SKIP","floor":11.0},{"not_picked":["Entrench+1","Clothesline"],"picked":"Warcry+1","floor":13.0},{"not_picked":["Bloodletting+1","Corruption+1"],"picked":"Battle Trance+1","floor":14.0},{"not_picked":["Immolate","Dark Embrace+1"],"picked":"Limit Break+1","floor":16.0},{"not_picked":["Iron Wave","Pommel Strike","Perfected Strike"],"picked":"SKIP","floor":18.0},{"not_picked":["Wild Strike","Heavy Blade+1"],"picked":"Warcry+1","floor":21.0},{"not_picked":["Rupture+1","Sentinel+1","Pommel Strike"],"picked":"SKIP","floor":24.0},{"not_picked":["Sword Boomerang+1","Body Slam"],"picked":"Ghostly Armor+1","floor":27.0},{"not_picked":["Fire Breathing+1","Twin Strike"],"picked":"Offering+1","floor":31.0},{"not_picked":["Immolate","Exhume+1"],"picked":"Reaper","floor":33.0},{"not_picked":["Iron Wave+1","Cleave"],"picked":"Anger+1","floor":35.0},{"not_picked":["Flex+1","Shrug It Off+1"],"picked":"Warcry+1","floor":36.0},{"not_picked":["Bandage Up+1","Flash of Steel"],"picked":"Panacea+1","floor":38.0},{"not_picked":["Sentinel+1","Havoc+1"],"picked":"Brutality+1","floor":39.0},{"not_picked":["Hemokinesis","Heavy Blade","Shrug It Off+1"],"picked":"SKIP","floor":42.0},{"not_picked":["Disarm+1","Headbutt+1","Twin Strike+1"],"picked":"SKIP","floor":44.0},{"not_picked":["Heavy Blade","Searing Blow"],"picked":"Metallicize+1","floor":47.0},{"not_picked":["Disarm+1","Havoc+1","Wild Strike"],"picked":"SKIP","floor":48.0}],"player_experience":210303,"relics_obtained":[{"floor":6.0,"key":"Frozen Egg 2"},{"floor":9.0,"key":"Toxic Egg 2"},{"floor":10.0,"key":"Paper Frog"},{"floor":26.0,"key":"Bird Faced Urn"},{"floor":31.0,"key":"Shuriken"},{"floor":43.0,"key":"Art of War"}],"event_choices":[{"damage_healed":0.0,"max_hp_gain":0.0,"max_hp_loss":0.0,"gold_gain":0.0,"event_name":"Liars Game","player_choice":"Ignored","floor":7.0,"gold_loss":0.0,"damage_taken":0.0},{"damage_healed":0.0,"max_hp_gain":0.0,"max_hp_loss":0.0,"gold_gain":0.0,"event_name":"Back to Basics","player_choice":"Simplicity","floor":19.0,"gold_loss":0.0,"damage_taken":0.0,"cards_upgraded":["Strike_R","Strike_R","Strike_R","Strike_R","Strike_R","Defend_R","Defend_R","Defend_R","Defend_R"]},{"damage_healed":0.0,"max_hp_gain":0.0,"max_hp_loss":0.0,"gold_gain":0.0,"event_name":"Upgrade Shrine","player_choice":"Upgraded","floor":22.0,"gold_loss":0.0,"damage_taken":0.0,"cards_upgraded":["Bash"]},{"cards_removed":["Strike_R"],"damage_healed":0.0,"max_hp_gain":0.0,"max_hp_loss":0.0,"gold_gain":0.0,"event_name":"Purifier","player_choice":"Purged","floor":25.0,"gold_loss":0.0,"damage_taken":0.0},{"damage_healed":0.0,"max_hp_gain":0.0,"max_hp_loss":0.0,"gold_gain":0.0,"event_name":"Tomb of Lord Red Mask","player_choice":"Paid","floor":37.0,"gold_loss":175.0,"damage_taken":0.0,"relics_obtained":["Red Mask"]},{"damage_healed":0.0,"max_hp_gain":0.0,"max_hp_loss":0.0,"gold_gain":0.0,"event_name":"SensoryStone","player_choice":"Memory 1","floor":38.0,"gold_loss":0.0,"damage_taken":0.0},{"damage_healed":0.0,"max_hp_gain":0.0,"max_hp_loss":0.0,"gold_gain":0.0,"event_name":"Accursed Blacksmith","player_choice":"Rummage","floor":41.0,"gold_loss":0.0,"damage_taken":0.0,"relics_obtained":["WarpedTongs"],"cards_obtained":["Pain"]}],"is_beta":false,"boss_relics":[{"not_picked":["Black Star","Velvet Choker"],"picked":"Eternal Feather"},{"not_picked":["Black Blood","Philosopher\u0027s Stone"],"picked":"Coffee Dripper"}],"items_purged_floors":[],"is_endless":false,"potions_floor_spawned":[2,5,6,10,13,31,39,47],"killed_by":"Donu and Deca","ascension_level":12}