{"gold_per_floor":[109,123,54,71,86,86,86,86,86,86,111,125,50,62,62,162,162,175,175,191,191,191],"floor_reached":22,"playtime":768,"items_purged":["Strike_G"],"score":223,"play_id":"16a0d3b6-e159-4476-b84e-63c4e09deadf","local_time":"20190103141222","is_ascension_mode":true,"campfire_choices":[{"data":"Neutralize","floor":6,"key":"SMITH"},{"data":"Dagger Spray","floor":8,"key":"SMITH"},{"floor":10,"key":"DIG"},{"floor":15,"key":"REST"}],"neow_cost":"NONE","seed_source_timestamp":362950538458834,"circlet_count":0,"master_deck":["Defend_G","Defend_G","Defend_G","Defend_G","Defend_G","Strike_G","Strike_G","Strike_G","Strike_G","Survivor","Neutralize+1","Backflip","Dagger Spray+1","All Out Attack","Noxious Fumes+1","Backstab","Noxious Fumes","Terror","Predator","Wraith Form v2","PiercingWail","Noxious Fumes+1","Decay"],"relics":["Ring of the Snake","NeowsBlessing","Shovel","Dodecahedron","Dream Catcher","Sozu"],"potions_floor_usage":[],"damage_taken":[{"damage":0,"enemies":"2 Louse","floor":1,"turns":1},{"damage":0,"enemies":"Cultist","floor":2,"turns":1},{"damage":0,"enemies":"Jaw Worm","floor":4,"turns":1},{"damage":4,"enemies":"Red Slaver","floor":5,"turns":4},{"damage":26,"enemies":"3 Sentries","floor":11,"turns":5},{"damage":7,"enemies":"Large Slime","floor":12,"turns":5},{"damage":2,"enemies":"3 Louse","floor":14,"turns":3},{"damage":34,"enemies":"The Guardian","floor":16,"turns":9},{"damage":31,"enemies":"2 Thieves","floor":18,"turns":4},{"damage":2,"enemies":"Chosen","floor":20,"turns":4},{"damage":38,"enemies":"Shelled Parasite and Fungi","floor":22,"turns":3}],"seed_played":"-1317672427255316007","potions_obtained":[{"floor":4,"key":"Swift Potion"},{"floor":12,"key":"PowerPotion"}],"is_trial":false,"path_per_floor":["M","M","$","M","M","R","?","R","T","R","E","M","$","M","R","B",null,"M","?","M","?","M"],"character_chosen":"THE_SILENT","items_purchased":["All Out Attack"],"campfire_rested":1,"item_purchase_floors":[3],"current_hp_per_floor":[70,70,70,70,66,66,66,66,66,66,40,33,33,31,52,18,70,39,39,37,37,0],"gold":191,"neow_bonus":"THREE_ENEMY_KILL","is_prod":false,"is_daily":false,"chose_seed":false,"campfire_upgraded":2,"win_rate":0,"timestamp":1546492342,"path_taken":["M","M","$","M","M","R","?","R","T","R","E","?","$","M","R","BOSS","M","?","?","?","M"],"build_version":"2018-12-20","purchased_purges":1,"victory":false,"max_hp_per_floor":[70,70,70,70,70,70,70,70,70,70,70,70,70,70,70,70,70,70,70,70,70,70],"card_choices":[{"not_picked":["Dodge and Roll","Masterful Stab"],"picked":"Backflip","floor":1},{"not_picked":["Expertise","Underhanded Strike"],"picked":"Dagger Spray","floor":2},{"not_picked":["Outmaneuver","Poisoned Stab"],"picked":"Noxious Fumes","floor":4},{"not_picked":["Outmaneuver","Backflip","Flechettes"],"picked":"SKIP","floor":5},{"not_picked":["Bouncing Flask","Die Die Die"],"picked":"Backstab","floor":11},{"not_picked":["Blade Dance","PiercingWail"],"picked":"Noxious Fumes","floor":12},{"not_picked":["Blade Dance","Underhanded Strike"],"picked":"Terror","floor":14},{"not_picked":["Infinite Blades","Acrobatics"],"picked":"Predator","floor":15},{"not_picked":["After Image","Unload"],"picked":"Wraith Form v2","floor":16},{"not_picked":["Slice","Riddle With Holes"],"picked":"PiercingWail","floor":18},{"not_picked":["Deflect","Quick Slash","Grand Finale"],"picked":"SKIP","floor":20}],"player_experience":128694,"relics_obtained":[{"floor":9,"key":"Shovel"},{"floor":10,"key":"Dodecahedron"},{"floor":11,"key":"Dream Catcher"}],"event_choices":[{"damage_healed":0,"gold_gain":0,"player_choice":"Forge","damage_taken":0,"max_hp_gain":0,"max_hp_loss":0,"event_name":"Accursed Blacksmith","floor":7,"gold_loss":0,"cards_upgraded":["Noxious Fumes"]},{"damage_healed":0,"gold_gain":0,"player_choice":"Copied","damage_taken":0,"max_hp_gain":0,"max_hp_loss":0,"event_name":"Duplicator","floor":19,"gold_loss":0,"cards_obtained":["Noxious Fumes"]},{"damage_healed":0,"gold_gain":0,"player_choice":"Smashed Altar","damage_taken":0,"max_hp_gain":0,"max_hp_loss":0,"event_name":"Forgotten Altar","floor":21,"gold_loss":0,"cards_obtained":["Decay"]}],"is_beta":false,"boss_relics":[{"not_picked":["Pandora\u0027s Box","Runic Dome"],"picked":"Sozu"}],"items_purged_floors":[13],"is_endless":false,"potions_floor_spawned":[4,12],"killed_by":"Shelled Parasite and Fungi","ascension_level":4}