{"gold_per_floor":[116,116,136,154,169,169,24,99,99,109,122,122,17,37,37,136,136,149,166,166],"floor_reached":20,"playtime":1565,"items_purged":[],"score":168,"play_id":"c7857f03-a189-416a-ab57-e7ada3cbbea5","local_time":"20190830190313","is_ascension_mode":false,"campfire_choices":[{"data":"Flex","floor":6,"key":"SMITH"},{"data":"Double Tap","floor":12,"key":"SMITH"},{"data":"Armaments","floor":15,"key":"SMITH"}],"neow_cost":"NONE","seed_source_timestamp":2580007868774618,"circlet_count":0,"master_deck":["Strike_R","Strike_R","Strike_R","Strike_R","Strike_R","Defend_R","Defend_R","Defend_R","Defend_R","Bash","Purity","Flame Barrier","Iron Wave","Pommel Strike","Flex+1","Double Tap+1","Pommel Strike","Armaments+1","Seeing Red","Whirlwind","Anger","Limit Break","Carnage","Perfected Strike+1"],"relics":["Burning Blood","Kunai","Mark of Pain"],"potions_floor_usage":[4,16,16,16],"damage_taken":[{"damage":2,"enemies":"Small Slimes","floor":1,"turns":4},{"damage":9,"enemies":"Jaw Worm","floor":3,"turns":5},{"damage":1,"enemies":"Cultist","floor":4,"turns":4},{"damage":11,"enemies":"Gremlin Gang","floor":5,"turns":5},{"damage":0,"enemies":"3 Louse","floor":10,"turns":3},{"damage":7,"enemies":"2 Fungi Beasts","floor":11,"turns":4},{"damage":5,"enemies":"Looter","floor":14,"turns":3},{"damage":52,"enemies":"Slime Boss","floor":16,"turns":12},{"damage":12,"enemies":"Spheric Guardian","floor":18,"turns":4},{"damage":21,"enemies":"3 Byrds","floor":19,"turns":4},{"damage":61,"enemies":"Shelled Parasite and Fungi","floor":20,"turns":6}],"seed_played":"-6053024399148060483","potions_obtained":[{"floor":3,"key":"AttackPotion"},{"floor":5,"key":"Weak Potion"},{"floor":10,"key":"Poison Potion"},{"floor":11,"key":"LiquidBronze"}],"is_trial":false,"path_per_floor":["M","?","M","M","M","R","$","?","T","M","M","R","$","M","R","B",null,"M","M","M"],"character_chosen":"IRONCLAD","items_purchased":["Double Tap","Seeing Red","Whirlwind"],"campfire_rested":0,"item_purchase_floors":[7,13,13],"current_hp_per_floor":[80,80,77,80,75,75,75,64,64,70,69,69,69,70,70,24,80,74,59,0],"gold":166,"neow_bonus":"RANDOM_COLORLESS","is_prod":false,"is_daily":false,"chose_seed":false,"campfire_upgraded":3,"win_rate":0.0,"timestamp":1567209793,"path_taken":["M","?","M","M","M","R","$","?","T","M","M","R","?","M","R","BOSS","M","?","?"],"build_version":"2019-07-17","purchased_purges":0,"victory":false,"max_hp_per_floor":[80,80,80,80,80,80,80,80,80,80,80,80,80,80,80,80,80,80,80,80],"card_choices":[{"not_picked":["Seeing Red","Armaments"],"picked":"Flame Barrier","floor":1},{"not_picked":["True Grit","Shrug It Off"],"picked":"Iron Wave","floor":3},{"not_picked":["Fiend Fire","Warcry"],"picked":"Pommel Strike","floor":4},{"not_picked":["Entrench","Shrug It Off"],"picked":"Flex","floor":5},{"not_picked":["Clash","True Grit"],"picked":"Pommel Strike","floor":10},{"not_picked":["Cleave","Shrug It Off"],"picked":"Armaments","floor":11},{"not_picked":["Corruption","Cleave"],"picked":"Anger","floor":14},{"not_picked":["Reaper","Barricade"],"picked":"Limit Break","floor":16},{"not_picked":["Feel No Pain+1","True Grit+1"],"picked":"Carnage","floor":18},{"not_picked":["Warcry","Iron Wave"],"picked":"Perfected Strike+1","floor":19}],"player_experience":21132,"relics_obtained":[{"floor":9,"key":"Kunai"}],"event_choices":[{"damage_healed":0,"gold_gain":0,"player_choice":"Ignored","damage_taken":0,"max_hp_gain":0,"max_hp_loss":0,"event_name":"Golden Wing","floor":2,"gold_loss":0},{"damage_healed":0,"gold_gain":75,"player_choice":"Gather Gold","damage_taken":11,"max_hp_gain":0,"max_hp_loss":0,"event_name":"World of Goop","floor":8,"gold_loss":0}],"is_beta":false,"boss_relics":[{"not_picked":["Empty Cage","Fusion Hammer"],"picked":"Mark of Pain"}],"items_purged_floors":[],"is_endless":false,"potions_floor_spawned":[3,5,10,11,14],"killed_by":"Shelled Parasite and Fungi","ascension_level":0}