{"gold_per_floor":[119,119,132,59,59,88,88,88,113,129,143,158,186,203,203,305,305,316,316,241,340,353,353,366,391,391,404,38,38],"floor_reached":29,"playtime":1158,"items_purged":[],"score":294,"play_id":"303c352a-143d-4408-b751-bb743084557c","local_time":"20181116153822","is_ascension_mode":true,"campfire_choices":[{"floor":8,"key":"REST"},{"data":"Fire Breathing","floor":15,"key":"SMITH"},{"data":"Double Tap","floor":23,"key":"SMITH"}],"neow_cost":"NONE","seed_source_timestamp":1109547936093285,"circlet_count":0,"master_deck":["Strike_R+1","Strike_R","Strike_R","Strike_R","Strike_R","Defend_R+1","Defend_R+1","Bash","Pommel Strike","Seeing Red+1","Rampage","Fire Breathing","Fire Breathing+1","Double Tap+1","Clothesline+1","Infernal Blade","Metamorphosis"],"relics":["Burning Blood","Ice Cream","Bag of Marbles","Odd Mushroom","Mark of Pain","Gremlin Horn","War Paint","WingedGreaves","Strange Spoon"],"potions_floor_usage":[6,13,22,24,27],"damage_taken":[{"damage":6,"enemies":"Cultist","floor":1,"turns":3},{"damage":12,"enemies":"Jaw Worm","floor":3,"turns":2},{"damage":18,"enemies":"Gremlin Nob","floor":6,"turns":3},{"damage":8,"enemies":"2 Louse","floor":10,"turns":2},{"damage":3,"enemies":"Blue Slaver","floor":11,"turns":2},{"damage":1,"enemies":"2 Fungi Beasts","floor":12,"turns":3},{"damage":5,"enemies":"The Mushroom Lair","floor":13,"turns":3},{"damage":12,"enemies":"Looter","floor":14,"turns":3},{"damage":64,"enemies":"Slime Boss","floor":16,"turns":9},{"damage":12,"enemies":"Chosen","floor":18,"turns":3},{"damage":30,"enemies":"2 Thieves","floor":22,"turns":3},{"damage":18,"enemies":"Cultist and Chosen","floor":24,"turns":4},{"damage":18,"enemies":"Gremlin Leader","floor":25,"turns":5},{"damage":19,"enemies":"Centurion and Healer","floor":27,"turns":3},{"damage":20,"enemies":"Shelled Parasite and Fungi","floor":29,"turns":2}],"seed_played":"8913139833721720207","potions_obtained":[{"floor":3,"key":"Fruit Juice"},{"floor":11,"key":"Fire Potion"},{"floor":12,"key":"LiquidBronze"},{"floor":18,"key":"Ancient Potion"},{"floor":25,"key":"PowerPotion"}],"is_trial":false,"path_per_floor":["M","?","M","$","?","E","?","R","T","M","M","M","?","M","R","B",null,"M","?","?","?","M","R","M","E","T","M","$","M"],"character_chosen":"IRONCLAD","items_purchased":["Rampage","Metamorphosis","Strange Spoon"],"campfire_rested":1,"item_purchase_floors":[4,28,28],"current_hp_per_floor":[80,80,74,74,58,51,43,68,68,66,69,74,75,69,69,11,85,79,79,79,79,55,55,43,31,31,18,18,0],"gold":38,"neow_bonus":"REMOVE_CARD","is_prod":false,"is_daily":false,"chose_seed":false,"campfire_upgraded":2,"win_rate":0,"timestamp":1542379102,"path_taken":["M","?","M","$","?","E","?","R","T","M","?","M","?","M","R","BOSS","M","?","?","?","M","R","?","E","T","M","$","M"],"build_version":"2018-11-15","purchased_purges":0,"victory":false,"max_hp_per_floor":[80,80,80,80,80,85,85,85,85,85,85,85,85,85,85,85,85,85,85,85,85,85,85,85,85,85,85,85,85],"card_choices":[{"not_picked":["Shrug It Off","Second Wind"],"picked":"Pommel Strike","floor":1},{"not_picked":["Clothesline","Iron Wave"],"picked":"Seeing Red","floor":3},{"not_picked":["Cleave","Iron Wave","Thunderclap"],"picked":"SKIP","floor":6},{"not_picked":["Heavy Blade","Body Slam","Iron Wave"],"picked":"SKIP","floor":10},{"not_picked":["Evolve","Body Slam"],"picked":"Fire Breathing","floor":11},{"not_picked":["Bloodletting","Limit Break","Dropkick"],"picked":"SKIP","floor":12},{"not_picked":["Havoc","Pommel Strike"],"picked":"Fire Breathing","floor":14},{"not_picked":["Impervious","Juggernaut"],"picked":"Double Tap","floor":16},{"not_picked":["Corruption+1","Havoc"],"picked":"Clothesline+1","floor":18},{"not_picked":["Bloodletting+1","Havoc","True Grit"],"picked":"SKIP","floor":22},{"not_picked":["Spot Weakness","Sword Boomerang","Twin Strike"],"picked":"SKIP","floor":24},{"not_picked":["Whirlwind","Fire Breathing"],"picked":"Infernal Blade","floor":25},{"not_picked":["Twin Strike+1","Wild Strike","Burning Pact"],"picked":"SKIP","floor":27}],"player_experience":275476,"relics_obtained":[{"floor":6,"key":"Ice Cream"},{"floor":9,"key":"Bag of Marbles"},{"floor":13,"key":"Odd Mushroom"},{"floor":25,"key":"War Paint"},{"floor":26,"key":"WingedGreaves"}],"event_choices":[{"cards_removed":["Defend_R"],"damage_healed":0,"gold_gain":0,"player_choice":"Forget","damage_taken":0,"max_hp_gain":0,"max_hp_loss":0,"event_name":"Living Wall","floor":2,"gold_loss":0},{"damage_healed":0,"gold_gain":0,"player_choice":"Entered Light","damage_taken":16,"max_hp_gain":0,"max_hp_loss":0,"event_name":"Shining Light","floor":5,"gold_loss":0,"cards_upgraded":["Seeing Red","Strike_R"]},{"damage_healed":0,"gold_gain":0,"player_choice":"Damaged","damage_taken":8,"max_hp_gain":0,"max_hp_loss":0,"event_name":"Wheel of Change","floor":7,"gold_loss":0},{"damage_healed":0,"gold_gain":0,"player_choice":"Fought Mushrooms","damage_taken":0,"max_hp_gain":0,"max_hp_loss":0,"event_name":"Mushrooms","floor":13,"gold_loss":0},{"damage_healed":0,"gold_gain":0,"player_choice":"Stole Relic","damage_taken":0,"relics_obtained":["Gremlin Horn"],"max_hp_gain":0,"max_hp_loss":0,"event_name":"Addict","floor":19,"gold_loss":0,"cards_obtained":["Shame"]},{"cards_removed":["Shame"],"damage_healed":0,"gold_gain":0,"player_choice":"Gave Gold","damage_taken":0,"max_hp_gain":0,"max_hp_loss":0,"event_name":"Beggar","floor":20,"gold_loss":75},{"damage_healed":0,"gold_gain":99,"player_choice":"Stole From Cult","damage_taken":0,"max_hp_gain":0,"max_hp_loss":0,"event_name":"Nest","floor":21,"gold_loss":0}],"is_beta":false,"boss_relics":[{"not_picked":["Ectoplasm","Runic Cube"],"picked":"Mark of Pain"}],"items_purged_floors":[],"is_endless":false,"potions_floor_spawned":[3,11,12,18,25],"killed_by":"Shelled Parasite and Fungi","ascension_level":4}