{"gold_per_floor":[113,113,124,141,13,46,61,61,61,91,91,102,82,7,7,7],"floor_reached":16,"playtime":1039,"items_purged":["Regret"],"score":171,"play_id":"963ebc13-e5d5-4b43-a58a-4dfcb9033ff0","local_time":"20190715205910","is_ascension_mode":true,"campfire_choices":[{"floor":8,"key":"REST"},{"floor":15,"key":"REST"}],"neow_cost":"NONE","seed_source_timestamp":117129910713929,"circlet_count":0,"master_deck":["AscendersBane","Strike_B","Strike_B","Strike_B","Strike_B","Defend_B","Defend_B","Defend_B","Defend_B","Zap","Dualcast","BootSequence","Hologram","Streamline","All For One","Self Repair","Auto Shields","Regret","Scrape","Gash"],"relics":["Cursed Key","Singing Bowl","Darkstone Periapt","Sundial","Gremlin Horn"],"potions_floor_usage":[6,6,12,16,16,16],"damage_taken":[{"damage":4,"enemies":"2 Louse","floor":1,"turns":3},{"damage":14,"enemies":"Small Slimes","floor":3,"turns":4},{"damage":3,"enemies":"Jaw Worm","floor":4,"turns":4},{"damage":20,"enemies":"Gremlin Nob","floor":6,"turns":4},{"damage":8,"enemies":"Gremlin Gang","floor":7,"turns":6},{"damage":53,"enemies":"Lagavulin","floor":10,"turns":11},{"damage":4,"enemies":"Exordium Wildlife","floor":12,"turns":3},{"damage":39,"enemies":"Hexaghost","floor":16,"turns":9}],"seed_played":"1402740982390474327","potions_obtained":[{"floor":1,"key":"SpeedPotion"},{"floor":7,"key":"Fire Potion"},{"floor":12,"key":"EntropicBrew"}],"is_trial":false,"path_per_floor":["M","?","M","M","$","E","M","R","T","E","?","M","?","$","R","B"],"character_chosen":"DEFECT","items_purchased":["All For One","PowerPotion"],"campfire_rested":2,"item_purchase_floors":[5,5],"current_hp_per_floor":[64,64,50,47,47,27,26,48,54,8,8,11,11,11,35,0],"gold":7,"neow_bonus":"BOSS_RELIC","is_prod":false,"is_daily":false,"chose_seed":false,"campfire_upgraded":0,"win_rate":0,"timestamp":1563238750,"path_taken":["M","?","M","M","$","E","M","R","T","E","?","M","?","$","R","BOSS"],"build_version":"2019-07-05","purchased_purges":1,"victory":false,"max_hp_per_floor":[75,75,75,75,75,75,75,75,81,81,81,81,81,81,81,81],"card_choices":[{"not_picked":["Glacier","Steam"],"picked":"BootSequence","floor":1},{"not_picked":["Sweeping Beam","Gash"],"picked":"Hologram","floor":3},{"not_picked":["Melter","Steam"],"picked":"Streamline","floor":4},{"not_picked":["Sunder","Steam"],"picked":"Self Repair","floor":6},{"not_picked":["Cold Snap","Lockon"],"picked":"Auto Shields","floor":7},{"not_picked":["Machine Learning","Force Field"],"picked":"Scrape","floor":10},{"not_picked":["Redo","Steam"],"picked":"Gash","floor":12}],"player_experience":245808,"relics_obtained":[{"floor":6,"key":"Darkstone Periapt"},{"floor":9,"key":"Sundial"},{"floor":10,"key":"Gremlin Horn"}],"event_choices":[{"damage_healed":0,"gold_gain":0,"player_choice":"Box","damage_taken":0,"relics_obtained":["Singing Bowl"],"max_hp_gain":0,"max_hp_loss":0,"event_name":"Big Fish","floor":2,"gold_loss":0,"cards_obtained":["Regret"]},{"damage_healed":0,"gold_gain":0,"player_choice":"Ignored","damage_taken":0,"max_hp_gain":0,"max_hp_loss":0,"event_name":"Shining Light","floor":11,"gold_loss":0},{"damage_healed":0,"gold_gain":0,"player_choice":"Left Gold","damage_taken":0,"max_hp_gain":0,"max_hp_loss":0,"event_name":"World of Goop","floor":13,"gold_loss":20}],"is_beta":false,"boss_relics":[],"items_purged_floors":[14],"is_endless":false,"potions_floor_spawned":[1,7,12],"killed_by":"Hexaghost","ascension_level":11}