{"gold_per_floor":[111,64,14,14,30,65,85,70,70,70,70,70,103,119,119,223,223],"floor_reached":17,"playtime":560,"items_purged":[],"score":285,"play_id":"0a89d9d9-2540-4439-aa50-bf9fe17d479a","local_time":"20190825214745","is_ascension_mode":true,"campfire_choices":[{"data":"Sword Boomerang","floor":10,"key":"SMITH"},{"floor":15,"key":"REST"}],"neow_cost":"NONE","seed_source_timestamp":906866285392800,"circlet_count":0,"master_deck":["AscendersBane","Strike_R","Strike_R","Strike_R","Strike_R","Defend_R","Defend_R+1","Defend_R","Bash","Flex","Shrug It Off","Flame Barrier","Pommel Strike+1","Sword Boomerang+1","Headbutt","Whirlwind","Impervious","Parasite","Pain","Parasite"],"relics":["Burning Blood","NeowsBlessing","Dodecahedron","Kunai","Bronze Scales","PreservedInsect","Calling Bell","Regal Pillow","Molten Egg 2","Bird Faced Urn"],"potions_floor_usage":[13],"damage_taken":[{"damage":0,"enemies":"Cultist","floor":1,"turns":1},{"damage":0,"enemies":"2 Louse","floor":5,"turns":1},{"damage":0,"enemies":"3 Sentries","floor":6,"turns":2},{"damage":0,"enemies":"Small Slimes","floor":7,"turns":3},{"damage":11,"enemies":"Exordium Thugs","floor":8,"turns":4},{"damage":24,"enemies":"Lagavulin","floor":13,"turns":5},{"damage":20,"enemies":"3 Louse","floor":14,"turns":3},{"damage":27,"enemies":"The Guardian","floor":16,"turns":14}],"seed_played":"-2837972074997920098","potions_obtained":[{"floor":5,"key":"SteroidPotion"},{"floor":6,"key":"Energy Potion"},{"floor":16,"key":"Fire Potion"}],"is_trial":false,"path_per_floor":["M","$","?","?","M","E","M","M","T","R","T","?","E","M","R","B",null],"character_chosen":"IRONCLAD","items_purchased":["Shrug It Off"],"campfire_rested":1,"item_purchase_floors":[2],"current_hp_per_floor":[78,78,78,78,80,80,80,75,75,75,75,59,41,27,51,30,30],"gold":223,"neow_bonus":"THREE_ENEMY_KILL","is_prod":false,"is_daily":false,"chose_seed":false,"campfire_upgraded":1,"win_rate":0,"timestamp":1566737265,"path_taken":["M","?","?","?","?","E","M","M","T","R","?","?","E","M","R","BOSS"],"build_version":"2019-07-17","purchased_purges":0,"victory":false,"max_hp_per_floor":[80,80,80,80,80,80,80,80,80,80,80,80,80,80,80,80,80],"card_choices":[{"not_picked":["Sword Boomerang","Headbutt"],"picked":"Flex","floor":1},{"not_picked":["Sever Soul","Havoc"],"picked":"Flame Barrier","floor":5},{"not_picked":["Disarm","Demon Form"],"picked":"Pommel Strike","floor":6},{"not_picked":["Perfected Strike","Havoc","Blood for Blood"],"picked":"SKIP","floor":7},{"not_picked":["Perfected Strike","Havoc","Blood for Blood"],"picked":"SKIP","floor":7},{"not_picked":["Disarm","Corruption"],"picked":"Sword Boomerang","floor":8},{"not_picked":["Seeing Red","Iron Wave"],"picked":"Headbutt","floor":13},{"not_picked":["Combust","Dropkick"],"picked":"Whirlwind","floor":14},{"not_picked":["Fiend Fire","Juggernaut"],"picked":"Impervious","floor":16}],"player_experience":216726,"relics_obtained":[{"floor":6,"key":"Dodecahedron"},{"floor":9,"key":"Kunai"},{"floor":11,"key":"Bronze Scales"},{"floor":13,"key":"PreservedInsect"},{"floor":17,"key":"Regal Pillow"},{"floor":17,"key":"Molten Egg 2"},{"floor":17,"key":"Bird Faced Urn"}],"event_choices":[{"cards_removed":["Defend_R"],"damage_healed":0,"gold_gain":0,"player_choice":"Card Removal","damage_taken":0,"max_hp_gain":0,"max_hp_loss":0,"event_name":"The Cleric","floor":3,"gold_loss":50},{"cards_removed":["Strike_R"],"damage_healed":0,"gold_gain":0,"player_choice":"Forget","damage_taken":0,"max_hp_gain":0,"max_hp_loss":0,"event_name":"Living Wall","floor":4,"gold_loss":0},{"damage_healed":0,"gold_gain":0,"player_choice":"Entered Light","damage_taken":16,"max_hp_gain":0,"max_hp_loss":0,"event_name":"Shining Light","floor":12,"gold_loss":0,"cards_upgraded":["Defend_R","Pommel Strike"]}],"is_beta":false,"boss_relics":[{"not_picked":["Eternal Feather","Runic Cube"],"picked":"Calling Bell"}],"items_purged_floors":[],"is_endless":false,"potions_floor_spawned":[5,6,16],"ascension_level":10}