{"gold_per_floor":[210,360,285,298,298,298,321,338,338,338,84,99,128,4,4,4],"floor_reached":16,"playtime":1014,"items_purged":["Doubt"],"score":191,"play_id":"385f3fe6-2736-40c8-baa8-6e79b45c0031","local_time":"20190801214620","is_ascension_mode":true,"campfire_choices":[{"data":"Zap","floor":6,"key":"SMITH"},{"floor":10,"key":"REST"},{"data":"Hologram","floor":15,"key":"SMITH"}],"neow_cost":"NONE","seed_source_timestamp":164890638625134,"circlet_count":0,"master_deck":["AscendersBane","Strike_B","Strike_B","Strike_B","Strike_B","Defend_B","Defend_B","Defend_B","Defend_B","Zap+1","Dualcast","Chill","Compile Driver","Sunder","Turbo","Hologram+1","Ball Lightning","Conserve Battery","Machine Learning","Capacitor","Tempest"],"relics":["Cracked Core","Boot","Odd Mushroom","Anchor","Regal Pillow","Pocketwatch"],"potions_floor_usage":[16],"damage_taken":[{"damage":5,"enemies":"Small Slimes","floor":1,"turns":4},{"damage":2,"enemies":"Jaw Worm","floor":4,"turns":4},{"damage":8,"enemies":"The Mushroom Lair","floor":7,"turns":6},{"damage":0,"enemies":"Cultist","floor":8,"turns":3},{"damage":5,"enemies":"Exordium Wildlife","floor":12,"turns":4},{"damage":9,"enemies":"3 Sentries","floor":13,"turns":7},{"damage":55,"enemies":"Slime Boss","floor":16,"turns":6}],"seed_played":"7308963171815378686","potions_obtained":[{"floor":7,"key":"Poison Potion"},{"floor":8,"key":"SkillPotion"}],"is_trial":false,"path_per_floor":["M","?","$","M","?","R","?","M","T","R","$","M","E","$","R","B"],"character_chosen":"DEFECT","items_purchased":["Regal Pillow","Hologram","Ball Lightning","Capacitor","Tempest"],"campfire_rested":1,"item_purchase_floors":[11,11,11,14,14],"current_hp_per_floor":[59,59,59,57,46,46,38,38,38,59,59,54,45,45,45,0],"gold":4,"neow_bonus":"HUNDRED_GOLD","is_prod":false,"is_daily":false,"chose_seed":false,"campfire_upgraded":2,"win_rate":0,"timestamp":1564710380,"path_taken":["M","?","$","M","?","R","?","M","T","R","$","M","E","$","R","BOSS"],"build_version":"2019-07-17","purchased_purges":1,"victory":false,"max_hp_per_floor":[71,71,71,71,71,71,71,71,71,71,71,71,71,71,71,71],"card_choices":[{"not_picked":["Compile Driver","Leap"],"picked":"Chill","floor":1},{"not_picked":["Aggregate","Skim"],"picked":"Compile Driver","floor":4},{"not_picked":["Streamline","Static Discharge"],"picked":"Sunder","floor":7},{"not_picked":["Recycle","Storm"],"picked":"Turbo","floor":8},{"not_picked":["Sweeping Beam","Gash"],"picked":"Conserve Battery","floor":12},{"not_picked":["Turbo","Steam"],"picked":"Machine Learning","floor":13}],"player_experience":327473,"relics_obtained":[{"floor":7,"key":"Odd Mushroom"},{"floor":9,"key":"Anchor"},{"floor":13,"key":"Pocketwatch"}],"event_choices":[{"damage_healed":0,"gold_gain":150,"player_choice":"AGREE","damage_taken":0,"max_hp_gain":0,"max_hp_loss":0,"event_name":"Liars Game","floor":2,"gold_loss":0,"cards_obtained":["Doubt"]},{"damage_healed":0,"gold_gain":0,"player_choice":"Success","damage_taken":11,"relics_obtained":["Boot"],"max_hp_gain":0,"max_hp_loss":0,"event_name":"Scrap Ooze","floor":5,"gold_loss":0},{"damage_healed":0,"gold_gain":0,"player_choice":"Fought Mushrooms","damage_taken":0,"max_hp_gain":0,"max_hp_loss":0,"event_name":"Mushrooms","floor":7,"gold_loss":0}],"is_beta":false,"boss_relics":[],"items_purged_floors":[3],"is_endless":false,"potions_floor_spawned":[7,8,12],"killed_by":"Slime Boss","ascension_level":19}