{"gold_per_floor":[114,72,87,38,53,53,68,98,148,148,149,164,179,99,99,199,199,214,229,110,125,125,125,155,155,230,245,345,375,390,405,405,405],"floor_reached":33,"playtime":1927,"items_purged":[],"score":414,"play_id":"4cfa1764-9dc6-4641-8e88-9e04cc19f920","local_time":"20190822175537","daily_mods":["Cursed Run","Uncertain Future","DeadlyEvents"],"is_ascension_mode":false,"campfire_choices":[{"data":"Defragment","floor":6,"key":"SMITH"},{"floor":10,"key":"REST"},{"floor":15,"key":"REST"},{"floor":23,"key":"REST"},{"data":"Hyperbeam","floor":25,"key":"SMITH"},{"floor":32,"key":"REST"}],"neow_cost":"","seed_source_timestamp":643991064046100,"circlet_count":0,"master_deck":["Strike_B","Strike_B","Strike_B","Strike_B","Defend_B","Defend_B","Defend_B","Defend_B","Zap","Dualcast","Defragment+1","Streamline","Sweeping Beam","Ball Lightning","Tempest","Doom and Gloom","Parasite","FTL","Ball Lightning","Consume","BootSequence","Clumsy","Hyperbeam+1","Redo+1","Ball Lightning+1","Doom and Gloom","Deep Breath+1","Undo+1","Sweeping Beam","Decay","Ball Lightning","Conserve Battery","Redo+1","Genetic Algorithm","BootSequence"],"special_seed":18131,"relics":["Cursed Key","Darkstone Periapt","Du-Vu Doll","Bottled Flame","Blood Vial","Odd Mushroom","Sozu","War Paint","Matryoshka","Shovel","Mercury Hourglass","Torii"],"potions_floor_usage":[],"damage_taken":[{"damage":1,"enemies":"Jaw Worm","floor":1,"turns":3},{"damage":7,"enemies":"Small Slimes","floor":3,"turns":4},{"damage":2,"enemies":"2 Louse","floor":5,"turns":3},{"damage":1,"enemies":"2 Fungi Beasts","floor":7,"turns":2},{"damage":16,"enemies":"Gremlin Nob","floor":8,"turns":3},{"damage":22,"enemies":"The Mushroom Lair","floor":11,"turns":3},{"damage":7,"enemies":"Blue Slaver","floor":12,"turns":2},{"damage":4,"enemies":"Gremlin Gang","floor":13,"turns":3},{"damage":0,"enemies":"Slime Boss","floor":16,"turns":7},{"damage":9,"enemies":"Shell Parasite","floor":18,"turns":3},{"damage":5,"enemies":"2 Thieves","floor":19,"turns":2},{"damage":25,"enemies":"Sentry and Sphere","floor":21,"turns":4},{"damage":19,"enemies":"Slavers","floor":24,"turns":3},{"damage":0,"enemies":"Chosen and Byrds","floor":27,"turns":4},{"damage":0,"enemies":"Colosseum Slavers","floor":28,"turns":1},{"damage":16,"enemies":"Colosseum Nobs","floor":28,"turns":3},{"damage":39,"enemies":"Book of Stabbing","floor":29,"turns":4},{"damage":1,"enemies":"Centurion and Healer","floor":30,"turns":4},{"damage":22,"enemies":"Shelled Parasite and Fungi","floor":31,"turns":3},{"damage":30,"enemies":"Champ","floor":33,"turns":3}],"seed_played":"2764095048026629251","potions_obtained":[{"floor":3,"key":"SneckoOil"},{"floor":7,"key":"Explosive Potion"},{"floor":13,"key":"SpeedPotion"}],"is_trial":false,"path_per_floor":["M","?","M","$","M","R","M","E","T","R","?","M","M","$","R","B",null,"M","M","$","M","?","R","E","R","T","M","?","E","M","M","R","B"],"character_chosen":"DEFECT","items_purchased":["Sweeping Beam","BootSequence","Doom and Gloom","Deep Breath"],"campfire_rested":4,"item_purchase_floors":[4,14,20,20],"current_hp_per_floor":[74,74,67,67,65,65,64,48,54,78,58,53,51,51,75,83,87,78,75,75,52,52,78,61,61,67,69,57,20,21,1,28,0],"gold":405,"neow_bonus":"","is_prod":false,"is_daily":true,"chose_seed":false,"campfire_upgraded":2,"win_rate":0.0,"timestamp":1566521737,"path_taken":["M","?","M","$","M","R","M","E","T","R","?","M","M","?","R","BOSS","M","M","$","M","?","R","E","R","T","M","?","?","M","M","R","BOSS"],"build_version":"2019-07-17","purchased_purges":0,"victory":false,"max_hp_per_floor":[75,75,75,75,75,75,75,75,81,81,81,81,81,81,81,87,87,87,87,87,87,87,87,87,87,93,93,93,93,93,93,93,93],"card_choices":[{"not_picked":["Go for the Eyes","Redo"],"picked":"Defragment","floor":1},{"not_picked":["Stack","Hello World"],"picked":"Streamline","floor":3},{"not_picked":["Compile Driver","Rebound"],"picked":"Ball Lightning","floor":5},{"not_picked":["Seek","Steam"],"picked":"Tempest","floor":7},{"not_picked":["Compile Driver","Double Energy"],"picked":"Doom and Gloom","floor":8},{"not_picked":["Blizzard","Redo"],"picked":"FTL","floor":11},{"not_picked":["Fusion","Redo"],"picked":"Ball Lightning","floor":12},{"not_picked":["Gash","Coolheaded"],"picked":"Consume","floor":13},{"not_picked":["Buffer","Rainbow"],"picked":"Hyperbeam","floor":16},{"not_picked":["Go for the Eyes","Compile Driver"],"picked":"Redo+1","floor":18},{"not_picked":["Hologram","Redo"],"picked":"Ball Lightning+1","floor":19},{"not_picked":["Go for the Eyes","Darkness"],"picked":"Undo","floor":21},{"not_picked":["Beam Cell","Aggregate"],"picked":"Sweeping Beam","floor":24},{"not_picked":["Scrape","Coolheaded"],"picked":"Ball Lightning","floor":27},{"not_picked":["Creative AI","Recycle+1"],"picked":"Conserve Battery","floor":28},{"not_picked":["Conserve Battery","Defragment"],"picked":"Redo+1","floor":29},{"not_picked":["Undo+1","Leap"],"picked":"Genetic Algorithm","floor":30},{"not_picked":["Barrage+1","Steam+1"],"picked":"BootSequence","floor":31}],"player_experience":20685,"relics_obtained":[{"floor":8,"key":"Bottled Flame"},{"floor":9,"key":"Blood Vial"},{"floor":11,"key":"Odd Mushroom"},{"floor":24,"key":"War Paint"},{"floor":26,"key":"Matryoshka"},{"floor":28,"key":"Shovel"},{"floor":28,"key":"Mercury Hourglass"},{"floor":29,"key":"Torii"}],"event_choices":[{"damage_healed":0,"gold_gain":0,"player_choice":"Left Gold","damage_taken":0,"max_hp_gain":0,"max_hp_loss":0,"event_name":"World of Goop","floor":2,"gold_loss":42},{"damage_healed":0,"gold_gain":0,"player_choice":"Fought Mushrooms","damage_taken":0,"max_hp_gain":0,"max_hp_loss":0,"event_name":"Mushrooms","floor":11,"gold_loss":0},{"damage_healed":0,"gold_gain":0,"player_choice":"Ignored","damage_taken":0,"max_hp_gain":0,"max_hp_loss":0,"event_name":"The Mausoleum","floor":22,"gold_loss":0},{"damage_healed":0,"gold_gain":0,"player_choice":"Fight","damage_taken":0,"max_hp_gain":0,"max_hp_loss":0,"event_name":"Colosseum","floor":28,"gold_loss":0},{"damage_healed":0,"gold_gain":0,"player_choice":"Fought Nobs","damage_taken":0,"max_hp_gain":0,"max_hp_loss":0,"event_name":"Colosseum","floor":28,"gold_loss":0}],"is_beta":false,"boss_relics":[{"not_picked":["Lizard Tail","Coffee Dripper"],"picked":"Sozu"}],"items_purged_floors":[],"is_endless":false,"potions_floor_spawned":[3,7,13,18,19,24,28,31],"killed_by":"Champ","ascension_level":0}