{"gold_per_floor":[119,42,61,61,78,78,110,124,424,456,456,456,490,501,501,600,600,612,630,292,292,34,49,49,68,68,68,100,117,144,158,158,254,254,269,269,60,80,92,92,117,132,156,175,175,175,208,208,208,208,208,208,6,34,34],"floor_reached":55,"playtime":5857,"items_purged":["Strike_R"],"score":1087,"play_id":"0c286dd1-61e8-4ba0-a9dc-771ee9eb791b","local_time":"20190721005938","is_ascension_mode":true,"campfire_choices":[{"data":"Searing Blow","floor":6,"key":"SMITH"},{"floor":11,"key":"REST"},{"data":"Flame Barrier","floor":15,"key":"SMITH"},{"data":"Armaments","floor":24,"key":"SMITH"},{"data":"Searing Blow+1","floor":27,"key":"SMITH"},{"data":"Searing Blow+2","floor":32,"key":"SMITH"},{"data":"Searing Blow+3","floor":40,"key":"SMITH"},{"floor":45,"key":"RECALL"},{"data":"Body Slam","floor":49,"key":"SMITH"},{"floor":52,"key":"REST"}],"neow_cost":"NONE","seed_source_timestamp":170243312352348,"circlet_count":0,"master_deck":["Strike_R","Defend_R","Defend_R","Defend_R+1","Defend_R","Bash+1","Shrug It Off+1","Cleave","Searing Blow+4","Reckless Charge","Flame Barrier+1","Ghostly Armor","Juggernaut","Pommel Strike","Armaments+1","Impervious","Warcry+1","Metallicize","Secret Technique","Body Slam","Shockwave+1","Feel No Pain+1","Exhume+1","Mayhem","Body Slam+1","Shrug It Off+1","True Grit","Metallicize","Intimidate"],"relics":["Burning Blood","Bottled Lightning","Old Coin","Turnip","Juzu Bracelet","Busted Crown","Mummified Hand","Darkstone Periapt","Meat on the Bone","Du-Vu Doll","Astrolabe","Art of War","The Courier","War Paint","Dodecahedron"],"potions_floor_usage":[8,13,33,47,55,55,55],"damage_taken":[{"damage":7,"enemies":"2 Louse","floor":1,"turns":2},{"damage":0,"enemies":"Cultist","floor":3,"turns":2},{"damage":1,"enemies":"Small Slimes","floor":5,"turns":3},{"damage":29,"enemies":"Lagavulin","floor":7,"turns":5},{"damage":13,"enemies":"Exordium Thugs","floor":8,"turns":4},{"damage":36,"enemies":"3 Sentries","floor":10,"turns":13},{"damage":17,"enemies":"Lagavulin","floor":13,"turns":5},{"damage":5,"enemies":"3 Louse","floor":14,"turns":3},{"damage":12,"enemies":"The Guardian","floor":16,"turns":11},{"damage":0,"enemies":"3 Byrds","floor":18,"turns":2},{"damage":6,"enemies":"Shell Parasite","floor":19,"turns":5},{"damage":9,"enemies":"Sentry and Sphere","floor":23,"turns":4},{"damage":0,"enemies":"Snake Plant","floor":25,"turns":4},{"damage":6,"enemies":"Gremlin Leader","floor":28,"turns":8},{"damage":14,"enemies":"Snecko","floor":29,"turns":5},{"damage":30,"enemies":"Slavers","floor":30,"turns":6},{"damage":0,"enemies":"Centurion and Healer","floor":31,"turns":7},{"damage":6,"enemies":"Champ","floor":33,"turns":9},{"damage":15,"enemies":"3 Shapes","floor":35,"turns":4},{"damage":28,"enemies":"3 Darklings","floor":38,"turns":6},{"damage":26,"enemies":"Transient","floor":39,"turns":5},{"damage":0,"enemies":"Giant Head","floor":41,"turns":6},{"damage":0,"enemies":"4 Shapes","floor":42,"turns":4},{"damage":10,"enemies":"Maw","floor":44,"turns":7},{"damage":3,"enemies":"Reptomancer","floor":47,"turns":8},{"damage":52,"enemies":"Time Eater","floor":50,"turns":13},{"damage":42,"enemies":"Shield and Spear","floor":54,"turns":9},{"damage":58,"enemies":"The Heart","floor":55,"turns":6}],"seed_played":"3147002759016620463","potions_obtained":[{"floor":1,"key":"SkillPotion"},{"floor":7,"key":"Swift Potion"},{"floor":10,"key":"SkillPotion"},{"floor":13,"key":"Swift Potion"},{"floor":19,"key":"Poison Potion"},{"floor":25,"key":"PowerPotion"},{"floor":30,"key":"Strength Potion"},{"floor":38,"key":"Poison Potion"},{"floor":44,"key":"LiquidBronze"},{"floor":47,"key":"Strength Potion"}],"is_trial":false,"path_per_floor":["M","$","M","?","M","R","E","M","T","E","R","?","E","M","R","B",null,"M","M","$","?","$","M","R","M","T","R","E","M","E","M","R","B",null,"M","?","$","M","M","R","E","M","T","M","R","$","E","?","R","B",null,"R","$","E","B"],"character_chosen":"IRONCLAD","items_purchased":["Shrug It Off","Cleave","Metallicize","Secret Technique","Mummified Hand","Mayhem","Body Slam","Metallicize","War Paint","Intimidate"],"campfire_rested":2,"item_purchase_floors":[2,2,20,20,22,37,37,53,53,53],"current_hp_per_floor":[71,71,77,77,80,80,57,50,50,20,44,37,26,27,27,21,65,71,71,71,71,71,68,68,74,74,74,74,66,54,60,60,60,75,66,66,66,56,48,48,54,60,60,56,56,56,59,59,59,25,66,80,80,56,0],"gold":34,"neow_bonus":"UPGRADE_CARD","is_prod":false,"is_daily":false,"chose_seed":false,"campfire_upgraded":7,"win_rate":0,"timestamp":1563685178,"path_taken":["M","$","M","?","M","R","E","?","T","E","R","?","E","M","R","BOSS","M","M","$","?","?","M","R","M","T","R","E","M","E","M","R","BOSS","M","?","$","M","M","R","E","M","T","M","R","$","E","?","R","BOSS","R","$","E","BOSS"],"build_version":"2019-07-17","purchased_purges":1,"victory":false,"max_hp_per_floor":[80,80,80,80,80,80,80,80,80,80,80,80,80,80,80,80,80,80,80,80,80,80,80,80,80,80,80,80,80,80,80,80,80,80,80,80,80,80,80,80,80,80,80,80,80,80,80,80,80,80,80,80,80,80,80],"card_choices":[{"not_picked":["Entrench","Clothesline"],"picked":"Clash","floor":1},{"not_picked":["Body Slam","Dropkick"],"picked":"Searing Blow","floor":3},{"not_picked":["Blood for Blood","Entrench"],"picked":"Reckless Charge","floor":5},{"not_picked":["Anger","Thunderclap"],"picked":"Flame Barrier","floor":7},{"not_picked":["Clash","Blood for Blood"],"picked":"Ghostly Armor","floor":8},{"not_picked":["Barricade","Reckless Charge"],"picked":"Juggernaut","floor":10},{"not_picked":["Thunderclap","Flex"],"picked":"Pommel Strike","floor":13},{"not_picked":["Iron Wave","Spot Weakness"],"picked":"Armaments","floor":14},{"not_picked":["Double Tap","Exhume"],"picked":"Impervious","floor":16},{"not_picked":["Sever Soul"],"picked":"SKIP","floor":18},{"not_picked":[],"picked":"Warcry+1","floor":19},{"not_picked":["Clash+1"],"picked":"SKIP","floor":23},{"not_picked":["Perfected Strike"],"picked":"SKIP","floor":25},{"not_picked":["Whirlwind"],"picked":"SKIP","floor":28},{"not_picked":[],"picked":"Body Slam","floor":29},{"not_picked":["Cleave"],"picked":"SKIP","floor":30},{"not_picked":["Twin Strike"],"picked":"SKIP","floor":31},{"not_picked":["Heavy Blade+1"],"picked":"SKIP","floor":35},{"not_picked":[],"picked":"Shrug It Off+1","floor":38},{"not_picked":[],"picked":"Iron Wave+1","floor":39},{"not_picked":[],"picked":"True Grit","floor":41},{"not_picked":["Sword Boomerang+1"],"picked":"SKIP","floor":42},{"not_picked":["Second Wind"],"picked":"SKIP","floor":44},{"not_picked":["Corruption"],"picked":"SKIP","floor":47},{"not_picked":["Clash+1"],"picked":"SKIP","floor":54}],"player_experience":272285,"relics_obtained":[{"floor":7,"key":"Bottled Lightning"},{"floor":9,"key":"Old Coin"},{"floor":10,"key":"Turnip"},{"floor":13,"key":"Juzu Bracelet"},{"floor":26,"key":"Darkstone Periapt"},{"floor":28,"key":"Meat on the Bone"},{"floor":30,"key":"Du-Vu Doll"},{"floor":41,"key":"Art of War"},{"floor":47,"key":"The Courier"},{"floor":54,"key":"Dodecahedron"}],"event_choices":[{"damage_healed":0,"gold_gain":0,"player_choice":"Cursed","damage_taken":0,"max_hp_gain":0,"max_hp_loss":0,"event_name":"Wheel of Change","floor":4,"gold_loss":0,"cards_obtained":["Decay"]},{"cards_removed":["Decay"],"damage_healed":0,"gold_gain":0,"player_choice":"Card Removal","damage_taken":7,"max_hp_gain":0,"max_hp_loss":0,"event_name":"Golden Wing","floor":12,"gold_loss":0},{"cards_removed":["Strike_R"],"damage_healed":0,"gold_gain":0,"player_choice":"Purged","damage_taken":0,"max_hp_gain":0,"max_hp_loss":0,"event_name":"Purifier","floor":21,"gold_loss":0},{"damage_healed":0,"gold_gain":0,"player_choice":"Ignored","damage_taken":0,"max_hp_gain":0,"max_hp_loss":0,"event_name":"Tomb of Lord Red Mask","floor":36,"gold_loss":0},{"cards_removed":["Iron Wave"],"damage_healed":0,"gold_gain":0,"player_choice":"Removed Attack","damage_taken":0,"max_hp_gain":0,"max_hp_loss":0,"event_name":"Falling","floor":48,"gold_loss":0}],"is_beta":false,"boss_relics":[{"not_picked":["Orrery","Lizard Tail"],"picked":"Busted Crown"},{"not_picked":["Runic Pyramid","Pandora\u0027s Box"],"picked":"Astrolabe"}],"items_purged_floors":[20],"is_endless":false,"potions_floor_spawned":[1,7,10,13,19,23,25,30,38,39,44,47],"killed_by":"The Heart","ascension_level":7}