{"gold_per_floor":[114,129,129,144,159,189,189,204,204,234,234,271,286,301,301,401,401,416,116,131,446,461,461,491,506,531,531,546,157,72,87,87,187,187,202,202,52,52,55,55,55,85,85,100,130,145,160,190,190,190],"floor_reached":51,"playtime":3253,"items_purged":[],"score":996,"play_id":"7e391e98-4f8f-4eef-bfb7-2f39ad9e1f35","local_time":"20190821180723","daily_mods":["Insanity","Vintage","Lethality"],"is_ascension_mode":false,"campfire_choices":[{"data":"Searing Blow","floor":7,"key":"SMITH"},{"floor":15,"key":"REST"},{"floor":23,"key":"REST"},{"floor":27,"key":"REST"},{"floor":32,"key":"REST"},{"data":"Heavy Blade","floor":40,"key":"SMITH"},{"floor":49,"key":"REST"}],"neow_cost":"","seed_source_timestamp":0,"circlet_count":0,"master_deck":["Clothesline","Cleave","Blood for Blood","Armaments","Twin Strike","Anger","Combust","Pommel Strike","Pommel Strike","Intimidate","Anger","Feel No Pain","Shrug It Off","Sword Boomerang","Flex","Second Wind","Rampage","Armaments+1","Thunderclap","Anger","Heavy Blade","Cleave","Spot Weakness","Hemokinesis","Heavy Blade","Flex","Anger","Flame Barrier","Anger","Clothesline","Combust","Flame Barrier","Shrug It Off","Twin Strike","Rampage","Sword Boomerang","Power Through+1","Armaments","Heavy Blade+1","Battle Trance","Uppercut","Armaments","Headbutt","Whirlwind","Wild Strike","Clothesline","Sword Boomerang","Hemokinesis","Fire Breathing","Searing Blow+2","Iron Wave","Flex+1","Carnage","Feed","Metallicize","Infernal Blade+1","Thunderclap","Seeing Red+1","Heavy Blade+1","Armaments+1","Double Tap+1","Secret Weapon+1","Armaments+1","Limit Break+1","Warcry+1","Carnage+1","Perfected Strike+1"],"special_seed":18130,"relics":["Burning Blood","Pantograph","PreservedInsect","Charon\u0027s Ashes","StoneCalendar","Oddly Smooth Stone","Singing Bowl","Toxic Egg 2","Dream Catcher","Blue Candle","Letter Opener","Darkstone Periapt","Orrery","Happy Flower","Torii","Red Skull","Old Coin","Peace Pipe","Ornamental Fan","Pen Nib","Vajra","Mercury Hourglass","War Paint","Bag of Marbles","Snecko Eye","Mummified Hand","Lantern","Nunchaku","Sundial","Molten Egg 2","Bottled Lightning","Dead Branch","Anchor","Bag of Preparation","Ginger","Smiling Mask"],"potions_floor_usage":[25,47],"damage_taken":[{"damage":0,"enemies":"Jaw Worm","floor":1,"turns":1},{"damage":6,"enemies":"2 Louse","floor":2,"turns":2},{"damage":3,"enemies":"Small Slimes","floor":4,"turns":2},{"damage":3,"enemies":"Blue Slaver","floor":5,"turns":1},{"damage":21,"enemies":"Lagavulin","floor":6,"turns":3},{"damage":11,"enemies":"Looter","floor":8,"turns":3},{"damage":24,"enemies":"3 Sentries","floor":10,"turns":3},{"damage":6,"enemies":"3 Sentries","floor":12,"turns":3},{"damage":10,"enemies":"Gremlin Gang","floor":13,"turns":3},{"damage":3,"enemies":"2 Fungi Beasts","floor":14,"turns":2},{"damage":14,"enemies":"Slime Boss","floor":16,"turns":6},{"damage":33,"enemies":"Spheric Guardian","floor":18,"turns":4},{"damage":19,"enemies":"Shell Parasite","floor":20,"turns":4},{"damage":16,"enemies":"Cultist and Chosen","floor":21,"turns":3},{"damage":15,"enemies":"Centurion and Healer","floor":22,"turns":2},{"damage":41,"enemies":"Slavers","floor":24,"turns":3},{"damage":11,"enemies":"Snecko","floor":25,"turns":3},{"damage":39,"enemies":"Shelled Parasite and Fungi","floor":28,"turns":3},{"damage":0,"enemies":"Centurion and Healer","floor":31,"turns":2},{"damage":59,"enemies":"Champ","floor":33,"turns":8},{"damage":9,"enemies":"Orb Walker","floor":35,"turns":2},{"damage":12,"enemies":"2 Orb Walkers","floor":39,"turns":2},{"damage":0,"enemies":"Reptomancer","floor":42,"turns":1},{"damage":22,"enemies":"3 Darklings","floor":44,"turns":3},{"damage":3,"enemies":"Giant Head","floor":45,"turns":5},{"damage":0,"enemies":"Sphere and 2 Shapes","floor":46,"turns":1},{"damage":41,"enemies":"Maw","floor":47,"turns":6},{"damage":0,"enemies":"Reptomancer","floor":48,"turns":1},{"damage":51,"enemies":"Donu and Deca","floor":50,"turns":5}],"seed_played":"-3442902564217526476","potions_obtained":[{"floor":4,"key":"FearPotion"},{"floor":6,"key":"GamblersBrew"},{"floor":8,"key":"SteroidPotion"},{"floor":28,"key":"SkillPotion"},{"floor":33,"key":"Regen Potion"}],"is_trial":false,"path_per_floor":["M","M","?","M","M","E","R","M","T","E","?","?","M","M","R","B",null,"M","$","M","M","M","R","E","M","T","R","M","$","?","M","R","B",null,"M","?","$","?","?","R","T","E","T","M","E","M","M","E","R","B",null],"character_chosen":"IRONCLAD","items_purchased":["Torii","Armaments+1","Double Tap+1","Secret Weapon+1","Lantern"],"campfire_rested":5,"item_purchase_floors":[19,29,29,29,37],"current_hp_per_floor":[80,80,85,85,85,70,70,65,65,47,47,47,43,46,71,77,91,64,64,51,41,32,59,24,19,19,46,13,13,13,19,46,18,91,88,88,88,86,80,80,80,86,86,70,75,81,55,63,90,45],"gold":190,"neow_bonus":"","is_prod":false,"is_daily":true,"chose_seed":false,"campfire_upgraded":2,"win_rate":0.0,"timestamp":1566436043,"path_taken":["M","M","?","M","M","E","R","M","T","E","?","?","M","M","R","BOSS","M","$","M","M","M","R","E","M","T","R","M","$","?","M","R","BOSS","M","?","$","?","?","R","?","E","T","M","E","M","?","E","R","BOSS"],"build_version":"2019-07-17","purchased_purges":0,"victory":true,"max_hp_per_floor":[80,80,85,85,85,85,85,85,85,85,85,85,85,85,85,85,91,91,91,91,91,91,91,91,91,91,91,91,91,91,91,91,91,91,91,91,91,86,86,86,86,86,86,86,88,88,88,90,90,90],"card_choices":[{"not_picked":["Twin Strike","Second Wind"],"picked":"Searing Blow","floor":6},{"not_picked":["Disarm+1","Pummel"],"picked":"Iron Wave","floor":10},{"not_picked":["Disarm+1","Rupture"],"picked":"Flex+1","floor":12},{"not_picked":["Headbutt","Wild Strike"],"picked":"Carnage","floor":15},{"not_picked":["Impervious+1","Brutality"],"picked":"Feed","floor":16},{"not_picked":["Iron Wave","Dropkick"],"picked":"Metallicize","floor":17},{"not_picked":["Thunderclap","Second Wind+1"],"picked":"Infernal Blade+1","floor":17},{"not_picked":["Clothesline","Rampage","Metallicize"],"picked":"Singing Bowl","floor":17},{"not_picked":["Entrench+1","Combust","Clash"],"picked":"Singing Bowl","floor":17},{"not_picked":["Wild Strike","Twin Strike","Sword Boomerang"],"picked":"Singing Bowl","floor":17},{"not_picked":["Warcry+1","Body Slam"],"picked":"Thunderclap","floor":23},{"not_picked":["Reckless Charge","Thunderclap"],"picked":"Seeing Red+1","floor":24},{"not_picked":["Headbutt","Power Through+1"],"picked":"Heavy Blade+1","floor":27},{"not_picked":["Burning Pact+1","Iron Wave+1"],"picked":"Armaments+1","floor":32},{"not_picked":["Fiend Fire","Berserk"],"picked":"Limit Break+1","floor":33},{"not_picked":["True Grit+1","Cleave+1"],"picked":"Warcry+1","floor":39},{"not_picked":["Anger+1","Clash+1"],"picked":"Carnage+1","floor":42},{"not_picked":["Ghostly Armor+1","Uppercut+1","Spot Weakness+1"],"picked":"Singing Bowl","floor":45},{"not_picked":["Shrug It Off+1","Headbutt+1","True Grit+1"],"picked":"Singing Bowl","floor":48},{"not_picked":["Dark Embrace","Inflame+1"],"picked":"Perfected Strike+1","floor":49}],"player_experience":9538,"relics_obtained":[{"floor":1,"key":"Pantograph"},{"floor":2,"key":"PreservedInsect"},{"floor":4,"key":"Charon\u0027s Ashes"},{"floor":5,"key":"StoneCalendar"},{"floor":6,"key":"Oddly Smooth Stone"},{"floor":8,"key":"Singing Bowl"},{"floor":9,"key":"Toxic Egg 2"},{"floor":10,"key":"Dream Catcher"},{"floor":12,"key":"Blue Candle"},{"floor":13,"key":"Letter Opener"},{"floor":14,"key":"Darkstone Periapt"},{"floor":18,"key":"Happy Flower"},{"floor":20,"key":"Red Skull"},{"floor":21,"key":"Old Coin"},{"floor":22,"key":"Peace Pipe"},{"floor":24,"key":"Ornamental Fan"},{"floor":25,"key":"Pen Nib"},{"floor":26,"key":"Vajra"},{"floor":28,"key":"Mercury Hourglass"},{"floor":31,"key":"Bag of Marbles"},{"floor":35,"key":"Mummified Hand"},{"floor":39,"key":"Nunchaku"},{"floor":41,"key":"Sundial"},{"floor":42,"key":"Molten Egg 2"},{"floor":43,"key":"Bottled Lightning"},{"floor":44,"key":"Dead Branch"},{"floor":45,"key":"Anchor"},{"floor":46,"key":"Bag of Preparation"},{"floor":47,"key":"Ginger"},{"floor":48,"key":"Smiling Mask"}],"event_choices":[{"damage_healed":0,"gold_gain":0,"player_choice":"Donut","damage_taken":0,"max_hp_gain":5,"max_hp_loss":0,"event_name":"Big Fish","floor":3,"gold_loss":0},{"damage_healed":0,"gold_gain":0,"player_choice":"Grow","damage_taken":0,"max_hp_gain":0,"max_hp_loss":0,"event_name":"Living Wall","floor":11,"gold_loss":0,"cards_upgraded":["Searing Blow"]},{"damage_healed":0,"gold_gain":30,"player_choice":"Searched \u00272\u0027 times","damage_taken":0,"max_hp_gain":0,"max_hp_loss":0,"event_name":"Dead Adventurer","floor":12,"gold_loss":0},{"damage_healed":0,"gold_gain":0,"player_choice":"Obtained Relic","damage_taken":0,"relics_obtained":["War Paint"],"max_hp_gain":0,"max_hp_loss":0,"event_name":"Addict","floor":30,"gold_loss":85},{"cards_removed":["Body Slam"],"damage_healed":0,"gold_gain":0,"player_choice":"Removed Attack","damage_taken":0,"max_hp_gain":0,"max_hp_loss":0,"event_name":"Falling","floor":36,"gold_loss":0},{"damage_healed":0,"gold_gain":0,"player_choice":"Max HP","damage_taken":0,"max_hp_gain":0,"max_hp_loss":5,"event_name":"Winding Halls","floor":38,"gold_loss":0},{"damage_healed":0,"gold_gain":0,"player_choice":"Fight","damage_taken":0,"max_hp_gain":0,"max_hp_loss":0,"event_name":"Mysterious Sphere","floor":39,"gold_loss":0}],"is_beta":false,"boss_relics":[{"not_picked":["White Beast Statue","Coffee Dripper"],"picked":"Orrery"},{"not_picked":["Calling Bell","Runic Dome"],"picked":"Snecko Eye"}],"items_purged_floors":[],"is_endless":false,"potions_floor_spawned":[4,6,8,10,16,21,22,24,28,33,35,39,42,48],"ascension_level":0}