{"gold_per_floor":[112,112,129,145,161,186,186,28,28,28,61,78,78,78,78,177,177,191,191,46,46,62,62,95,95,95,19,19,32,32,52,52,154,154,170,0,16,67,67,392,392,392,392,39,39,49,23,39,39,39],"floor_reached":50,"playtime":2636,"items_purged":[],"score":571,"play_id":"24071d96-d649-4b8f-a9a0-33b601f63fc5","local_time":"20180722173708","is_ascension_mode":true,"campfire_choices":[{"floor":7,"key":"REST"},{"data":"All Out Attack","floor":10,"key":"SMITH"},{"data":"All Out Attack","floor":13,"key":"SMITH"},{"floor":15,"key":"REST"},{"floor":23,"key":"REST"},{"floor":25,"key":"REST"},{"floor":30,"key":"REST"},{"floor":32,"key":"REST"},{"floor":41,"key":"REST"},{"data":"Footwork","floor":45,"key":"SMITH"},{"floor":49,"key":"REST"}],"neow_cost":"","seed_source_timestamp":1838542262672904,"circlet_count":0,"master_deck":["Defend_G","Defend_G","Defend_G","Defend_G","Strike_G","Strike_G","Strike_G","Strike_G","Strike_G","Survivor","Neutralize","Noxious Fumes","Bane","All Out Attack+1","Sucker Punch","Dagger Spray","Noxious Fumes","Poisoned Stab","All Out Attack+1","All Out Attack+1","Flying Knee+1","Reflex","Die Die Die+1","Dagger Throw+1","Leg Sweep+1","Backflip+1","Unload+1","Quick Slash+1","Slice+1","Unload+1","Slice+1","Slice+1","Dagger Spray+1","Footwork+1","Writhe","Clumsy","Flash of Steel+1","Setup","Dagger Spray+1","Dodge and Roll+1"],"relics":["Ring of the Snake","Bottled Flame","Kunai","Molten Egg 2","Lizard Tail","Nilry\u0027s Codex","Snake Skull","Paper Crane","Bottled Lightning","Cursed Key","Red Mask","Unceasing Top","Old Coin","Lantern","Shuriken"],"potions_floor_usage":[6,18,24,29,33,38,46,50],"damage_taken":[{"damage":1,"enemies":"2 Louse","floor":1,"turns":3},{"damage":8,"enemies":"Small Slimes","floor":3,"turns":4},{"damage":1,"enemies":"Cultist","floor":4,"turns":4},{"damage":13,"enemies":"3 Louse","floor":5,"turns":3},{"damage":26,"enemies":"Gremlin Nob","floor":6,"turns":5},{"damage":9,"enemies":"3 Sentries","floor":11,"turns":3},{"damage":0,"enemies":"Large Slime","floor":12,"turns":4},{"damage":57,"enemies":"The Guardian","floor":16,"turns":9},{"damage":3,"enemies":"Spheric Guardian","floor":18,"turns":3},{"damage":43,"enemies":"Shell Parasite","floor":22,"turns":4},{"damage":44,"enemies":"Book of Stabbing","floor":24,"turns":7},{"damage":11,"enemies":"Sentry and Sphere","floor":29,"turns":4},{"damage":13,"enemies":"Centurion and Healer","floor":31,"turns":6},{"damage":74,"enemies":"Collector","floor":33,"turns":9},{"damage":16,"enemies":"3 Shapes","floor":35,"turns":2},{"damage":18,"enemies":"3 Darklings","floor":37,"turns":4},{"damage":1,"floor":38,"turns":3},{"damage":3,"enemies":"Nemesis","floor":40,"turns":7},{"damage":10,"enemies":"Spire Growth","floor":46,"turns":4},{"damage":18,"enemies":"Sphere and 2 Shapes","floor":48,"turns":4},{"damage":65,"enemies":"Time Eater","floor":50,"turns":7}],"seed_played":"7492541294070426912","potions_obtained":[{"floor":1,"key":"Regen Potion"},{"floor":12,"key":"Fire Potion"},{"floor":16,"key":"LiquidBronze"},{"floor":24,"key":"Regen Potion"},{"floor":31,"key":"FearPotion"},{"floor":33,"key":"LiquidBronze"},{"floor":37,"key":"SkillPotion"},{"floor":38,"key":"Block Potion"}],"is_trial":false,"path_per_floor":["M","?","M","M","M","E","R","$","T","R","E","M","R","?","R","B",null,"M","?","$","?","M","R","E","R","T","$","?","M","R","M","R","B",null,"M","?","M","?","$","E","R","?","T","$","R","M","$","M","R"],"character_chosen":"THE_SILENT","items_purchased":["Noxious Fumes","Poisoned Stab","All Out Attack","Snake Skull","Unload+1","Shuriken","Flash of Steel+1","Dagger Spray+1"],"campfire_rested":8,"item_purchase_floors":[8,8,8,20,27,44,44,47],"current_hp_per_floor":[69,69,61,60,47,33,54,54,54,54,45,45,45,45,66,9,70,67,51,51,70,27,48,4,25,25,25,25,23,44,31,52,18,70,54,54,36,35,35,32,53,70,70,70,70,60,60,42,63,0],"gold":39,"neow_bonus":"","is_prod":false,"is_daily":false,"chose_seed":false,"campfire_upgraded":3,"win_rate":0,"timestamp":1532273828,"path_taken":["M","?","M","M","M","E","R","$","T","R","E","M","R","?","R","BOSS","M","?","$","?","M","R","E","R","T","$","?","M","R","M","R","BOSS","M","?","?","?","$","E","R","?","T","?","R","M","$","?","R","BOSS"],"build_version":"2018-07-19v2","purchased_purges":0,"victory":false,"max_hp_per_floor":[70,70,70,70,70,70,70,70,70,70,70,70,70,70,70,70,70,70,70,70,70,70,70,70,70,70,70,70,70,70,70,70,70,70,70,70,70,70,70,70,70,70,70,70,70,70,70,70,70,70],"card_choices":[{"not_picked":["Backflip","Heel Hook"],"picked":"Noxious Fumes","floor":1},{"not_picked":["Predator","Poisoned Stab"],"picked":"Bane","floor":3},{"not_picked":["Deflect","Underhanded Strike"],"picked":"All Out Attack","floor":4},{"not_picked":["Slice","PiercingWail"],"picked":"Sucker Punch","floor":5},{"not_picked":["Slice","PiercingWail"],"picked":"Dagger Spray","floor":6},{"not_picked":["Escape Plan","Leg Sweep"],"picked":"All Out Attack","floor":11},{"not_picked":["Caltrops","Dagger Spray+1"],"picked":"Flying Knee+1","floor":12},{"not_picked":["Malaise","Adrenaline"],"picked":"Die Die Die+1","floor":16},{"not_picked":["Infinite Blades+1","Caltrops"],"picked":"Dagger Throw+1","floor":18},{"not_picked":["Crippling Poison","Deadly Poison"],"picked":"Leg Sweep+1","floor":22},{"not_picked":["Doppelganger","Acrobatics"],"picked":"Backflip+1","floor":24},{"not_picked":["Crippling Poison","Eviscerate+1"],"picked":"Quick Slash+1","floor":29},{"not_picked":["Dagger Throw+1","Heel Hook+1"],"picked":"Slice+1","floor":31},{"not_picked":["Corpse Explosion","Glass Knife+1"],"picked":"Unload+1","floor":33},{"not_picked":["Cloak And Dagger+1","Concentrate+1"],"picked":"Slice+1","floor":35},{"not_picked":["Calculated Gamble","PiercingWail"],"picked":"Slice+1","floor":37},{"not_picked":["Crippling Poison","Cloak And Dagger"],"picked":"Dagger Spray+1","floor":38},{"not_picked":["Well Laid Plans","Deadly Poison"],"picked":"Footwork","floor":40},{"not_picked":["PiercingWail","Sucker Punch+1"],"picked":"Setup","floor":46},{"not_picked":["Sucker Punch+1","Eviscerate+1"],"picked":"Dodge and Roll+1","floor":48}],"player_experience":180022,"relics_obtained":[{"floor":6,"key":"Bottled Flame"},{"floor":9,"key":"Kunai"},{"floor":11,"key":"Molten Egg 2"},{"floor":19,"key":"Nilry\u0027s Codex"},{"floor":24,"key":"Paper Crane"},{"floor":26,"key":"Bottled Lightning"},{"floor":38,"key":"Unceasing Top"},{"floor":40,"key":"Old Coin"},{"floor":43,"key":"Lantern"}],"event_choices":[{"event_name":"The Cleric","player_choice":"Leave","floor":2,"damage_taken":0},{"event_name":"Transmorgrifier","player_choice":"Transform","floor":14,"damage_taken":0},{"event_name":"Cursed Tome","player_choice":"Obtained Book","floor":19,"damage_taken":0},{"event_name":"The Library","player_choice":"Heal","floor":21,"damage_taken":0},{"event_name":"Ghosts","player_choice":"Ignored","floor":28,"damage_taken":0},{"event_name":"Tomb of Lord Red Mask","player_choice":"Paid","floor":36,"damage_taken":0},{"event_name":"Mysterious Sphere","player_choice":"Fight","floor":38,"damage_taken":0},{"event_name":"Winding Halls","player_choice":"Writhe","floor":42,"damage_taken":0}],"is_beta":false,"boss_relics":[{"not_picked":["Astrolabe","Fusion Hammer"],"picked":"Lizard Tail"},{"not_picked":["White Beast Statue","Philosopher\u0027s Stone"],"picked":"Cursed Key"}],"items_purged_floors":[],"is_endless":false,"potions_floor_spawned":[1,12,16,24,31,33,37,38],"killed_by":"Time Eater","ascension_level":2}