{"gold_per_floor":[111,286,298,298,74,74,100,100,169,195,195,195,215,146,146,146],"floor_reached":16,"playtime":497,"items_purged":[],"score":164,"play_id":"2d4848ad-331b-429c-a737-021c26875c16","local_time":"20181128203237","is_ascension_mode":true,"campfire_choices":[{"floor":6,"key":"RECALL"},{"data":"Noxious Fumes","floor":12,"key":"SMITH"},{"floor":15,"key":"REST"}],"neow_cost":"NONE","seed_source_timestamp":937358950107298,"circlet_count":0,"master_deck":["Defend_G","Defend_G","Defend_G","Defend_G","Defend_G","Strike_G","Strike_G","Strike_G","Strike_G","Strike_G","Survivor","Neutralize+1","Bouncing Flask","Footwork+1","Noxious Fumes+1","Poisoned Stab","Doppelganger+1","Prepared+1","Footwork"],"relics":["Ring of the Snake","NeowsBlessing","Blood Vial","Toxic Egg 2","Oddly Smooth Stone"],"potions_floor_usage":[16,16],"damage_taken":[{"damage":0,"enemies":"2 Louse","floor":1,"turns":1},{"damage":0,"enemies":"Small Slimes","floor":3,"turns":1},{"damage":0,"enemies":"3 Sentries","floor":7,"turns":2},{"damage":7,"enemies":"Lagavulin","floor":10,"turns":6},{"damage":9,"enemies":"Jaw Worm","floor":13,"turns":4},{"damage":83,"enemies":"Slime Boss","floor":16,"turns":11}],"seed_played":"2779089446610504418","potions_obtained":[{"floor":1,"key":"SneckoOil"},{"floor":13,"key":"EssenceOfSteel"}],"is_trial":false,"path_per_floor":["M","?","M","?","$","R","E","?","T","E","?","R","M","$","R","B"],"character_chosen":"THE_SILENT","items_purchased":["Blood Vial","Noxious Fumes","Footwork"],"campfire_rested":1,"item_purchase_floors":[5,5,14],"current_hp_per_floor":[70,70,70,56,56,56,58,63,63,58,58,58,51,51,73,0],"gold":146,"neow_bonus":"THREE_ENEMY_KILL","is_prod":false,"is_daily":false,"chose_seed":false,"campfire_upgraded":1,"win_rate":0,"timestamp":1543433557,"path_taken":["M","?","M","?","$","R","E","?","T","E","?","R","?","$","R","BOSS"],"build_version":"2018-11-15","purchased_purges":0,"victory":false,"max_hp_per_floor":[70,70,70,70,70,70,70,75,75,75,75,75,75,75,75,75],"card_choices":[{"not_picked":["Sucker Punch","Leg Sweep"],"picked":"Bouncing Flask","floor":1},{"not_picked":["Reflex","Prepared"],"picked":"Footwork","floor":3},{"not_picked":["Crippling Poison","Sucker Punch"],"picked":"Poisoned Stab","floor":7},{"not_picked":["Blade Dance+1","PiercingWail+1"],"picked":"Doppelganger+1","floor":10},{"not_picked":["Blade Dance+1","Quick Slash"],"picked":"Prepared+1","floor":13}],"player_experience":319831,"relics_obtained":[{"floor":7,"key":"Toxic Egg 2"},{"floor":10,"key":"Oddly Smooth Stone"}],"event_choices":[{"damage_healed":0,"gold_gain":175,"player_choice":"AGREE","damage_taken":0,"max_hp_gain":0,"max_hp_loss":0,"event_name":"Liars Game","floor":2,"gold_loss":0,"cards_obtained":["Doubt"]},{"damage_healed":0,"gold_gain":0,"player_choice":"Entered Light","damage_taken":14,"max_hp_gain":0,"max_hp_loss":0,"event_name":"Shining Light","floor":4,"gold_loss":0,"cards_upgraded":["Neutralize","Footwork"]},{"damage_healed":0,"gold_gain":0,"player_choice":"Donut","damage_taken":0,"max_hp_gain":5,"max_hp_loss":0,"event_name":"Big Fish","floor":8,"gold_loss":0},{"cards_removed":["Doubt"],"damage_healed":0,"gold_gain":0,"player_choice":"Forget","damage_taken":0,"max_hp_gain":0,"max_hp_loss":0,"event_name":"Living Wall","floor":11,"gold_loss":0}],"is_beta":false,"boss_relics":[],"items_purged_floors":[],"is_endless":false,"potions_floor_spawned":[1,13],"killed_by":"Slime Boss","ascension_level":5}