{"gold_per_floor":[119,119,135,135,149,149,163,13,40,74,89,122,141,27,27,131,131,149,149,56,56,56,56,74,93,93,107,33,33,47,57,57,160,160,172,217,235,247,0,27,27,0,0,14,32,32,132,142,142,142],"floor_reached":51,"playtime":3790,"items_purged":["Strike_R"],"score":1236,"play_id":"1749d580-2fb3-4299-97e7-66468ddfd3ce","local_time":"20190827143510","is_ascension_mode":true,"campfire_choices":[{"data":"Body Slam","floor":6.0,"key":"SMITH"},{"floor":15.0,"key":"REST"},{"data":"Warcry","floor":23,"key":"SMITH"},{"data":"Feel No Pain","floor":32,"key":"SMITH"},{"data":"Offering","floor":41,"key":"SMITH"},{"data":"Feel No Pain","floor":46,"key":"SMITH"},{"data":"Uppercut","floor":49,"key":"SMITH"}],"neow_cost":"NONE","seed_source_timestamp":0,"circlet_count":0,"master_deck":["AscendersBane","Defend_R","Defend_R+1","Defend_R","Defend_R","Bash","Battle Trance+1","Feel No Pain+1","Body Slam+1","Uppercut+1","Evolve","Ghostly Armor","Perfected Strike","Perfected Strike","Seeing Red","Seeing Red","Wild Strike","Corruption","Dark Embrace","Warcry+1","Feel No Pain+1","Body Slam","Bite","Bite","Bite","Bite","Bite","Battle Trance","Feel No Pain","Offering+1","Shrug It Off","Disarm","Shrug It Off","Sentinel","Shrug It Off"],"special_seed":0,"relics":["Burning Blood","Lantern","Regal Pillow","Art of War","War Paint","Happy Flower","Snecko Eye","Darkstone Periapt","Centennial Puzzle","Meat on the Bone","Sozu","Thread and Needle","Bottled Tornado","Red Skull","Red Mask","Shuriken","Incense Burner"],"potions_floor_usage":[33,36,40],"damage_taken":[{"damage":6.0,"enemies":"Cultist","floor":1.0,"turns":5.0},{"damage":10.0,"enemies":"Small Slimes","floor":3.0,"turns":3.0},{"damage":3.0,"enemies":"Jaw Worm","floor":5.0,"turns":5.0},{"damage":10.0,"enemies":"Large Slime","floor":7.0,"turns":6.0},{"damage":19.0,"enemies":"3 Sentries","floor":10.0,"turns":10.0},{"damage":11.0,"enemies":"3 Louse","floor":11.0,"turns":4.0},{"damage":42.0,"enemies":"Lagavulin","floor":12.0,"turns":6.0},{"damage":4.0,"enemies":"Exordium Thugs","floor":13.0,"turns":4.0},{"damage":43.0,"enemies":"Hexaghost","floor":16.0,"turns":9.0},{"damage":4,"enemies":"Chosen","floor":18,"turns":3},{"damage":0,"enemies":"Spheric Guardian","floor":24,"turns":4},{"damage":3,"enemies":"Centurion and Healer","floor":25,"turns":2},{"damage":6,"enemies":"Shelled Parasite and Fungi","floor":27,"turns":2},{"damage":21,"enemies":"Snake Plant","floor":30,"turns":2},{"damage":4,"enemies":"Snecko","floor":31,"turns":3},{"damage":0,"enemies":"Collector","floor":33,"turns":6},{"damage":5,"enemies":"3 Darklings","floor":35,"turns":4},{"damage":56,"enemies":"2 Orb Walkers","floor":36,"turns":5},{"damage":0,"enemies":"3 Shapes","floor":37,"turns":5},{"damage":18,"enemies":"Spire Growth","floor":38,"turns":5},{"damage":6,"enemies":"Reptomancer","floor":40,"turns":2},{"damage":6,"enemies":"Sphere and 2 Shapes","floor":44,"turns":2},{"damage":0,"enemies":"Maw","floor":45,"turns":5},{"damage":0,"enemies":"Mind Bloom Boss Battle","floor":47,"turns":4},{"damage":10,"enemies":"Writhing Mass","floor":48,"turns":4},{"damage":58,"enemies":"Awakened One","floor":50,"turns":11}],"seed_played":"-1596571366863491245","potions_obtained":[{"floor":1.0,"key":"Dexterity Potion"},{"floor":3.0,"key":"Weak Potion"},{"floor":12.0,"key":"Strength Potion"},{"floor":24,"key":"SpeedPotion"},{"floor":30,"key":"Ancient Potion"},{"floor":33,"key":"SteroidPotion"}],"is_trial":false,"path_per_floor":["M","T","M","?","M","R","M","$","T","E","M","E","M","$","R","B",null,"M","T","$","?","?","R","M","M","T","M","$","?","M","M","R","B",null,"M","?","M","M","$","E","R","?","T","M","M","R","?","M","R","B",null],"character_chosen":"IRONCLAD","items_purchased":["Evolve","Ghostly Armor","Perfected Strike","Corruption","Feel No Pain","Body Slam","Feel No Pain","Bottled Tornado"],"campfire_rested":1,"item_purchase_floors":[8,8,8,14,20,20,28,39],"current_hp_per_floor":[72,72,68,68,71,71,67,67,67,54,49,13,15,15,54,17,64,66,66,66,56,56,56,56,56,56,56,56,56,43,51,51,56,56,56,24,36,46,46,48,48,48,48,54,56,56,56,56,56,32],"gold":142,"neow_bonus":"RANDOM_COMMON_RELIC","is_prod":false,"is_daily":false,"chose_seed":false,"campfire_upgraded":6,"win_rate":0,"timestamp":1566941710,"path_taken":["M","?","?","?","M","R","M","?","T","E","M","E","M","$","R","BOSS","M","?","?","?","?","R","M","M","T","M","$","?","M","?","R","BOSS","M","?","M","M","$","E","R","?","T","M","M","R","?","M","R","BOSS"],"build_version":"2019-07-17","purchased_purges":1,"victory":true,"max_hp_per_floor":[80,80,80,80,80,80,80,80,80,80,80,80,80,80,80,80,80,80,80,80,56,56,56,56,56,56,56,56,56,56,56,56,56,56,56,56,56,56,56,56,56,56,56,56,56,56,56,56,56,56],"card_choices":[{"not_picked":["Disarm","Cleave"],"picked":"Battle Trance","floor":1.0},{"not_picked":["Blood for Blood","Cleave"],"picked":"Feel No Pain","floor":3.0},{"not_picked":["Rampage","Whirlwind"],"picked":"Body Slam","floor":5.0},{"not_picked":["Pommel Strike","Whirlwind"],"picked":"Uppercut","floor":7.0},{"not_picked":["Rampage","True Grit"],"picked":"Perfected Strike","floor":10.0},{"not_picked":["Heavy Blade","Rupture"],"picked":"Seeing Red","floor":11.0},{"not_picked":["Uppercut","Bloodletting"],"picked":"Seeing Red","floor":12.0},{"not_picked":["Sword Boomerang","Combust"],"picked":"Wild Strike","floor":13.0},{"not_picked":["Double Tap","Bludgeon"],"picked":"Dark Embrace","floor":16.0},{"not_picked":["Pommel Strike","Flex+1"],"picked":"Warcry","floor":18},{"not_picked":["Wild Strike","True Grit","Blood for Blood"],"picked":"SKIP","floor":24},{"not_picked":["Body Slam","Clash"],"picked":"Battle Trance","floor":25},{"not_picked":["Reckless Charge","Thunderclap","Havoc"],"picked":"SKIP","floor":27},{"not_picked":["Cleave","Battle Trance+1","Flame Barrier"],"picked":"SKIP","floor":30},{"not_picked":["Twin Strike","Clash","Havoc"],"picked":"SKIP","floor":31},{"not_picked":["Feed","Fiend Fire"],"picked":"Offering","floor":33},{"not_picked":["Clash","Bloodletting+1","Perfected Strike"],"picked":"SKIP","floor":35},{"not_picked":["Body Slam","Disarm"],"picked":"Shrug It Off","floor":36},{"not_picked":["Armaments","Cleave+1"],"picked":"Disarm","floor":37},{"not_picked":["Iron Wave+1","Pommel Strike"],"picked":"Shrug It Off","floor":38},{"not_picked":["Demon Form","Hemokinesis","Wild Strike+1"],"picked":"SKIP","floor":40},{"not_picked":["Blood for Blood","Carnage+1","Fire Breathing"],"picked":"SKIP","floor":44},{"not_picked":["Iron Wave","Perfected Strike","Inflame"],"picked":"SKIP","floor":45},{"not_picked":["Iron Wave","Pommel Strike"],"picked":"Sentinel","floor":47},{"not_picked":["Rage+1","Dual Wield"],"picked":"Shrug It Off","floor":48}],"player_experience":227038,"relics_obtained":[{"floor":2.0,"key":"Regal Pillow"},{"floor":9.0,"key":"Art of War"},{"floor":10.0,"key":"War Paint"},{"floor":12.0,"key":"Happy Flower"},{"floor":19,"key":"Darkstone Periapt"},{"floor":26,"key":"Meat on the Bone"},{"floor":36,"key":"Thread and Needle"},{"floor":40,"key":"Red Skull"},{"floor":43,"key":"Shuriken"},{"floor":47,"key":"Incense Burner"}],"event_choices":[{"damage_healed":0.0,"max_hp_gain":0.0,"max_hp_loss":0.0,"gold_gain":0.0,"event_name":"The Woman in Blue","player_choice":"Bought 0 Potions","floor":4.0,"gold_loss":0.0,"damage_taken":0.0},{"damage_healed":0,"gold_gain":0,"player_choice":"Became a vampire","damage_taken":0,"max_hp_gain":0,"max_hp_loss":24,"event_name":"Vampires","floor":21,"gold_loss":0,"cards_obtained":["Bite","Bite","Bite","Bite","Bite"]},{"damage_healed":0,"gold_gain":0,"player_choice":"Opened","damage_taken":0,"relics_obtained":["Centennial Puzzle"],"max_hp_gain":0,"max_hp_loss":0,"event_name":"The Mausoleum","floor":22,"gold_loss":0},{"damage_healed":0,"gold_gain":0,"player_choice":"0 cards matched","damage_taken":0,"max_hp_gain":0,"max_hp_loss":0,"event_name":"Match and Keep!","floor":29,"gold_loss":0,"cards_obtained":[]},{"damage_healed":0,"gold_gain":0,"player_choice":"Fight","damage_taken":0,"max_hp_gain":0,"max_hp_loss":0,"event_name":"Mysterious Sphere","floor":36,"gold_loss":0},{"damage_healed":0,"gold_gain":0,"player_choice":"Paid","damage_taken":0,"relics_obtained":["Red Mask"],"max_hp_gain":0,"max_hp_loss":0,"event_name":"Tomb of Lord Red Mask","floor":42,"gold_loss":27},{"damage_healed":0,"gold_gain":0,"player_choice":"Fight","damage_taken":0,"max_hp_gain":0,"max_hp_loss":0,"event_name":"MindBloom","floor":47,"gold_loss":0}],"is_beta":false,"boss_relics":[{"not_picked":["Black Star","Philosopher\u0027s Stone"],"picked":"Snecko Eye"},{"not_picked":["Runic Pyramid","Mark of Pain"],"picked":"Sozu"}],"items_purged_floors":[14],"is_endless":false,"potions_floor_spawned":[1,3,5,12,24,30,31,33,37,38,40,47,48],"ascension_level":12}