{"path_per_floor":["M","?","$","?","M","?","R","E","T","E","T","R","M","E","R","B",null,"M","?","$","?","?","E","R","E","T","M","M","$","?","?","R","B",null,"M","?","T","?","?","R","M","M","T","M","R","M","?","E","R","B"],"character_chosen":"DEFECT","items_purchased":["Defragment","Peace Pipe","Tempest","Leap+1"],"gold_per_floor":[111,111,31,31,43,218,218,253,253,284,310,310,328,354,354,456,456,467,382,5,5,5,30,30,65,65,76,87,34,0,0,0,96,96,116,163,163,0,0,0,17,37,88,104,104,115,115,147,147,147],"floor_reached":51,"campfire_rested":4,"playtime":2431,"item_purchase_floors":[3,20,20,29],"current_hp_per_floor":[79,79,79,84,83,83,83,57,57,40,40,66,66,53,81,41,94,94,94,94,75,69,60,60,32,32,32,24,24,24,47,47,13,69,58,63,63,63,54,54,9,6,6,7,27,33,33,12,32,34],"items_purged":[],"gold":147,"score":836,"play_id":"ec025234-9762-426b-8726-2be69b61618b","local_time":"20180601201408","is_prod":false,"is_daily":false,"chose_seed":false,"is_ascension_mode":true,"campfire_upgraded":2,"win_rate":0,"timestamp":1527876848,"campfire_choices":[{"data":"Defragment","floor":7,"key":"SMITH"},{"floor":12,"key":"REST"},{"floor":15,"key":"REST"},{"data":"Doubt","floor":24,"key":"PURGE"},{"data":"Storm","floor":32,"key":"SMITH"},{"data":"1","floor":40,"key":"LIFT"},{"floor":45,"key":"REST"},{"floor":49,"key":"REST"}],"path_taken":["M","?","$","?","M","?","R","E","T","E","?","R","M","E","R","BOSS","M","?","$","?","?","E","R","E","T","M","?","$","?","?","R","BOSS","M","?","?","?","?","R","M","M","T","M","R","M","?","E","R","BOSS"],"build_version":"2018-05-31","seed_source_timestamp":88028995347361,"purchased_purges":0,"victory":true,"master_deck":["Defend_B","Defend_B","Defend_B","Defend_B","Zap","Dualcast","Ball Lightning","Defragment+1","Streamline","Auto Shields","Loop","Redo","White Noise","Machine Learning","Leap","Tempest","Bite","Bite","Bite","Bite","Bite","Storm+1","Redo+1","Glacier+1","Auto Shields+1","Leap+1","Creative AI","Heatsinks","Conserve Battery+1","Madness+1","Madness+1","Redo+1","Consume+1","Conserve Battery+1","Barrage+1","Go for the Eyes+1"],"max_hp_per_floor":[82,82,82,87,87,87,87,87,87,87,87,87,87,94,94,94,94,94,94,94,99,69,69,69,69,69,69,69,69,69,69,69,69,69,69,69,69,69,69,69,69,69,69,69,69,69,69,69,69,69],"relics":["Cracked Core","Happy Flower","Toolbox","Vajra","Bag of Marbles","Strawberry","Sozu","Bronze Scales","Peace Pipe","Bottled Flame","Toxic Egg 2","Pen Nib","Inserter","Unceasing Top","Girya","Red Mask","Juzu Bracelet","Dead Branch"],"card_choices":[{"not_picked":["Leap","Coolheaded"],"picked":"Ball Lightning","floor":1},{"not_picked":["Redo","Lockon"],"picked":"Streamline","floor":5},{"not_picked":["Aggregate","Cold Snap"],"picked":"Auto Shields","floor":8},{"not_picked":["Amplify","Fusion"],"picked":"Loop","floor":10},{"not_picked":["Barrage","Hologram"],"picked":"Redo","floor":13},{"not_picked":["Tempest","Sweeping Beam"],"picked":"White Noise","floor":14},{"not_picked":["Seek","Multi-Cast"],"picked":"Machine Learning","floor":16},{"not_picked":["Ball Lightning","Stack"],"picked":"Leap","floor":18},{"not_picked":["Redo","Capacitor+1"],"picked":"Storm","floor":23},{"not_picked":["Ball Lightning","Streamline"],"picked":"Redo","floor":25},{"not_picked":["Barrage+1","Streamline"],"picked":"Glacier+1","floor":27},{"not_picked":["Rebound","Scrape"],"picked":"Auto Shields+1","floor":28},{"not_picked":["Reboot+1","Electrodynamics"],"picked":"Creative AI","floor":33},{"not_picked":["Glacier+1","Blizzard"],"picked":"Heatsinks","floor":35},{"not_picked":["Rip and Tear+1","Skim+1"],"picked":"Conserve Battery+1","floor":36},{"not_picked":["Chill+1","Coolheaded+1"],"picked":"Redo+1","floor":41},{"not_picked":["White Noise+1","Hologram+1"],"picked":"Consume+1","floor":42},{"not_picked":["Heatsinks+1","Compile Driver+1"],"picked":"Conserve Battery+1","floor":44},{"not_picked":["Compile Driver+1","Genetic Algorithm+1"],"picked":"Barrage+1","floor":46},{"not_picked":["Chaos+1","Force Field+1"],"picked":"Go for the Eyes+1","floor":48}],"player_experience":143897,"potions_floor_usage":[16,16,23],"damage_taken":[{"damage":3,"enemies":"Jaw Worm","floor":1,"turns":3},{"damage":1,"enemies":"Cultist","floor":5,"turns":3},{"damage":26,"enemies":"Lagavulin","floor":8,"turns":5},{"damage":17,"enemies":"3 Sentries","floor":10,"turns":6},{"damage":0,"enemies":"2 Louse","floor":13,"turns":2},{"damage":20,"enemies":"Lagavulin","floor":14,"turns":4},{"damage":40,"enemies":"Hexaghost","floor":16,"turns":6},{"damage":0,"enemies":"Chosen","floor":18,"turns":4},{"damage":25,"enemies":"Gremlin Leader","floor":23,"turns":7},{"damage":32,"enemies":"Book of Stabbing","floor":25,"turns":4},{"damage":10,"enemies":"Spheric Guardian","floor":27,"turns":3},{"damage":12,"enemies":"3 Cultists","floor":28,"turns":5},{"damage":62,"enemies":"Champ","floor":33,"turns":12},{"damage":13,"enemies":"Orb Walker","floor":35,"turns":3},{"damage":1,"enemies":"Mysterious Sphere","floor":36,"turns":4},{"damage":55,"enemies":"3 Darklings","floor":41,"turns":5},{"damage":9,"enemies":"4 Shapes","floor":42,"turns":6},{"damage":5,"enemies":"Sphere and 2 Shapes","floor":44,"turns":3},{"damage":8,"enemies":"Maw","floor":46,"turns":7},{"damage":29,"enemies":"Nemesis","floor":48,"turns":5},{"damage":12,"enemies":"Time Eater","floor":50,"turns":8}],"relics_obtained":[{"floor":8,"key":"Happy Flower"},{"floor":9,"key":"Toolbox"},{"floor":10,"key":"Vajra"},{"floor":11,"key":"Bag of Marbles"},{"floor":14,"key":"Strawberry"},{"floor":23,"key":"Bottled Flame"},{"floor":25,"key":"Toxic Egg 2"},{"floor":26,"key":"Pen Nib"},{"floor":36,"key":"Unceasing Top"},{"floor":37,"key":"Girya"},{"floor":43,"key":"Juzu Bracelet"},{"floor":48,"key":"Dead Branch"}],"event_choices":[{"event_name":"The Woman in Blue","player_choice":"Bought 0 Potions","floor":2,"damage_taken":0},{"event_name":"Big Fish","player_choice":"Donut","floor":4,"damage_taken":0},{"event_name":"Liars Game","player_choice":"agreed","floor":6,"damage_taken":0},{"event_name":"Addict","player_choice":"Obtained Relic","floor":19,"damage_taken":0},{"event_name":"Forgotten Altar","player_choice":"Shed Blood","floor":21,"damage_taken":0},{"event_name":"Vampires","player_choice":"Became a vampire","floor":22,"damage_taken":0},{"event_name":"Masked Bandits","player_choice":"Paid Bandits 34 gold","floor":30,"damage_taken":0},{"event_name":"The Library","player_choice":"Heal","floor":31,"damage_taken":0},{"event_name":"Mysterious Sphere","player_choice":"Fight","floor":36,"damage_taken":0},{"event_name":"Tomb of Lord Red Mask","player_choice":"Paid","floor":38,"damage_taken":0},{"event_name":"Winding Halls","player_choice":"Embrace Madness","floor":39,"damage_taken":0},{"event_name":"The Lab","player_choice":"Got Potions","floor":47,"damage_taken":0}],"boss_relics":[{"not_picked":["Runic Dome","Cursed Key"],"picked":"Sozu"},{"not_picked":["Black Star","Astrolabe"],"picked":"Inserter"}],"items_purged_floors":[],"potions_floor_spawned":[10,13,16,18,25,28,33,36,44,48],"seed_played":"4232363942745174505","ascension_level":1,"potions_obtained":[{"floor":10,"key":"Swift Potion"},{"floor":13,"key":"Weak Potion"},{"floor":16,"key":"AttackPotion"}],"is_trial":false}