{"gold_per_floor":[20,35,35,56,81,81,100,15,40,1,15,15,15,40,40,166,229,254,254,254,254,238,238],"floor_reached":23,"playtime":1760,"items_purged":[],"score":208,"play_id":"c359e692-153b-434f-81dc-a222f6441361","local_time":"20190824220037","is_ascension_mode":false,"campfire_choices":[{"data":"Shockwave","floor":6,"key":"SMITH"},{"data":"Juggernaut","floor":12,"key":"SMITH"},{"data":"Twin Strike","floor":15,"key":"SMITH"}],"neow_cost":"NO_GOLD","seed_source_timestamp":26642857514343,"circlet_count":0,"master_deck":["Strike_R+1","Strike_R+1","Strike_R+1","Strike_R+1","Strike_R+1","Defend_R+1","Defend_R+1","Defend_R+1","Defend_R+1","Bash","Twin Strike+1","Shockwave+1","Injury","Heavy Blade+1","Anger","Juggernaut+1","Enlightenment","Sentinel","Wild Strike+1","Searing Blow","Exhume","Fire Breathing","Rupture+1","Seeing Red"],"relics":["Burning Blood","Bloody Idol","Tiny House","Nloth\u0027s Gift"],"potions_floor_usage":[5,11,14,18,22,23],"damage_taken":[{"damage":3,"enemies":"Cultist","floor":1,"turns":5},{"damage":7,"enemies":"Small Slimes","floor":2,"turns":4},{"damage":6,"enemies":"Jaw Worm","floor":4,"turns":3},{"damage":20,"enemies":"Large Slime","floor":5,"turns":7},{"damage":5,"enemies":"Exordium Thugs","floor":7,"turns":4},{"damage":3,"enemies":"3 Louse","floor":11,"turns":3},{"damage":9,"enemies":"Looter","floor":14,"turns":3},{"damage":36,"enemies":"Hexaghost","floor":16,"turns":8},{"damage":9,"enemies":"Chosen","floor":18,"turns":4},{"damage":24,"enemies":"2 Thieves","floor":22,"turns":4},{"damage":98,"enemies":"Gremlin Leader","floor":23,"turns":7}],"seed_played":"-4548094571534660223","potions_obtained":[{"floor":4,"key":"Strength Potion"},{"floor":5,"key":"LiquidBronze"},{"floor":7,"key":"Energy Potion"},{"floor":16,"key":"PowerPotion"},{"floor":17,"key":"SneckoOil"},{"floor":18,"key":"Fire Potion"}],"is_trial":false,"path_per_floor":["M","M","?","M","M","R","M","$","T","$","M","R","?","M","R","B",null,"M","?","?","?","M","E"],"character_chosen":"IRONCLAD","items_purchased":["Enlightenment","Sentinel"],"campfire_rested":0,"item_purchase_floors":[8,10],"current_hp_per_floor":[96,95,95,95,81,81,82,82,82,82,85,85,85,82,82,52,101,98,98,98,98,90,0],"gold":238,"neow_bonus":"TWENTY_PERCENT_HP_BONUS","is_prod":false,"is_daily":false,"chose_seed":false,"campfire_upgraded":3,"win_rate":0.0,"timestamp":1566655237,"path_taken":["M","?","?","M","M","R","M","$","T","?","M","R","?","?","R","BOSS","M","?","?","?","M","E"],"build_version":"2019-07-17","purchased_purges":0,"victory":false,"max_hp_per_floor":[96,96,96,96,96,96,96,96,96,96,96,96,96,96,96,96,101,101,101,101,101,101,101],"card_choices":[{"not_picked":["Sword Boomerang","Uppercut"],"picked":"Twin Strike","floor":1},{"not_picked":["Havoc","Spot Weakness"],"picked":"Shockwave","floor":2},{"not_picked":["Disarm","Clothesline"],"picked":"Heavy Blade","floor":4},{"not_picked":["Shockwave","Cleave"],"picked":"Anger","floor":5},{"not_picked":["Twin Strike","Warcry"],"picked":"Juggernaut","floor":7},{"not_picked":["Uppercut","Anger"],"picked":"Wild Strike","floor":11},{"not_picked":["Flex","Corruption"],"picked":"Searing Blow","floor":14},{"not_picked":["Reaper","Berserk"],"picked":"Exhume","floor":16},{"not_picked":["Iron Wave","Searing Blow"],"picked":"Fire Breathing","floor":17},{"not_picked":["Sword Boomerang+1","Clothesline"],"picked":"Rupture+1","floor":18},{"not_picked":["Sword Boomerang+1","Burning Pact"],"picked":"Seeing Red","floor":22}],"player_experience":69305,"relics_obtained":[{"floor":9,"key":"Orichalcum"}],"event_choices":[{"damage_healed":0,"gold_gain":0,"player_choice":"Take Wound","damage_taken":0,"relics_obtained":["Golden Idol"],"max_hp_gain":0,"max_hp_loss":0,"event_name":"Golden Idol","floor":3,"gold_loss":0,"cards_obtained":["Injury"]},{"damage_healed":0,"gold_gain":0,"player_choice":"Forge","damage_taken":0,"max_hp_gain":0,"max_hp_loss":0,"event_name":"Accursed Blacksmith","floor":13,"gold_loss":0,"cards_upgraded":["Wild Strike"]},{"damage_healed":0,"gold_gain":0,"player_choice":"Gave Idol","damage_taken":0,"relics_obtained":["Bloody Idol"],"max_hp_gain":0,"max_hp_loss":0,"event_name":"Forgotten Altar","floor":19,"relics_lost":["Golden Idol"],"gold_loss":0},{"damage_healed":0,"gold_gain":0,"player_choice":"Simplicity","damage_taken":0,"max_hp_gain":0,"max_hp_loss":0,"event_name":"Back to Basics","floor":20,"gold_loss":0,"cards_upgraded":["Strike_R","Strike_R","Strike_R","Strike_R","Strike_R","Defend_R","Defend_R","Defend_R","Defend_R"]},{"damage_healed":0,"gold_gain":0,"player_choice":"Traded Relic","damage_taken":0,"relics_obtained":["Nloth\u0027s Gift"],"max_hp_gain":0,"max_hp_loss":0,"event_name":"N\u0027loth","floor":21,"relics_lost":["Orichalcum"],"gold_loss":0}],"is_beta":false,"boss_relics":[{"not_picked":["Cursed Key","Eternal Feather"],"picked":"Tiny House"}],"items_purged_floors":[],"is_endless":false,"potions_floor_spawned":[4,5,7,16,18],"killed_by":"Gremlin Leader","ascension_level":0}