{"gold_per_floor":[114,114,114,5,19,52,52,80,80,100,116,136,150,183,183,281,281,299,316,326,326,344,344,370,386,386,386,386],"floor_reached":28,"playtime":1530,"items_purged":["Defend_R"],"score":427,"play_id":"9bf23e11-57fa-47f0-9481-c04e0227b430","local_time":"20190824165713","is_ascension_mode":true,"campfire_choices":[{"data":"Rupture","floor":7,"key":"SMITH"},{"data":"Double Tap","floor":15,"key":"SMITH"},{"data":"Bash","floor":23,"key":"SMITH"}],"neow_cost":"NONE","seed_source_timestamp":414017947969800,"circlet_count":0,"master_deck":["Defend_R","Defend_R","Defend_R+1","Bash+1","Battle Trance","Rupture+1","Spot Weakness","Metallicize+1","Anger","Double Tap+1","Anger","Spot Weakness","Anger","Inflame+1","Brutality+1","Combust+1","Metallicize+1","Bite","Bite","Bite","Bite","Bite","Combust+1","Pommel Strike+1","Clumsy","Normality"],"relics":["Burning Blood","NeowsBlessing","Frozen Egg 2","Happy Flower","Bag of Marbles","Cursed Key","Prayer Wheel","Orichalcum","Mummified Hand"],"potions_floor_usage":[8,8,16,16,20,22,24],"damage_taken":[{"damage":0,"enemies":"Small Slimes","floor":1,"turns":1},{"damage":0,"enemies":"2 Louse","floor":5,"turns":1},{"damage":0,"enemies":"Gremlin Nob","floor":6,"turns":1},{"damage":15,"enemies":"3 Sentries","floor":8,"turns":6},{"damage":0,"enemies":"Jaw Worm","floor":10,"turns":3},{"damage":19,"enemies":"Lots of Slimes","floor":11,"turns":4},{"damage":8,"enemies":"Blue Slaver","floor":12,"turns":4},{"damage":16,"enemies":"Exordium Thugs","floor":13,"turns":3},{"damage":14,"enemies":"Gremlin Nob","floor":14,"turns":3},{"damage":27,"enemies":"The Guardian","floor":16,"turns":6},{"damage":18,"enemies":"3 Byrds","floor":18,"turns":4},{"damage":15,"enemies":"Chosen","floor":19,"turns":3},{"damage":19,"enemies":"Snake Plant","floor":20,"turns":2},{"damage":15,"enemies":"Cultist and Chosen","floor":22,"turns":4},{"damage":26,"enemies":"Book of Stabbing","floor":24,"turns":3},{"damage":26,"enemies":"Centurion and Healer","floor":25,"turns":4},{"damage":20,"enemies":"Snake Plant","floor":28,"turns":3}],"seed_played":"505630965404560606","potions_obtained":[{"floor":1,"key":"AttackPotion"},{"floor":6,"key":"SkillPotion"},{"floor":12,"key":"SpeedPotion"},{"floor":13,"key":"PowerPotion"},{"floor":14,"key":"Dexterity Potion"},{"floor":18,"key":"Explosive Potion"},{"floor":19,"key":"Poison Potion"},{"floor":22,"key":"Energy Potion"},{"floor":24,"key":"Explosive Potion"}],"is_trial":false,"path_per_floor":["M","?","?","$","M","E","R","E","T","M","M","M","M","E","R","B",null,"M","M","M","?","M","R","E","M","T","T","M"],"character_chosen":"IRONCLAD","items_purchased":["Rupture"],"campfire_rested":0,"item_purchase_floors":[4],"current_hp_per_floor":[78,83,66,66,72,78,78,69,69,75,62,60,50,42,42,21,69,57,48,35,35,34,34,22,16,16,16,0],"gold":386,"neow_bonus":"THREE_ENEMY_KILL","is_prod":false,"is_daily":false,"chose_seed":false,"campfire_upgraded":3,"win_rate":0,"timestamp":1566691033,"path_taken":["M","?","?","$","M","E","R","E","T","M","M","M","M","E","R","BOSS","M","M","M","?","M","R","E","M","T","?","M"],"build_version":"2019-07-17","purchased_purges":1,"victory":false,"max_hp_per_floor":[80,85,85,85,85,85,85,85,85,85,85,85,85,85,85,85,85,85,85,85,59,59,59,59,59,59,59,59],"card_choices":[{"not_picked":["Sever Soul","Dropkick"],"picked":"Battle Trance","floor":1},{"not_picked":["Clothesline","Cleave"],"picked":"Spot Weakness","floor":5},{"not_picked":["Fire Breathing","Iron Wave"],"picked":"Metallicize","floor":6},{"not_picked":["Iron Wave","Pommel Strike"],"picked":"Anger","floor":8},{"not_picked":["Infernal Blade","Sword Boomerang"],"picked":"Double Tap","floor":10},{"not_picked":["Rampage","Dropkick"],"picked":"Anger","floor":11},{"not_picked":["Warcry","Clothesline"],"picked":"Spot Weakness","floor":12},{"not_picked":["Heavy Blade","Havoc"],"picked":"Anger","floor":13},{"not_picked":["Wild Strike","Seeing Red"],"picked":"Inflame+1","floor":14},{"not_picked":["Exhume","Bludgeon"],"picked":"Brutality+1","floor":16},{"not_picked":["Clash+1","Fire Breathing+1"],"picked":"Combust+1","floor":18},{"not_picked":["Carnage","Evolve+1","Infernal Blade"],"picked":"SKIP","floor":19},{"not_picked":["Intimidate","Wild Strike"],"picked":"Metallicize+1","floor":20},{"not_picked":["Body Slam","Battle Trance"],"picked":"Combust+1","floor":22},{"not_picked":["Thunderclap","Body Slam","Clothesline"],"picked":"SKIP","floor":24},{"not_picked":["Wild Strike","Carnage"],"picked":"Pommel Strike+1","floor":25},{"not_picked":["Twin Strike+1","Infernal Blade","Cleave"],"picked":"SKIP","floor":25}],"player_experience":143876,"relics_obtained":[{"floor":6,"key":"Frozen Egg 2"},{"floor":8,"key":"Happy Flower"},{"floor":14,"key":"Bag of Marbles"},{"floor":24,"key":"Prayer Wheel"},{"floor":26,"key":"Orichalcum"},{"floor":27,"key":"Mummified Hand"}],"event_choices":[{"damage_healed":0,"gold_gain":0,"player_choice":"Donut","damage_taken":0,"max_hp_gain":5,"max_hp_loss":0,"event_name":"Big Fish","floor":2,"gold_loss":0},{"damage_healed":0,"gold_gain":0,"player_choice":"Entered Light","damage_taken":17,"max_hp_gain":0,"max_hp_loss":0,"event_name":"Shining Light","floor":3,"gold_loss":0,"cards_upgraded":["Strike_R","Defend_R"]},{"damage_healed":0,"gold_gain":0,"player_choice":"Became a vampire","damage_taken":0,"max_hp_gain":0,"max_hp_loss":26,"event_name":"Vampires","floor":21,"gold_loss":0,"cards_obtained":["Bite","Bite","Bite","Bite","Bite"]}],"is_beta":false,"boss_relics":[{"not_picked":["Eternal Feather","Lizard Tail"],"picked":"Cursed Key"}],"items_purged_floors":[4],"is_endless":false,"potions_floor_spawned":[1,6,12,13,14,18,19,22,24],"killed_by":"Snake Plant","ascension_level":8}