{"path_per_floor":["M","$","?","M","?","R","E","M","T","M","?","E","M","$","R","B",null,"M","?","$","?","?","R","M","?","T","M","R","$","M","M","R","B",null,"M","?","?","M","M","E","M","M","T","$","R","?","R","$","R","B"],"character_chosen":"THE_SILENT","items_purchased":["Footwork","Poisoned Stab","Infinite Blades","Malaise","Noxious Fumes","Catalyst"],"gold_per_floor":[114,34,34,48,48,48,81,99,99,110,110,144,160,26,26,126,126,126,126,32,32,32,32,2,2,2,2,2,2,2,2,2,2,2,2,2,0,0,0,0,0,0,0,0,0,0,0,0,0,0],"floor_reached":51,"campfire_rested":5,"playtime":2811,"item_purchase_floors":[2,14,14,14,20,20],"current_hp_per_floor":[70,70,70,70,70,70,70,68,68,62,62,44,35,35,56,32,70,70,70,70,70,70,70,60,60,60,60,60,60,41,29,50,39,70,70,70,70,49,49,3,7,27,27,27,48,23,44,44,65,2],"items_purged":[],"gold":0,"score":794,"play_id":"06076045-4f94-476f-8234-ce1120a9ca06","local_time":"20180609130542","is_prod":false,"is_daily":false,"chose_seed":false,"is_ascension_mode":true,"campfire_upgraded":3,"win_rate":0,"timestamp":1528542342,"campfire_choices":[{"data":"Bouncing Flask","floor":6,"key":"SMITH"},{"floor":15,"key":"REST"},{"data":"Envenom","floor":23,"key":"SMITH"},{"data":"Catalyst","floor":28,"key":"SMITH"},{"floor":32,"key":"REST"},{"floor":45,"key":"REST"},{"floor":47,"key":"REST"},{"floor":49,"key":"REST"}],"path_taken":["M","$","?","M","?","R","E","?","T","M","?","E","M","?","R","BOSS","M","?","?","?","?","R","?","?","T","M","R","$","M","M","R","BOSS","M","?","?","?","M","E","M","M","T","$","R","?","R","?","R","BOSS"],"build_version":"2018-06-07v3","seed_source_timestamp":753164300890626,"purchased_purges":0,"victory":true,"master_deck":["Defend_G+1","Defend_G+1","Defend_G+1","Defend_G+1","Defend_G+1","Strike_G+1","Strike_G+1","Strike_G+1","Strike_G+1","Strike_G+1","Survivor","Neutralize","Bouncing Flask+1","Footwork","Dagger Throw","Escape Plan","Poisoned Stab","Poisoned Stab","Envenom+1","Flying Knee","Poisoned Stab","Infinite Blades","Malaise","After Image","Backflip","Noxious Fumes","Catalyst+1","Backflip","Bane","Crippling Poison","Escape Plan","Unload","Terror+1","Slice+1","Catalyst+1","Deflect","Backstab","Slice+1","Backflip+1"],"max_hp_per_floor":[70,70,70,70,70,70,70,70,70,70,70,70,70,70,70,70,70,70,70,70,70,70,70,70,70,70,70,70,70,70,70,70,70,70,70,70,70,70,70,70,70,70,70,70,70,70,70,70,70,70],"relics":["Ring of the Snake","NeowsBlessing","The Courier","Dodecahedron","Lantern","Ectoplasm","Bag of Marbles","Ancient Tea Set","Lizard Tail","Red Mask","Question Card","Anchor","Calipers"],"card_choices":[{"not_picked":["Dagger Throw","Dodge and Roll"],"picked":"Bouncing Flask","floor":1},{"not_picked":["Dodge and Roll","Underhanded Strike"],"picked":"Dagger Throw","floor":4},{"not_picked":["Calculated Gamble","Dagger Spray"],"picked":"Escape Plan","floor":7},{"not_picked":["Skewer","Outmaneuver"],"picked":"Poisoned Stab","floor":8},{"not_picked":["Deflect","Acrobatics"],"picked":"Poisoned Stab","floor":10},{"not_picked":["Eviscerate","Adrenaline"],"picked":"Envenom","floor":12},{"not_picked":["Dash","Cloak And Dagger"],"picked":"Flying Knee","floor":13},{"not_picked":["Night Terror","Corpse Explosion"],"picked":"After Image","floor":16},{"not_picked":["Poisoned Stab","Outmaneuver"],"picked":"Backflip","floor":18},{"not_picked":["Riddle With Holes","Leg Sweep"],"picked":"Backflip","floor":24},{"not_picked":["Flying Knee+1","Choke+1"],"picked":"Bane","floor":27},{"not_picked":["Acrobatics","Dodge and Roll+1"],"picked":"Crippling Poison","floor":30},{"not_picked":["Flying Knee","Backflip"],"picked":"Escape Plan","floor":31},{"not_picked":["Die Die Die","Glass Knife"],"picked":"Unload","floor":33},{"not_picked":["Catalyst","Concentrate"],"picked":"Terror+1","floor":35},{"not_picked":["Setup+1","Terror"],"picked":"Slice+1","floor":38},{"not_picked":["Sucker Punch","Bane"],"picked":"Catalyst+1","floor":39},{"not_picked":["Terror+1","Outmaneuver"],"picked":"Deflect","floor":40},{"not_picked":["Flechettes","Endless Agony","Acrobatics"],"picked":"Backstab","floor":41},{"not_picked":["Eviscerate+1","Deflect","Poisoned Stab+1"],"picked":"Slice+1","floor":42},{"not_picked":["Noxious Fumes","Acrobatics+1","Slice"],"picked":"Backflip+1","floor":46}],"player_experience":154062,"potions_floor_usage":[16,24,30,41,41,42,50],"damage_taken":[{"damage":0,"enemies":"Jaw Worm","floor":1,"turns":1},{"damage":0,"enemies":"2 Louse","floor":4,"turns":1},{"damage":0,"enemies":"Lagavulin","floor":7,"turns":1},{"damage":2,"enemies":"Small Slimes","floor":8,"turns":3},{"damage":6,"enemies":"2 Fungi Beasts","floor":10,"turns":4},{"damage":18,"enemies":"3 Sentries","floor":12,"turns":10},{"damage":9,"enemies":"3 Louse","floor":13,"turns":4},{"damage":24,"enemies":"Hexaghost","floor":16,"turns":9},{"damage":0,"enemies":"Chosen","floor":18,"turns":4},{"damage":10,"enemies":"2 Thieves","floor":24,"turns":3},{"damage":0,"enemies":"Centurion and Healer","floor":27,"turns":7},{"damage":19,"enemies":"Cultist and Chosen","floor":30,"turns":6},{"damage":12,"enemies":"Snecko","floor":31,"turns":5},{"damage":11,"enemies":"Champ","floor":33,"turns":8},{"damage":0,"enemies":"3 Shapes","floor":35,"turns":5},{"damage":21,"enemies":"3 Darklings","floor":38,"turns":5},{"damage":0,"enemies":"4 Shapes","floor":39,"turns":6},{"damage":46,"enemies":"Giant Head","floor":40,"turns":7},{"damage":14,"enemies":"Maw","floor":41,"turns":6},{"damage":21,"enemies":"3 Darklings","floor":42,"turns":6},{"damage":25,"floor":46,"turns":5},{"damage":63,"enemies":"Time Eater","floor":50,"turns":6}],"relics_obtained":[{"floor":7,"key":"The Courier"},{"floor":9,"key":"Dodecahedron"},{"floor":12,"key":"Lantern"},{"floor":26,"key":"Ancient Tea Set"},{"floor":40,"key":"Question Card"},{"floor":43,"key":"Anchor"},{"floor":46,"key":"Calipers"}],"event_choices":[{"event_name":"The Cleric","player_choice":"Leave","floor":3,"damage_taken":0},{"event_name":"Golden Wing","player_choice":"Ignored","floor":5,"damage_taken":0},{"event_name":"The Woman in Blue","player_choice":"Bought 0 Potions","floor":11,"damage_taken":0},{"event_name":"Beggar","player_choice":"Ignored","floor":19,"damage_taken":0},{"event_name":"The Mausoleum","player_choice":"Yes","floor":21,"damage_taken":0},{"event_name":"Forgotten Altar","player_choice":"Smashed Altar","floor":22,"damage_taken":0},{"event_name":"Back to Basics","player_choice":"Simplicity","floor":25,"damage_taken":0},{"event_name":"Fountain of Cleansing","player_choice":"Removed Curse","floor":36,"damage_taken":0},{"event_name":"Tomb of Lord Red Mask","player_choice":"Paid","floor":37,"damage_taken":0},{"event_name":"Mysterious Sphere","player_choice":"Fight","floor":46,"damage_taken":0}],"boss_relics":[{"not_picked":["Philosopher\u0027s Stone","Snecko Eye"],"picked":"Ectoplasm"},{"not_picked":["Cursed Key","Sozu"],"picked":"Lizard Tail"}],"items_purged_floors":[],"potions_floor_spawned":[8,10,13,18,27,33,38,41,46],"seed_played":"4884936661101567788","ascension_level":1,"potions_obtained":[{"floor":8,"key":"SteroidPotion"},{"floor":10,"key":"FairyPotion"},{"floor":13,"key":"Swift Potion"},{"floor":18,"key":"Fire Potion"},{"floor":27,"key":"Weak Potion"},{"floor":33,"key":"Dexterity Potion"},{"floor":41,"key":"PowerPotion"},{"floor":46,"key":"AttackPotion"}],"is_trial":false}