{"gold_per_floor":[110,110,36,56,56,83,83,117,142,160,160,188,43,58,58,161,161,172,185,185,40,139,139,165,51,98,132,132,32,32,51,51,147,147,165,178,178,193,93,93,120,132,144,156,221,268,295,407,419,431],"floor_reached":51,"playtime":3148,"items_purged":["Strike_R","Defend_R"],"score":1261,"play_id":"92a7a5e8-e31b-4dec-8594-e178ce6a882b","local_time":"20190829224134","is_ascension_mode":true,"campfire_choices":[{"data":"Body Slam","floor":7,"key":"SMITH"},{"floor":15,"key":"REST"},{"data":"Armaments","floor":23,"key":"SMITH"},{"data":"Burning Pact","floor":28,"key":"SMITH"},{"data":"Shockwave","floor":30,"key":"SMITH"},{"floor":32,"key":"REST"},{"data":"Juggernaut","floor":40,"key":"SMITH"},{"data":"Bludgeon","floor":42,"key":"SMITH"},{"data":"Battle Trance","floor":44,"key":"SMITH"},{"data":"Madness","floor":49,"key":"SMITH"}],"neow_cost":"NONE","seed_source_timestamp":1253100270133000,"circlet_count":0,"master_deck":["AscendersBane","Strike_R+1","Strike_R","Defend_R","Defend_R","Bash+1","Battle Trance+1","Shrug It Off","Body Slam+1","Impervious","Power Through","Flame Barrier","Carnage","Shockwave+1","Juggernaut+1","Bludgeon+1","Armaments+1","Burning Pact+1","Metallicize+1","Barricade+1","Madness+1","Madness","Shrug It Off"],"relics":["Burning Blood","NeowsBlessing","Anchor","Lantern","Regal Pillow","Orichalcum","Oddly Smooth Stone","Cursed Key","Omamori","Whetstone","Bag of Preparation","Frozen Egg 2","Busted Crown","MawBank","Ornamental Fan","Calipers","Boot"],"potions_floor_usage":[8,16,24,33,33,38,38,50,50],"damage_taken":[{"damage":0,"enemies":"Jaw Worm","floor":1,"turns":1},{"damage":0,"enemies":"Small Slimes","floor":4,"turns":1},{"damage":0,"enemies":"Gremlin Nob","floor":6,"turns":1},{"damage":19,"enemies":"3 Sentries","floor":8,"turns":8},{"damage":0,"enemies":"2 Louse","floor":10,"turns":2},{"damage":31,"enemies":"Lagavulin","floor":12,"turns":7},{"damage":2,"enemies":"Looter","floor":14,"turns":3},{"damage":35,"enemies":"The Guardian","floor":16,"turns":15},{"damage":6,"enemies":"Chosen","floor":18,"turns":5},{"damage":9,"enemies":"2 Thieves","floor":19,"turns":4},{"damage":3,"enemies":"Slavers","floor":24,"turns":5},{"damage":20,"enemies":"Gremlin Leader","floor":27,"turns":5},{"damage":4,"enemies":"Snecko","floor":31,"turns":3},{"damage":11,"enemies":"Collector","floor":33,"turns":12},{"damage":0,"enemies":"3 Shapes","floor":35,"turns":5},{"damage":0,"enemies":"Orb Walker","floor":36,"turns":2},{"damage":0,"enemies":"3 Darklings","floor":38,"turns":4},{"damage":0,"enemies":"Reptomancer","floor":41,"turns":6},{"damage":2,"enemies":"2 Orb Walkers","floor":45,"turns":3},{"damage":0,"enemies":"Nemesis","floor":46,"turns":5},{"damage":0,"enemies":"Jaw Worm Horde","floor":47,"turns":4},{"damage":11,"enemies":"Time Eater","floor":50,"turns":9}],"seed_played":"2861153339282778472","potions_obtained":[{"floor":4,"key":"Fire Potion"},{"floor":6,"key":"Dexterity Potion"},{"floor":8,"key":"LiquidBronze"},{"floor":12,"key":"SpeedPotion"},{"floor":18,"key":"Explosive Potion"},{"floor":31,"key":"Swift Potion"},{"floor":35,"key":"Swift Potion"},{"floor":36,"key":"Fruit Juice"},{"floor":45,"key":"Ancient Potion"},{"floor":47,"key":"Weak Potion"}],"is_trial":false,"path_per_floor":["M","?","$","M","?","E","R","E","T","M","?","E","$","M","R","B",null,"M","M","?","$","?","R","E","$","T","E","R","$","R","M","R","B",null,"M","M","?","M","$","R","E","R","T","R","?","E","M","?","R","B",null],"character_chosen":"IRONCLAD","items_purchased":["Shrug It Off","Body Slam","Oddly Smooth Stone","Omamori","Burning Pact","EssenceOfSteel","Shrug It Off"],"campfire_rested":2,"item_purchase_floors":[3,3,13,21,25,39,39],"current_hp_per_floor":[78,83,83,85,85,85,85,72,72,78,78,53,53,57,85,56,78,78,75,75,75,75,75,78,78,78,64,64,64,64,66,85,80,84,85,85,74,85,85,85,90,90,90,90,90,90,90,90,90,85],"gold":443,"neow_bonus":"THREE_ENEMY_KILL","is_prod":false,"is_daily":false,"chose_seed":false,"campfire_upgraded":8,"win_rate":0,"timestamp":1567086094,"path_taken":["M","?","$","M","?","E","R","E","T","M","?","E","$","M","R","BOSS","M","M","?","$","?","R","E","?","T","E","R","?","R","M","R","BOSS","M","M","?","M","$","R","E","R","T","R","?","E","M","?","R","BOSS"],"build_version":"2019-07-17","purchased_purges":2,"victory":true,"max_hp_per_floor":[80,85,85,85,85,85,85,85,85,85,85,85,85,85,85,85,85,85,85,85,85,85,85,85,85,85,85,85,85,85,85,85,85,85,85,85,85,90,90,90,90,90,90,90,90,90,90,90,90,90],"card_choices":[{"not_picked":["Flex","Rupture"],"picked":"Battle Trance","floor":1},{"not_picked":["Flex","Wild Strike","Corruption"],"picked":"SKIP","floor":4},{"not_picked":["Heavy Blade","Body Slam","Wild Strike"],"picked":"SKIP","floor":6},{"not_picked":["Havoc","Combust"],"picked":"Power Through","floor":8},{"not_picked":["Whirlwind","Fire Breathing"],"picked":"Flame Barrier","floor":10},{"not_picked":["Reaper","Iron Wave"],"picked":"Carnage","floor":12},{"not_picked":["Armaments","Cleave"],"picked":"Shockwave","floor":14},{"not_picked":["Feed","Reaper"],"picked":"Juggernaut","floor":16},{"not_picked":["Reckless Charge","Seeing Red","Heavy Blade+1"],"picked":"SKIP","floor":18},{"not_picked":["Clash+1","Searing Blow","Cleave"],"picked":"SKIP","floor":19},{"not_picked":["Sentinel","Clash","Cleave"],"picked":"SKIP","floor":24},{"not_picked":["Sentinel","Pummel"],"picked":"Metallicize","floor":27},{"not_picked":["Carnage","Armaments","Searing Blow"],"picked":"SKIP","floor":31},{"not_picked":["Fiend Fire","Immolate"],"picked":"Barricade+1","floor":33},{"not_picked":["Anger+1"],"picked":"SKIP","floor":35},{"not_picked":["Infernal Blade+1"],"picked":"SKIP","floor":36},{"not_picked":["Thunderclap"],"picked":"SKIP","floor":38},{"not_picked":["Wild Strike+1"],"picked":"SKIP","floor":41},{"not_picked":["Sentinel"],"picked":"SKIP","floor":46},{"not_picked":["Carnage"],"picked":"SKIP","floor":47}],"player_experience":235968,"relics_obtained":[{"floor":6,"key":"Anchor"},{"floor":8,"key":"Lantern"},{"floor":9,"key":"Regal Pillow"},{"floor":12,"key":"Orichalcum"},{"floor":24,"key":"Whetstone"},{"floor":26,"key":"Bag of Preparation"},{"floor":27,"key":"Frozen Egg 2"},{"floor":41,"key":"MawBank"},{"floor":43,"key":"Ornamental Fan"},{"floor":45,"key":"Calipers"},{"floor":46,"key":"Boot"}],"event_choices":[{"damage_healed":0,"gold_gain":0,"player_choice":"Donut","damage_taken":0,"max_hp_gain":5,"max_hp_loss":0,"event_name":"Big Fish","floor":2,"gold_loss":0},{"damage_healed":0,"gold_gain":0,"cards_transformed":["Defend_R"],"player_choice":"Change","damage_taken":0,"max_hp_gain":0,"max_hp_loss":0,"event_name":"Living Wall","floor":5,"gold_loss":0,"cards_obtained":["Impervious"]},{"damage_healed":0,"gold_gain":0,"player_choice":"Ignored","damage_taken":0,"max_hp_gain":0,"max_hp_loss":0,"event_name":"Liars Game","floor":11,"gold_loss":0},{"damage_healed":0,"gold_gain":0,"cards_transformed":["Strike_R","Strike_R"],"player_choice":"Became Test Subject","damage_taken":0,"max_hp_gain":0,"max_hp_loss":0,"event_name":"Drug Dealer","floor":20,"gold_loss":0,"cards_obtained":["Bludgeon","Armaments"]},{"damage_healed":0,"gold_gain":99,"player_choice":"Stole From Cult","damage_taken":0,"max_hp_gain":0,"max_hp_loss":0,"event_name":"Nest","floor":22,"gold_loss":0},{"damage_healed":0,"gold_gain":0,"player_choice":"Embrace Madness","damage_taken":11,"max_hp_gain":0,"max_hp_loss":0,"event_name":"Winding Halls","floor":37,"gold_loss":0,"cards_obtained":["Madness","Madness"]},{"damage_healed":0,"gold_gain":0,"player_choice":"Fight","damage_taken":0,"max_hp_gain":0,"max_hp_loss":0,"event_name":"Mysterious Sphere","floor":45,"gold_loss":0},{"damage_healed":0,"gold_gain":100,"player_choice":"Pray","damage_taken":0,"max_hp_gain":0,"max_hp_loss":0,"event_name":"Golden Shrine","floor":48,"gold_loss":0}],"is_beta":false,"boss_relics":[{"not_picked":["Snecko Eye","Orrery"],"picked":"Cursed Key"},{"not_picked":["Eternal Feather","Pandora\u0027s Box"],"picked":"Busted Crown"}],"items_purged_floors":[25,29],"is_endless":false,"potions_floor_spawned":[4,6,8,12,18,31,35,36,45,47],"ascension_level":10}