{"path_per_floor":["M","M","M","?","?","E","?","M","T","E","$","M","E","?","R","B",null,"M","M","M","?","?","E","R","M","T","E","R","M","M","?","R","B",null,"M","M","M","?","$","R","M","?","T","R","M","M","E","M","R","B"],"character_chosen":"IRONCLAD","items_purchased":["Red Skull","Hemokinesis","Lantern","Sadistic Nature","Armaments","Peace Pipe","Juzu Bracelet","Regen Potion","Regen Potion","Purity"],"gold_per_floor":[112,127,137,137,137,178,253,268,295,338,9,33,64,314,314,433,433,453,472,492,492,492,525,525,545,545,580,580,605,630,580,580,710,710,723,738,757,1090,13,13,28,28,28,28,41,58,85,98,98,98],"floor_reached":51,"campfire_rested":3,"playtime":4401,"current_hp_per_floor":[88,88,82,82,85,68,57,59,59,57,57,63,57,57,57,49,98,80,70,71,108,92,77,77,78,78,69,101,108,99,99,99,50,86,71,54,23,23,23,48,34,34,34,34,59,54,57,51,76,26],"items_purged":["Regret"],"gold":98,"play_id":"63fa525f-a689-44f5-b28b-1a60d086db4b","is_prod":false,"is_daily":false,"is_ascension_mode":false,"campfire_upgraded":3,"path_taken":["M","M","M","?","?","E","?","?","T","E","$","M","E","?","R","BOSS","M","M","M","?","?","E","R","M","T","E","R","M","M","?","R","BOSS","M","M","?","?","$","R","M","?","T","R","M","M","E","M","R","BOSS"],"build_version":"2018-01-25-PROD3","purchased_purges":1,"victory":true,"master_deck":["Strike_R","Strike_R","Strike_R","Strike_R","Strike_R","Defend_R","Defend_R","Defend_R+1","Defend_R","Bash","Iron Wave","Pommel Strike","Uppercut","Battle Trance+1","Anger","Hemokinesis","Pommel Strike","Armaments+1","Double Tap+1","Perfected Strike+1","Warcry+1","Disarm+1","Necronomicurse","Uppercut+1","Rupture+1","Heavy Blade+1","Iron Wave","Flex","Impervious","Pommel Strike","Blood for Blood+1","Shrug It Off","Sadistic Nature","Armaments","Reaper","Sadistic Nature","Twin Strike+1","Disarm+1","Shrug It Off+1","Whirlwind"],"max_hp_per_floor":[88,88,88,88,98,98,98,98,98,98,98,98,98,98,98,98,98,98,98,98,108,108,108,108,108,108,108,108,108,108,108,108,108,86,86,86,86,86,86,86,86,86,86,86,86,86,86,86,86,86],"relics":["Black Blood","Pear","Meat on the Bone","Ancient Tea Set","Pen Nib","Red Skull","Happy Flower","Necronomicon","Darkstone Periapt","Thread and Needle","Calipers","Runic Cube","Lantern","Peace Pipe","Juzu Bracelet","War Paint","Charon\u0027s Ashes"],"card_choices":[{"not_picked":["Second Wind","Wild Strike"],"picked":"Iron Wave"},{"not_picked":["Cleave","Armaments"],"picked":"Reaper"},{"not_picked":["Corruption","Shockwave"],"picked":"Pommel Strike"},{"not_picked":["Clothesline","Wild Strike"],"picked":"Uppercut"},{"not_picked":["Twin Strike","True Grit"],"picked":"Battle Trance"},{"not_picked":["Pommel Strike","Disarm"],"picked":"Anger"},{"not_picked":["Rage","Wild Strike"],"picked":"Pommel Strike"},{"not_picked":["Offering","Flex"],"picked":"Armaments"},{"not_picked":["Bludgeon","Reaper"],"picked":"Double Tap"},{"not_picked":["Fire Breathing","Twin Strike"],"picked":"Perfected Strike"},{"not_picked":["Headbutt","Searing Blow"],"picked":"Warcry"},{"not_picked":["Pummel","Feel No Pain"],"picked":"Disarm"},{"not_picked":["Barricade","Warcry"],"picked":"Uppercut"},{"not_picked":["Thunderclap","Evolve"],"picked":"Rupture"},{"not_picked":["Anger","Dual Wield"],"picked":"Heavy Blade"},{"not_picked":["Second Wind","Searing Blow"],"picked":"Iron Wave"},{"not_picked":["Twin Strike","Iron Wave"],"picked":"Flex"},{"not_picked":["Limit Break","Brutality"],"picked":"Impervious"},{"not_picked":["Heavy Blade","Twin Strike"],"picked":"Pommel Strike"},{"not_picked":["Intimidate","Corruption"],"picked":"Blood for Blood"},{"not_picked":["Iron Wave","Clash"],"picked":"Shrug It Off"},{"not_picked":["Cleave","Bloodletting"],"picked":"Reaper"},{"not_picked":["Heavy Blade","Iron Wave"],"picked":"Twin Strike"},{"not_picked":["Clothesline","Thunderclap"],"picked":"Disarm"},{"not_picked":["Twin Strike","Intimidate"],"picked":"Shrug It Off"},{"not_picked":["Flex","Sever Soul"],"picked":"Whirlwind"}],"player_experience":42230,"potions_floor_usage":[6,16,20,23,27,27,30,45,50,50],"damage_taken":[{"damage":1,"enemies":"2 Louse","floor":1,"turns":2},{"damage":0,"enemies":"Small Slimes","floor":2,"turns":3},{"damage":12,"enemies":"Blue Slaver","floor":3,"turns":4},{"damage":35,"enemies":"3 Sentries","floor":6,"turns":8},{"damage":4,"enemies":"2 Fungi Beasts","floor":8,"turns":3},{"damage":24,"enemies":"Gremlin Nob","floor":10,"turns":5},{"damage":12,"enemies":"Large Slime","floor":12,"turns":3},{"damage":19,"enemies":"Lagavulin","floor":13,"turns":5},{"damage":26,"enemies":"Hexaghost","floor":16,"turns":8},{"damage":28,"enemies":"Spheric Guardian","floor":18,"turns":4},{"damage":36,"enemies":"3 Byrds","floor":19,"turns":6},{"damage":9,"enemies":"Snake Plant","floor":20,"turns":2},{"damage":25,"enemies":"Book of Stabbing","floor":23,"turns":4},{"damage":9,"enemies":"3 Cultists","floor":25,"turns":3},{"damage":28,"enemies":"Gremlin Leader","floor":27,"turns":4},{"damage":0,"enemies":"Snecko","floor":29,"turns":3},{"damage":19,"enemies":"Slaver and Parasite","floor":30,"turns":5},{"damage":71,"enemies":"Automaton","floor":33,"turns":7},{"damage":25,"enemies":"3 Shapes","floor":35,"turns":3},{"damage":39,"enemies":"3 Darklings","floor":36,"turns":5},{"damage":53,"enemies":"4 Shapes","floor":37,"turns":6},{"damage":36,"enemies":"Sphere and 2 Shapes","floor":41,"turns":4},{"damage":30,"enemies":"3 Darklings","floor":45,"turns":5},{"damage":15,"enemies":"Maw","floor":46,"turns":5},{"damage":31,"enemies":"2 Orb Walkers","floor":47,"turns":4},{"damage":28,"enemies":"4 Shapes","floor":48,"turns":5},{"damage":88,"enemies":"Time Eater","floor":50,"turns":10}],"event_choices":[{"event_name":"Golden Idol","player_choice":"Take Wound","floor":4,"damage_taken":0},{"event_name":"Scrap Ooze","player_choice":"success","floor":5,"damage_taken":7},{"event_name":"World of Goop","player_choice":"Gather Gold","floor":7,"damage_taken":0},{"event_name":"Golden Shrine","player_choice":"Desecrate","floor":14,"damage_taken":0},{"event_name":"Bonfire Elementals","player_choice":"RARE","floor":21,"damage_taken":0},{"event_name":"Cursed Tome","player_choice":"Obtained Book","floor":22,"damage_taken":0},{"event_name":"The Joust","player_choice":"Bet on Owner","floor":31,"damage_taken":0},{"event_name":"The Moai Head","player_choice":"Gave Idol","floor":38,"damage_taken":0},{"event_name":"Transmorgrifier","player_choice":"Transform","floor":42,"damage_taken":0}],"boss_relics":[{"not_picked":["White Beast Statue","Orrery"],"picked":"Black Blood"},{"not_picked":["Snecko Eye","Philosopher\u0027s Stone"],"picked":"Runic Cube"}],"potions_floor_spawned":[1,6,10,13,19,20,23,45,46,47,48],"seed_played":"220022204030708449","ascension_level":0,"is_trial":false}