{"gold_per_floor":[112,125,143,143,162,223,237,254,332,332,364,364,376,395,395,493,493,504,168,168,183,183],"floor_reached":22,"playtime":1947,"items_purged":["Defend_R"],"score":310,"play_id":"5bc1373d-3024-49f5-a08a-6e22a6ced4ab","local_time":"20190713141221","is_ascension_mode":true,"campfire_choices":[{"floor":10,"key":"REST"},{"data":"Entrench","floor":12,"key":"SMITH"},{"data":"Armaments","floor":15,"key":"SMITH"}],"neow_cost":"NONE","seed_source_timestamp":246798932339415,"circlet_count":0,"master_deck":["Strike_R","Strike_R","Strike_R","Strike_R","Strike_R","Defend_R","Defend_R","Bash","Feed","Inflame","Entrench+1","Combust","Disarm","Pommel Strike","Metallicize","Blood for Blood","Shrug It Off","Shrug It Off","Dropkick","Armaments+1","Berserk","Heavy Blade","Power Through"],"relics":["Burning Blood","Tiny Chest","Pear","Paper Frog","Philosopher\u0027s Stone","Mercury Hourglass"],"potions_floor_usage":[8],"damage_taken":[{"damage":7,"enemies":"Jaw Worm","floor":1,"turns":6},{"damage":0,"enemies":"Cultist","floor":2,"turns":2},{"damage":10,"enemies":"Small Slimes","floor":3,"turns":4},{"damage":27,"enemies":"Exordium Thugs","floor":5,"turns":6},{"damage":44,"enemies":"3 Sentries","floor":6,"turns":8},{"damage":13,"enemies":"2 Fungi Beasts","floor":7,"turns":3},{"damage":8,"enemies":"Large Slime","floor":8,"turns":5},{"damage":30,"enemies":"Gremlin Nob","floor":11,"turns":5},{"damage":5,"enemies":"Blue Slaver","floor":13,"turns":7},{"damage":0,"enemies":"2 Fungi Beasts","floor":14,"turns":4},{"damage":20,"enemies":"Hexaghost","floor":16,"turns":10},{"damage":37,"enemies":"2 Thieves","floor":18,"turns":4},{"damage":25,"enemies":"Shell Parasite","floor":21,"turns":6},{"damage":40,"enemies":"Snake Plant","floor":22,"turns":2}],"seed_played":"3894087873629723862","potions_obtained":[{"floor":1,"key":"BloodPotion"},{"floor":5,"key":"SpeedPotion"},{"floor":6,"key":"SteroidPotion"},{"floor":8,"key":"FearPotion"}],"is_trial":false,"path_per_floor":["M","M","M","?","M","E","M","M","T","R","E","R","M","M","R","B",null,"M","$","?","M","M"],"character_chosen":"IRONCLAD","items_purchased":["Mercury Hourglass"],"campfire_rested":1,"item_purchase_floors":[19],"current_hp_per_floor":[74,83,82,82,64,26,22,23,33,65,44,44,45,54,54,40,96,68,68,57,38,0],"gold":183,"neow_bonus":"ONE_RANDOM_RARE_CARD","is_prod":false,"is_daily":false,"chose_seed":false,"campfire_upgraded":2,"win_rate":0,"timestamp":1563041541,"path_taken":["M","M","M","?","M","E","M","?","T","R","E","R","M","M","R","BOSS","M","$","?","?","M"],"build_version":"2019-07-05","purchased_purges":1,"victory":false,"max_hp_per_floor":[83,86,89,89,92,92,95,98,108,108,111,111,111,114,114,114,114,117,117,117,117,117],"card_choices":[{"not_picked":["Second Wind","Spot Weakness"],"picked":"Inflame","floor":1},{"not_picked":["Headbutt","Fire Breathing"],"picked":"Entrench","floor":2},{"not_picked":["Flex","Havoc"],"picked":"Combust","floor":3},{"not_picked":["Hemokinesis","Second Wind"],"picked":"Pommel Strike","floor":5},{"not_picked":["Iron Wave","Thunderclap"],"picked":"Metallicize","floor":6},{"not_picked":["Flex","Thunderclap"],"picked":"Blood for Blood","floor":7},{"not_picked":["Uppercut","Rage"],"picked":"Shrug It Off","floor":8},{"not_picked":["Whirlwind","Body Slam"],"picked":"Shrug It Off","floor":11},{"not_picked":["Pommel Strike","Havoc"],"picked":"Dropkick","floor":13},{"not_picked":["Headbutt","Shrug It Off"],"picked":"Armaments","floor":14},{"not_picked":["Impervious","Immolate"],"picked":"Berserk","floor":16},{"not_picked":["Sever Soul","Flex"],"picked":"Heavy Blade","floor":18},{"not_picked":["Shrug It Off","Perfected Strike"],"picked":"Power Through","floor":21}],"player_experience":221800,"relics_obtained":[{"floor":6,"key":"Tiny Chest"},{"floor":9,"key":"Pear"},{"floor":11,"key":"Paper Frog"}],"event_choices":[{"damage_healed":0,"gold_gain":0,"cards_transformed":["Defend_R"],"player_choice":"Transformed","damage_taken":0,"max_hp_gain":0,"max_hp_loss":0,"event_name":"Transmorgrifier","floor":4,"gold_loss":0,"cards_obtained":["Disarm"]},{"damage_healed":0,"gold_gain":0,"player_choice":"Damaged","damage_taken":11,"max_hp_gain":0,"max_hp_loss":0,"event_name":"Wheel of Change","floor":20,"gold_loss":0}],"is_beta":false,"boss_relics":[{"not_picked":["Ectoplasm","Pandora\u0027s Box"],"picked":"Philosopher\u0027s Stone"}],"items_purged_floors":[19],"is_endless":false,"potions_floor_spawned":[1,5,6,8,18],"killed_by":"Snake Plant","ascension_level":6}