{"gold_per_floor":[20,36,56,56,71,71,71,87,141,141,241,258,258,258,258,258],"floor_reached":16,"playtime":588,"items_purged":[],"score":129,"play_id":"436f0b84-dae1-40b1-8737-5c9e2ad24f30","local_time":"20190105190833","is_ascension_mode":true,"campfire_choices":[{"data":"Clothesline","floor":6,"key":"SMITH"},{"floor":10,"key":"REST"},{"data":"Offering","floor":13,"key":"SMITH"},{"data":"Thunderclap","floor":15,"key":"SMITH"}],"neow_cost":"NO_GOLD","seed_source_timestamp":553702251311145,"circlet_count":0,"master_deck":["Strike_R","Strike_R","Strike_R","Strike_R","Strike_R","Defend_R","Defend_R","Defend_R","Defend_R","Bash","Reaper","Cleave","Thunderclap+1","Clothesline+1","Regret","Ghostly Armor","Offering+1","Flex"],"relics":["Burning Blood","Mercury Hourglass","Centennial Puzzle"],"potions_floor_usage":[],"damage_taken":[{"damage":6,"enemies":"Cultist","floor":1,"turns":4},{"damage":17,"enemies":"Small Slimes","floor":2,"turns":5},{"damage":3,"enemies":"2 Louse","floor":3,"turns":2},{"damage":3,"enemies":"2 Fungi Beasts","floor":5,"turns":2},{"damage":27,"enemies":"Exordium Thugs","floor":8,"turns":5},{"damage":3,"enemies":"3 Louse","floor":12,"turns":3},{"damage":89,"enemies":"Hexaghost","floor":16,"turns":13}],"seed_played":"-1787240296375299928","potions_obtained":[{"floor":5,"key":"Ancient Potion"},{"floor":8,"key":"Energy Potion"}],"is_trial":false,"path_per_floor":["M","M","M","?","M","R","$","M","T","R","?","M","R","?","R","B"],"character_chosen":"IRONCLAD","items_purchased":[],"campfire_rested":1,"item_purchase_floors":[],"current_hp_per_floor":[73,66,76,76,79,79,79,58,58,80,80,80,80,80,80,0],"gold":258,"neow_bonus":"THREE_RARE_CARDS","is_prod":false,"is_daily":false,"chose_seed":false,"campfire_upgraded":3,"win_rate":0,"timestamp":1546682913,"path_taken":["M","M","M","?","M","R","$","M","T","R","?","?","R","?","R","BOSS"],"build_version":"2019-01-03v4","purchased_purges":0,"victory":false,"max_hp_per_floor":[80,80,80,80,80,80,80,80,80,80,80,80,80,80,80,80],"card_choices":[{"not_picked":["Demon Form","Brutality"],"picked":"Reaper","floor":0},{"not_picked":["Twin Strike","Warcry"],"picked":"Cleave","floor":1},{"not_picked":["Anger","Spot Weakness"],"picked":"Thunderclap","floor":2},{"not_picked":["Warcry","Reckless Charge"],"picked":"Clothesline","floor":3},{"not_picked":["Heavy Blade","Sword Boomerang"],"picked":"Ghostly Armor","floor":5},{"not_picked":["Seeing Red","True Grit"],"picked":"Offering","floor":8},{"not_picked":["Heavy Blade","Twin Strike"],"picked":"Flex","floor":12}],"player_experience":158479,"relics_obtained":[{"floor":9,"key":"Centennial Puzzle"}],"event_choices":[{"damage_healed":0,"gold_gain":0,"player_choice":"Box","damage_taken":0,"relics_obtained":["Mercury Hourglass"],"max_hp_gain":0,"max_hp_loss":0,"event_name":"Big Fish","floor":4,"gold_loss":0,"cards_obtained":["Regret"]},{"damage_healed":0,"gold_gain":100,"player_choice":"Pray","damage_taken":0,"max_hp_gain":0,"max_hp_loss":0,"event_name":"Golden Shrine","floor":11,"gold_loss":0},{"damage_healed":0,"gold_gain":0,"player_choice":"Searched \u00270\u0027 times","damage_taken":0,"max_hp_gain":0,"max_hp_loss":0,"event_name":"Dead Adventurer","floor":14,"gold_loss":0}],"is_beta":false,"boss_relics":[],"items_purged_floors":[],"is_endless":false,"potions_floor_spawned":[5,8],"killed_by":"Hexaghost","ascension_level":8}