{"gold_per_floor":[109,126,142,67,67,106,106,184,184,184,209,209,209,234,234,359,359,383,383,406,421,336,336,377,76,124,124,167,167,186,200,200,324,324,342,7,27,46,61,61,97,97,97,97,48,348,13,52,52,52,52,52,4,45,45],"floor_reached":55,"playtime":2497,"items_purged":["Parasite"],"score":976,"play_id":"349c7a08-1f3b-4707-88dc-ca17a871cc66","local_time":"20181204203227","is_ascension_mode":true,"campfire_choices":[{"floor":7,"key":"RECALL"},{"data":"Zap","floor":12,"key":"SMITH"},{"floor":15,"key":"REST"},{"floor":23,"key":"REST"},{"data":"Echo Form","floor":29,"key":"SMITH"},{"floor":32,"key":"REST"},{"data":"Rainbow","floor":40,"key":"SMITH"},{"data":"Gash","floor":42,"key":"SMITH"},{"data":"Gash","floor":44,"key":"SMITH"},{"data":"Defragment","floor":49,"key":"SMITH"},{"data":"Defragment","floor":52,"key":"SMITH"}],"neow_cost":"NONE","seed_source_timestamp":1453387195940586,"circlet_count":0,"master_deck":["Zap+1","Dualcast+1","Leap","Self Repair","Rip and Tear","Doom and Gloom","Self Repair","Go for the Eyes","Coolheaded","Glacier","Echo Form+1","Go for the Eyes","Gash+1","Cold Snap","Coolheaded","FTL","Ball Lightning","BootSequence","Gash","Gash+1","Static Discharge+1","Cold Snap","Beam Cell","Leap","Rainbow+1","Gash+1","Defragment+1","Leap+1","Defragment+1","Redo+1"],"relics":["Cracked Core","Golden Idol","Matryoshka","Ginger","War Paint","Pandora\u0027s Box","PreservedInsect","Bronze Scales","Happy Flower","Strawberry","Du-Vu Doll","Bag of Marbles","Darkstone Periapt","Eternal Feather","Shuriken","Toxic Egg 2","Pantograph","Pear","Unceasing Top","Bottled Tornado"],"potions_floor_usage":[6,11,16,33,39,41,48,50,50,50,54,55],"damage_taken":[{"damage":2,"enemies":"Cultist","floor":1,"turns":4},{"damage":5,"enemies":"2 Louse","floor":2,"turns":2},{"damage":5,"enemies":"Small Slimes","floor":3,"turns":3},{"damage":45,"enemies":"Lagavulin","floor":6,"turns":7},{"damage":26,"enemies":"3 Sentries","floor":8,"turns":5},{"damage":15,"enemies":"Looter","floor":11,"turns":5},{"damage":13,"enemies":"3 Louse","floor":14,"turns":3},{"damage":58,"enemies":"Slime Boss","floor":16,"turns":12},{"damage":40,"enemies":"3 Byrds","floor":18,"turns":4},{"damage":19,"enemies":"2 Thieves","floor":21,"turns":3},{"damage":28,"enemies":"Slavers","floor":24,"turns":4},{"damage":19,"enemies":"Book of Stabbing","floor":28,"turns":3},{"damage":34,"enemies":"Snecko","floor":30,"turns":5},{"damage":25,"enemies":"Cultist and Chosen","floor":31,"turns":4},{"damage":50,"enemies":"Champ","floor":33,"turns":9},{"damage":25,"enemies":"3 Darklings","floor":35,"turns":6},{"damage":10,"enemies":"Orb Walker","floor":37,"turns":3},{"damage":23,"enemies":"Spire Growth","floor":38,"turns":5},{"damage":28,"enemies":"3 Darklings","floor":39,"turns":4},{"damage":28,"enemies":"Nemesis","floor":41,"turns":6},{"damage":28,"enemies":"Giant Head","floor":48,"turns":8},{"damage":55,"enemies":"Time Eater","floor":50,"turns":8},{"damage":52,"enemies":"Shield and Spear","floor":54,"turns":5},{"damage":108,"enemies":"The Heart","floor":55,"turns":6}],"seed_played":"-6503581583153925621","potions_obtained":[{"floor":1,"key":"Weak Potion"},{"floor":2,"key":"Energy Potion"},{"floor":8,"key":"Regen Potion"},{"floor":16,"key":"GamblersBrew"},{"floor":18,"key":"FocusPotion"},{"floor":24,"key":"Energy Potion"},{"floor":28,"key":"FocusPotion"},{"floor":35,"key":"Fire Potion"},{"floor":48,"key":"Dexterity Potion"},{"floor":54,"key":"Block Potion"}],"is_trial":false,"path_per_floor":["M","M","M","$","?","E","R","?","T","?","M","R","?","M","R","B",null,"M","?","T","M","?","R","E","$","T","?","E","R","M","M","R","B",null,"M","$","M","M","M","R","E","R","T","R","$","?","$","E","R","B",null,"R","$","E","B"],"character_chosen":"DEFECT","items_purchased":["Self Repair","Du-Vu Doll","Shuriken","PowerPotion","Pear","Defragment","PowerPotion","Energy Potion"],"campfire_rested":3,"item_purchase_floors":[4,25,36,45,47,47,47,53],"current_hp_per_floor":[73,75,75,75,75,44,44,25,25,43,56,56,56,57,75,31,64,31,56,56,37,37,59,45,45,45,82,77,77,71,60,82,46,73,76,76,79,70,56,71,57,72,72,79,79,79,89,68,86,34,75,89,89,51,0],"gold":45,"neow_bonus":"THREE_CARDS","is_prod":false,"is_daily":false,"chose_seed":false,"campfire_upgraded":7,"win_rate":0,"timestamp":1543951947,"path_taken":["M","?","?","$","?","E","R","?","T","?","M","R","?","M","R","BOSS","M","?","?","?","?","R","E","$","T","?","E","R","M","?","R","BOSS","M","$","M","?","M","R","E","R","T","R","$","?","$","E","R","BOSS","R","$","E","BOSS"],"build_version":"2018-11-15","purchased_purges":1,"victory":false,"max_hp_per_floor":[75,75,75,75,75,75,75,75,75,75,75,75,75,75,75,75,75,75,75,75,75,75,75,82,82,82,82,82,82,82,82,82,82,82,82,79,79,79,79,79,79,79,79,79,79,79,89,89,89,89,89,89,89,89,89],"card_choices":[{"not_picked":["Steam Power","Compile Driver"],"picked":"Leap","floor":0},{"not_picked":["Hello World","Consume"],"picked":"Self Repair","floor":1},{"not_picked":["Rebound","Hologram"],"picked":"Rip and Tear","floor":2},{"not_picked":["Double Energy","Skim"],"picked":"Doom and Gloom","floor":3},{"not_picked":["Meteor Strike","Rebound"],"picked":"Go for the Eyes","floor":6},{"not_picked":["Stack","Turbo"],"picked":"Coolheaded","floor":8},{"not_picked":["Skim","Compile Driver"],"picked":"BootSequence","floor":11},{"not_picked":["Turbo","Beam Cell"],"picked":"Glacier","floor":14},{"not_picked":["Reboot","Multi-Cast"],"picked":"Echo Form","floor":16},{"not_picked":["Glacier","Conserve Battery"],"picked":"Gash","floor":18},{"not_picked":["Barrage","Compile Driver"],"picked":"Static Discharge+1","floor":21},{"not_picked":["Doom and Gloom","Consume"],"picked":"Cold Snap","floor":24},{"not_picked":["Turbo+1","Ball Lightning","Coolheaded"],"picked":"SKIP","floor":28},{"not_picked":["Barrage","Streamline"],"picked":"Beam Cell","floor":30},{"not_picked":["Rebound+1","Storm+1"],"picked":"Leap","floor":31},{"not_picked":["Meteor Strike","Fission"],"picked":"Rainbow","floor":33},{"not_picked":["Auto Shields","Stack"],"picked":"Gash+1","floor":35},{"not_picked":["Consume","Cold Snap"],"picked":"Defragment","floor":37},{"not_picked":["Chaos","Go for the Eyes"],"picked":"Leap+1","floor":38},{"not_picked":["Compile Driver+1","Stack+1","Heatsinks"],"picked":"SKIP","floor":39},{"not_picked":["Steam+1","Capacitor","Rebound+1"],"picked":"SKIP","floor":41},{"not_picked":["Amplify+1","Reprogram+1"],"picked":"Redo+1","floor":48},{"not_picked":["Compile Driver","Scrape+1","Sweeping Beam"],"picked":"SKIP","floor":54}],"player_experience":324085,"relics_obtained":[{"floor":6,"key":"Matryoshka"},{"floor":8,"key":"Ginger"},{"floor":9,"key":"War Paint"},{"floor":20,"key":"PreservedInsect"},{"floor":20,"key":"Bronze Scales"},{"floor":24,"key":"Strawberry"},{"floor":26,"key":"Bag of Marbles"},{"floor":28,"key":"Darkstone Periapt"},{"floor":41,"key":"Toxic Egg 2"},{"floor":43,"key":"Pantograph"},{"floor":48,"key":"Unceasing Top"},{"floor":54,"key":"Bottled Tornado"}],"event_choices":[{"damage_healed":0,"gold_gain":0,"player_choice":"Take Wound","damage_taken":0,"relics_obtained":["Golden Idol"],"max_hp_gain":0,"max_hp_loss":0,"event_name":"Golden Idol","floor":5,"gold_loss":0,"cards_obtained":["Injury"]},{"damage_healed":0,"gold_gain":0,"player_choice":"Searched \u00271\u0027 times","damage_taken":0,"max_hp_gain":0,"max_hp_loss":0,"event_name":"Dead Adventurer","floor":8,"gold_loss":0},{"damage_healed":18,"gold_gain":0,"player_choice":"Healed and dodged fight","damage_taken":0,"max_hp_gain":0,"max_hp_loss":0,"event_name":"Mushrooms","floor":10,"gold_loss":0,"cards_obtained":["Parasite"]},{"cards_removed":["Injury"],"damage_healed":0,"gold_gain":0,"player_choice":"Forget","damage_taken":0,"max_hp_gain":0,"max_hp_loss":0,"event_name":"Living Wall","floor":13,"gold_loss":0},{"damage_healed":25,"gold_gain":0,"player_choice":"Heal","damage_taken":0,"max_hp_gain":0,"max_hp_loss":0,"event_name":"The Library","floor":19,"gold_loss":0},{"damage_healed":0,"gold_gain":0,"player_choice":"Obtained Relic","damage_taken":0,"relics_obtained":["Happy Flower"],"max_hp_gain":0,"max_hp_loss":0,"event_name":"Addict","floor":22,"gold_loss":85},{"cards_removed":["BootSequence"],"damage_healed":37,"gold_gain":0,"player_choice":"Offered Uncommon","damage_taken":0,"max_hp_gain":0,"max_hp_loss":0,"event_name":"Bonfire Elementals","floor":27,"gold_loss":0},{"damage_healed":0,"gold_gain":300,"player_choice":"Gold","damage_taken":0,"max_hp_gain":0,"max_hp_loss":0,"event_name":"Wheel of Change","floor":46,"gold_loss":0}],"is_beta":false,"boss_relics":[{"not_picked":["Busted Crown","Astrolabe"],"picked":"Pandora\u0027s Box"},{"not_picked":["Snecko Eye","Orrery"],"picked":"Eternal Feather"}],"items_purged_floors":[36],"is_endless":false,"potions_floor_spawned":[1,2,8,16,18,24,28,35,37,48,54],"killed_by":"The Heart","ascension_level":5}