{"path_per_floor":["M","?","?","$","M","R","E","$","T","M","M","M","E","M","R","B",null,"M","M","M","?","?","R","E"],"character_chosen":"IRONCLAD","items_purchased":["Lantern"],"gold_per_floor":[111,111,111,111,126,126,153,3,3,19,39,58,88,103,103,199,199,199,199,199,199,199,199,199,199],"floor_reached":25,"campfire_rested":0,"playtime":926,"current_hp_per_floor":[75,75,75,75,74,74,61,61,61,67,58,56,46,44,44,29,80,80,74,64,64,64,64,15,0],"items_purged":[],"gold":199,"score":245,"play_id":"b53d276b-5752-4959-a98b-321a71ff3044","local_time":"20180521205453","is_prod":false,"is_daily":false,"chose_seed":false,"is_ascension_mode":true,"campfire_upgraded":2,"timestamp":1526928893,"campfire_choices":[{"data":"Flex","floor":6,"key":"SMITH"},{"data":"Armaments","floor":15,"key":"SMITH"},{"floor":23,"key":"DIG"}],"path_taken":["M","?","?","$","?","R","E","?","T","M","M","M","E","M","R","BOSS","M","?","M","?","?","R","E","M"],"build_version":"2018-05-17","seed_source_timestamp":474554487961091,"purchased_purges":0,"victory":false,"master_deck":["Strike_R+1","Strike_R+1","Strike_R+1","Strike_R+1","Strike_R+1","Defend_R+1","Defend_R+1","Defend_R+1","Defend_R+1","Bash","Twin Strike+1","Flex+1","Armaments+1","Spot Weakness","Inflame","Inflame","Flex","Double Tap","Limit Break","Pommel Strike","Cleave","Thunderclap","Writhe","Warcry+1"],"max_hp_per_floor":[80,80,80,80,80,80,80,80,80,80,80,80,80,80,80,80,80,80,80,80,80,80,80,80,80],"relics":["Burning Blood","Whetstone","Lantern","Pantograph","Boot","Ectoplasm","Shovel","Charon\u0027s Ashes","Bronze Scales"],"card_choices":[{"not_picked":["Clothesline","Perfected Strike"],"picked":"Twin Strike","floor":1},{"not_picked":["Clothesline","Whirlwind"],"picked":"Flex","floor":5},{"not_picked":["Pommel Strike","Corruption"],"picked":"Armaments","floor":7},{"not_picked":["Searing Blow","Iron Wave"],"picked":"Spot Weakness","floor":10},{"not_picked":["Spot Weakness","Clothesline"],"picked":"Inflame","floor":11},{"not_picked":["Iron Wave","Perfected Strike"],"picked":"Inflame","floor":12},{"not_picked":["Combust","Headbutt"],"picked":"Flex","floor":13},{"not_picked":["Flex","Bloodletting"],"picked":"Double Tap","floor":14},{"not_picked":["Berserk","Brutality"],"picked":"Limit Break","floor":16},{"not_picked":["Body Slam","Headbutt"],"picked":"Pommel Strike","floor":18},{"not_picked":["Dropkick","Sword Boomerang"],"picked":"Cleave","floor":19},{"not_picked":["Burning Pact","Body Slam+1"],"picked":"Thunderclap","floor":20},{"not_picked":["Pummel+1","Bloodletting"],"picked":"Warcry+1","floor":24}],"player_experience":131334,"potions_floor_usage":[7,11,24,25],"damage_taken":[{"damage":11,"enemies":"Jaw Worm","floor":1,"turns":2},{"damage":7,"enemies":"2 Louse","floor":5,"turns":2},{"damage":31,"enemies":"Lagavulin","floor":7,"turns":5},{"damage":0,"enemies":"Cultist","floor":10,"turns":2},{"damage":15,"enemies":"Exordium Thugs","floor":11,"turns":4},{"damage":8,"enemies":"Gremlin Gang","floor":12,"turns":3},{"damage":16,"enemies":"Gremlin Nob","floor":13,"turns":3},{"damage":8,"enemies":"2 Fungi Beasts","floor":14,"turns":3},{"damage":46,"enemies":"Slime Boss","floor":16,"turns":13},{"damage":5,"enemies":"Shell Parasite","floor":18,"turns":3},{"damage":12,"enemies":"3 Byrds","floor":19,"turns":4},{"damage":16,"enemies":"Snake Plant","floor":20,"turns":2},{"damage":55,"enemies":"Slavers","floor":24,"turns":6},{"damage":20,"enemies":"Centurion and Healer","floor":25,"turns":3}],"relics_obtained":[{"floor":7,"key":"Whetstone"},{"floor":9,"key":"Pantograph"},{"floor":13,"key":"Boot"},{"floor":23,"key":"Charon\u0027s Ashes"},{"floor":24,"key":"Bronze Scales"}],"event_choices":[{"event_name":"The Cleric","player_choice":"Leave","floor":2,"damage_taken":0},{"event_name":"Golden Wing","player_choice":"Ignored","floor":3,"damage_taken":0},{"event_name":"Back to Basics","player_choice":"Simplicity","floor":21,"damage_taken":0},{"event_name":"The Mausoleum","player_choice":"Yes","floor":22,"damage_taken":0}],"boss_relics":[{"not_picked":["Eternal Feather","Mark of Pain"],"picked":"Ectoplasm"}],"potions_floor_spawned":[5,7,13,20],"seed_played":"8170933261066116959","killed_by":"Centurion and Healer","ascension_level":1,"potions_obtained":[{"floor":5,"key":"Regen Potion"},{"floor":7,"key":"AttackPotion"},{"floor":13,"key":"SpeedPotion"},{"floor":20,"key":"FearPotion"}],"is_trial":false}