{"gold_per_floor":[118,118,130,130,142,142,174,174,227,402,414,414,414,424,424,528,528,544,574,574,587,587,587,587],"floor_reached":24,"playtime":911,"items_purged":[],"score":241,"play_id":"b243bfd5-8f96-47e4-bf37-5a0160489367","local_time":"20180808214054","is_ascension_mode":true,"campfire_choices":[{"data":"Neutralize","floor":6,"key":"SMITH"},{"data":"Poisoned Stab","floor":8,"key":"SMITH"},{"data":"Noxious Fumes","floor":12,"key":"SMITH"},{"data":"Catalyst","floor":15,"key":"SMITH"},{"floor":23,"key":"REST"}],"neow_cost":"NONE","seed_source_timestamp":1057442760628131,"circlet_count":0,"master_deck":["Defend_G","Defend_G","Defend_G+1","Strike_G","Strike_G+1","Strike_G","Strike_G","Survivor","Neutralize+1","Bouncing Flask+1","Poisoned Stab+1","Flying Knee","Dagger Throw","Noxious Fumes+1","Catalyst+1","Doppelganger","Poisoned Stab+1","Infinite Blades+1","Reflex+1","Caltrops+1","Noxious Fumes+1","Setup"],"relics":["Ring of the Snake","Omamori","Ancient Tea Set","Blood Vial","Astrolabe","Red Mask"],"potions_floor_usage":[7,16,16,19,24],"damage_taken":[{"damage":1,"enemies":"Jaw Worm","floor":1,"turns":4},{"damage":6,"enemies":"Small Slimes","floor":3,"turns":4},{"damage":0,"enemies":"2 Louse","floor":5,"turns":2},{"damage":0,"enemies":"Lagavulin","floor":7,"turns":5},{"damage":0,"enemies":"2 Fungi Beasts","floor":11,"turns":2},{"damage":3,"enemies":"Looter","floor":14,"turns":2},{"damage":6,"enemies":"Slime Boss","floor":16,"turns":8},{"damage":0,"enemies":"Chosen","floor":18,"turns":4},{"damage":52,"floor":19,"turns":4},{"damage":24,"enemies":"Shell Parasite","floor":21,"turns":3},{"damage":28,"enemies":"Book of Stabbing","floor":24,"turns":4}],"seed_played":"4789207911361466750","potions_obtained":[{"floor":1,"key":"Dexterity Potion"},{"floor":5,"key":"Poison Potion"},{"floor":7,"key":"FearPotion"},{"floor":11,"key":"Dexterity Potion"},{"floor":18,"key":"Regen Potion"}],"is_trial":false,"path_per_floor":["M","?","M","?","M","R","E","R","T","?","M","R","?","M","R","B",null,"M","?","?","M","?","R"],"character_chosen":"THE_SILENT","items_purchased":[],"campfire_rested":1,"item_purchase_floors":[],"current_hp_per_floor":[69,69,63,63,63,63,63,63,63,63,65,65,51,50,50,46,70,70,27,27,5,5,26,0],"gold":587,"neow_bonus":"RANDOM_COMMON_RELIC","is_prod":false,"is_daily":false,"chose_seed":false,"campfire_upgraded":4,"win_rate":0,"timestamp":1533757254,"path_taken":["M","?","M","?","M","R","E","R","T","?","?","R","?","M","R","BOSS","M","?","?","M","?","R","E"],"build_version":"2018-08-02","purchased_purges":0,"victory":false,"max_hp_per_floor":[70,70,70,70,70,70,70,70,70,70,70,70,70,70,70,70,70,70,70,70,70,70,70,70],"card_choices":[{"not_picked":["PiercingWail","Backflip"],"picked":"Bouncing Flask","floor":1},{"not_picked":["Finisher","Dagger Spray"],"picked":"Poisoned Stab","floor":3},{"not_picked":["Acrobatics","Bullet Time"],"picked":"Flying Knee","floor":5},{"not_picked":["Quick Slash","Flying Knee"],"picked":"Dagger Throw","floor":7},{"not_picked":["Accuracy","Dagger Spray"],"picked":"Noxious Fumes","floor":11},{"not_picked":["Calculated Gamble","Acrobatics"],"picked":"Catalyst","floor":14},{"not_picked":["A Thousand Cuts","Unload"],"picked":"Doppelganger","floor":16},{"not_picked":["Blade Dance","Sucker Punch"],"picked":"Caltrops+1","floor":18},{"not_picked":["Bane","Quick Slash"],"picked":"Noxious Fumes+1","floor":19},{"not_picked":["Riddle With Holes","Predator"],"picked":"Setup","floor":21}],"player_experience":196264,"relics_obtained":[{"floor":7,"key":"Ancient Tea Set"},{"floor":9,"key":"Blood Vial"},{"floor":19,"key":"Red Mask"}],"event_choices":[{"event_name":"The Cleric","player_choice":"Leave","floor":2,"damage_taken":0},{"event_name":"Living Wall","player_choice":"Grow","floor":4,"damage_taken":0},{"event_name":"Liars Game","player_choice":"agreed","floor":10,"damage_taken":0},{"event_name":"Shining Light","player_choice":"Entered Light","floor":13,"damage_taken":0},{"event_name":"Masked Bandits","player_choice":"Fought over 544 gold","floor":19,"damage_taken":0},{"event_name":"Ghosts","player_choice":"Ignored","floor":20,"damage_taken":0},{"event_name":"Beggar","player_choice":"Ignored","floor":22,"damage_taken":0}],"is_beta":false,"boss_relics":[{"not_picked":["Runic Dome","Runic Pyramid"],"picked":"Astrolabe"}],"items_purged_floors":[],"is_endless":false,"potions_floor_spawned":[1,5,7,11,18],"killed_by":"Book of Stabbing","ascension_level":2}