{"gold_per_floor":[112,112,112,127,139,139,169,180,203,203],"floor_reached":10,"playtime":541,"items_purged":[],"score":82,"play_id":"880d4254-3822-46d8-86f0-217a562379e6","local_time":"20181116154735","is_ascension_mode":true,"campfire_choices":[{"data":"Setup","floor":6,"key":"SMITH"}],"neow_cost":"NONE","seed_source_timestamp":1110718868785091,"circlet_count":0,"master_deck":["Defend_G","Defend_G","Defend_G","Defend_G","Defend_G","Strike_G","Strike_G","Strike_G+1","Strike_G","Survivor","Neutralize","Predator","Flying Knee+1","Predator","Setup+1","PiercingWail","Blur"],"relics":["Ring of the Snake","Regal Pillow","Whetstone"],"potions_floor_usage":[8,10],"damage_taken":[{"damage":0,"enemies":"Jaw Worm","floor":1,"turns":3},{"damage":1,"enemies":"Cultist","floor":4,"turns":3},{"damage":3,"enemies":"2 Louse","floor":5,"turns":3},{"damage":40,"enemies":"3 Sentries","floor":7,"turns":9},{"damage":6,"enemies":"Exordium Thugs","floor":8,"turns":4},{"damage":35,"enemies":"Gremlin Nob","floor":10,"turns":5}],"seed_played":"-5789006775954255109","potions_obtained":[{"floor":4,"key":"EssenceOfSteel"},{"floor":7,"key":"Block Potion"}],"is_trial":false,"path_per_floor":["M","?","?","M","M","R","E","M","T","E"],"character_chosen":"THE_SILENT","items_purchased":[],"campfire_rested":0,"item_purchase_floors":[],"current_hp_per_floor":[70,70,70,69,66,66,26,20,20,0],"gold":203,"neow_bonus":"THREE_CARDS","is_prod":false,"is_daily":false,"chose_seed":false,"campfire_upgraded":1,"win_rate":0,"timestamp":1542379655,"path_taken":["M","?","?","?","M","R","E","M","T","E"],"build_version":"2018-11-15","purchased_purges":0,"victory":false,"max_hp_per_floor":[70,70,70,70,70,70,70,70,70,70],"card_choices":[{"not_picked":["PiercingWail","Skewer"],"picked":"Predator","floor":0},{"not_picked":["PiercingWail","Underhanded Strike"],"picked":"Flying Knee","floor":1},{"not_picked":["Backflip","Tactician"],"picked":"Predator","floor":4},{"not_picked":["Blade Dance","Distraction"],"picked":"Setup","floor":5},{"not_picked":["Night Terror","Masterful Stab"],"picked":"PiercingWail","floor":7},{"not_picked":["Reflex","Riddle With Holes"],"picked":"Blur","floor":8}],"player_experience":276634,"relics_obtained":[{"floor":7,"key":"Regal Pillow"},{"floor":9,"key":"Whetstone"}],"event_choices":[{"damage_healed":0,"gold_gain":0,"player_choice":"Leave","damage_taken":0,"max_hp_gain":0,"max_hp_loss":0,"event_name":"The Cleric","floor":2,"gold_loss":0},{"cards_removed":["Strike_G"],"damage_healed":0,"gold_gain":0,"player_choice":"Card Removal","damage_taken":0,"max_hp_gain":0,"max_hp_loss":0,"event_name":"Wheel of Change","floor":3,"gold_loss":0}],"is_beta":false,"boss_relics":[],"items_purged_floors":[],"is_endless":false,"potions_floor_spawned":[4,7],"killed_by":"Gremlin Nob","ascension_level":4}