{"gold_per_floor":[119,119,139,151,165,191,191,191,191,204,204,48,48,61,61,61],"floor_reached":16,"playtime":1471,"items_purged":[],"score":117,"play_id":"4ace189f-b5f1-4a6c-98e0-d361dbb9ca6a","local_time":"20181231110137","is_ascension_mode":true,"campfire_choices":[{"floor":15,"key":"REST"}],"neow_cost":"NONE","seed_source_timestamp":156684355975619,"circlet_count":0,"master_deck":["Defend_G+1","Defend_G","Defend_G","Defend_G","Defend_G","Strike_G","Strike_G","Strike_G","Strike_G","Strike_G","Survivor","Neutralize","Skewer","Backflip","Sucker Punch","Prepared+1","Backflip","Adrenaline","Parasite","Dodge and Roll","Adrenaline","Leg Sweep","Injury"],"relics":["Ring of the Snake","Snake Skull","War Paint","Golden Idol"],"potions_floor_usage":[6,6,6],"damage_taken":[{"damage":0,"enemies":"2 Louse","floor":1,"turns":2},{"damage":0,"enemies":"Jaw Worm","floor":3,"turns":4},{"damage":0,"enemies":"Small Slimes","floor":4,"turns":3},{"damage":13,"enemies":"3 Louse","floor":5,"turns":4},{"damage":55,"enemies":"3 Sentries","floor":6,"turns":13},{"damage":8,"enemies":"Large Slime","floor":10,"turns":8},{"damage":2,"enemies":"Exordium Wildlife","floor":14,"turns":7},{"damage":30,"enemies":"Hexaghost","floor":16,"turns":16}],"seed_played":"2712815125803677402","potions_obtained":[{"floor":1,"key":"Weak Potion"},{"floor":3,"key":"Energy Potion"},{"floor":4,"key":"Energy Potion"},{"floor":10,"key":"GhostInAJar"}],"is_trial":false,"path_per_floor":["M","$","M","M","M","E","?","?","T","M","?","$","?","M","R","B"],"character_chosen":"THE_SILENT","items_purchased":["Adrenaline","Leg Sweep"],"campfire_rested":1,"item_purchase_floors":[12,12],"current_hp_per_floor":[70,70,70,70,57,2,2,19,19,11,11,11,11,9,30,0],"gold":61,"neow_bonus":"THREE_CARDS","is_prod":false,"is_daily":false,"chose_seed":false,"campfire_upgraded":0,"win_rate":0,"timestamp":1546221697,"path_taken":["M","$","M","M","M","E","?","?","T","?","?","$","?","M","R","BOSS"],"build_version":"2018-12-20","purchased_purges":0,"victory":false,"max_hp_per_floor":[70,70,70,70,70,70,70,70,70,70,70,70,70,70,70,70],"card_choices":[{"not_picked":["Blade Dance","Expertise"],"picked":"Skewer","floor":0},{"not_picked":["Flechettes","Blade Dance"],"picked":"Backflip","floor":1},{"not_picked":["Riddle With Holes","Infinite Blades"],"picked":"Sucker Punch","floor":3},{"not_picked":["Tactician","Eviscerate"],"picked":"Prepared","floor":4},{"not_picked":["Riddle With Holes","Calculated Gamble"],"picked":"Backflip","floor":5},{"not_picked":["Cloak And Dagger","Bane"],"picked":"Adrenaline","floor":6},{"not_picked":["Expertise","Outmaneuver"],"picked":"Dodge and Roll","floor":10},{"not_picked":["Bane","Backflip","Dodge and Roll"],"picked":"SKIP","floor":14}],"player_experience":62400,"relics_obtained":[{"floor":6,"key":"Snake Skull"},{"floor":9,"key":"War Paint"}],"event_choices":[{"damage_healed":0,"gold_gain":0,"player_choice":"Searched \u00270\u0027 times","damage_taken":0,"max_hp_gain":0,"max_hp_loss":0,"event_name":"Dead Adventurer","floor":7,"gold_loss":0},{"damage_healed":17,"gold_gain":0,"player_choice":"Healed and dodged fight","damage_taken":0,"max_hp_gain":0,"max_hp_loss":0,"event_name":"Mushrooms","floor":8,"gold_loss":0,"cards_obtained":["Parasite"]},{"damage_healed":0,"gold_gain":0,"player_choice":"Ignored","damage_taken":0,"max_hp_gain":0,"max_hp_loss":0,"event_name":"Shining Light","floor":11,"gold_loss":0},{"damage_healed":0,"gold_gain":0,"player_choice":"Take Wound","damage_taken":0,"relics_obtained":["Golden Idol"],"max_hp_gain":0,"max_hp_loss":0,"event_name":"Golden Idol","floor":13,"gold_loss":0,"cards_obtained":["Injury"]}],"is_beta":false,"boss_relics":[],"items_purged_floors":[],"is_endless":false,"potions_floor_spawned":[1,3,4,10],"killed_by":"Hexaghost","ascension_level":3}