{"gold_per_floor":[112,112,131,148,3,3,31,43,43,43,73,87,87,114,114,214,214,224,324,339,264,264,264,2,2,29,29,29,40,40,55,55,154,154,172,190,190,190,210,210,241,255,255,267,293,54,154,154,154,154,154,154,73,125,125],"floor_reached":55,"playtime":9606,"items_purged":["Strike_B","Defend_B"],"score":840,"play_id":"e3a94275-6b43-49f2-a03d-9712a9184e53","local_time":"20190623182336","is_ascension_mode":true,"campfire_choices":[{"data":"Redo","floor":6,"key":"SMITH"},{"floor":10,"key":"REST"},{"floor":15,"key":"REST"},{"data":"Seek","floor":23,"key":"SMITH"},{"data":"Buffer","floor":25,"key":"SMITH"},{"floor":28,"key":"REST"},{"data":"Reboot","floor":32,"key":"SMITH"},{"data":"Hologram","floor":40,"key":"SMITH"},{"floor":49,"key":"RECALL"},{"data":"Amplify","floor":52,"key":"SMITH"}],"neow_cost":"NONE","seed_source_timestamp":136613594856347,"circlet_count":0,"master_deck":["Defend_B+1","Defend_B+1","Defend_B+1","Zap","Dualcast","Reboot+1","Redo+1","Forethought+1","Zap","Fusion","Redo+1","Sunder","Echo Form","Conserve Battery","Tempest","Hologram","Hologram+1","Seek+1","Gash","Go for the Eyes+1","Self Repair","Ghostly","Ghostly","Ghostly","Ghostly","Ghostly","Buffer+1","Skim","Writhe","Tempest+1","Creative AI","Stack+1","Steam Power","Magnetism","Jack Of All Trades","White Noise+1","Steam+1","Fusion+1","Aggregate","Amplify+1","Impatience","Defragment+1","Multi-Cast"],"relics":["Cracked Core","Dodecahedron","Cables","War Paint","Happy Flower","Empty Cage","Peace Pipe","Mercury Hourglass","Regal Pillow","Bronze Scales","Sozu","Sundial","Art of War","Torii","Turnip"],"potions_floor_usage":[8,11,19,19,20,33,33],"damage_taken":[{"damage":1,"enemies":"Cultist","floor":1,"turns":4},{"damage":4,"enemies":"Jaw Worm","floor":3,"turns":3},{"damage":10,"enemies":"Small Slimes","floor":4,"turns":4},{"damage":34,"enemies":"3 Sentries","floor":7,"turns":7},{"damage":4,"enemies":"2 Fungi Beasts","floor":8,"turns":2},{"damage":7,"enemies":"Lagavulin","floor":11,"turns":6},{"damage":4,"enemies":"3 Louse","floor":12,"turns":2},{"damage":18,"enemies":"3 Sentries","floor":14,"turns":4},{"damage":8,"enemies":"Slime Boss","floor":16,"turns":7},{"damage":0,"enemies":"Spheric Guardian","floor":18,"turns":3},{"damage":32,"enemies":"Colosseum Slavers","floor":19,"turns":4},{"damage":41,"enemies":"Colosseum Nobs","floor":19,"turns":4},{"damage":0,"enemies":"2 Thieves","floor":20,"turns":2},{"damage":1,"enemies":"Chosen and Byrds","floor":29,"turns":4},{"damage":0,"enemies":"Cultist and Chosen","floor":31,"turns":5},{"damage":29,"enemies":"Collector","floor":33,"turns":9},{"damage":4,"enemies":"3 Shapes","floor":35,"turns":4},{"damage":6,"enemies":"3 Darklings","floor":36,"turns":4},{"damage":4,"enemies":"Spire Growth","floor":39,"turns":6},{"damage":4,"enemies":"Nemesis","floor":41,"turns":7},{"damage":1,"enemies":"Transient","floor":42,"turns":5},{"damage":19,"enemies":"Jaw Worm Horde","floor":44,"turns":4},{"damage":17,"enemies":"Giant Head","floor":45,"turns":7},{"damage":1,"enemies":"Mind Bloom Boss Battle","floor":47,"turns":6},{"damage":17,"enemies":"Time Eater","floor":50,"turns":10},{"damage":3,"enemies":"Shield and Spear","floor":54,"turns":6},{"damage":73,"enemies":"The Heart","floor":55,"turns":8}],"seed_played":"-3487016326066776470","potions_obtained":[{"floor":3,"key":"Strength Potion"},{"floor":7,"key":"Swift Potion"},{"floor":8,"key":"LiquidBronze"},{"floor":11,"key":"Explosive Potion"},{"floor":18,"key":"SteroidPotion"},{"floor":29,"key":"Fire Potion"},{"floor":31,"key":"FocusPotion"}],"is_trial":false,"path_per_floor":["M","?","M","M","$","R","E","M","T","R","E","M","$","E","R","B",null,"M","?","M","?","?","R","$","R","T","?","R","M","?","M","R","B",null,"M","M","?","?","M","R","E","M","T","M","E","$","?","?","R","B",null,"R","$","E","B"],"character_chosen":"DEFECT","items_purchased":["Sunder","Buffer","Amplify","Impatience","Multi-Cast"],"campfire_rested":3,"item_purchase_floors":[5,24,46,46,53],"current_hp_per_floor":[74,74,70,60,60,60,26,22,22,44,37,33,33,15,37,29,75,75,2,2,2,2,2,2,2,2,2,28,34,34,37,37,15,37,37,37,37,32,35,35,37,37,37,25,22,22,28,28,28,11,37,37,37,34,0],"gold":125,"neow_bonus":"ONE_RANDOM_RARE_CARD","is_prod":false,"is_daily":false,"chose_seed":false,"campfire_upgraded":6,"win_rate":0,"timestamp":1561328616,"path_taken":["M","?","M","M","$","R","E","M","T","R","E","?","?","E","R","BOSS","M","?","M","?","?","R","$","R","T","?","R","M","?","M","R","BOSS","M","M","?","?","M","R","E","M","T","M","E","$","?","?","R","BOSS","R","$","E","BOSS"],"build_version":"2019-01-23","purchased_purges":2,"victory":false,"max_hp_per_floor":[75,75,75,75,75,75,75,75,75,75,75,75,75,75,75,75,75,75,75,75,75,37,37,37,37,37,37,37,37,37,37,37,37,37,37,37,37,37,37,37,37,37,37,37,37,37,37,37,37,37,37,37,37,37,37],"card_choices":[{"not_picked":["Leap","Compile Driver"],"picked":"Redo","floor":1},{"not_picked":["Reinforced Body","Melter"],"picked":"Fusion","floor":3},{"not_picked":["Coolheaded","Aggregate"],"picked":"Redo","floor":4},{"not_picked":["FTL","Storm"],"picked":"Echo Form","floor":7},{"not_picked":["Go for the Eyes","Rebound"],"picked":"Conserve Battery","floor":8},{"not_picked":["Ball Lightning","Lockon"],"picked":"Tempest","floor":11},{"not_picked":["Ball Lightning","Go for the Eyes"],"picked":"Hologram","floor":12},{"not_picked":["Double Energy","Aggregate"],"picked":"Hologram","floor":14},{"not_picked":["Creative AI","Biased Cognition"],"picked":"Seek","floor":16},{"not_picked":["Darkness","Ball Lightning"],"picked":"Gash","floor":18},{"not_picked":["Blizzard","Compile Driver"],"picked":"Go for the Eyes+1","floor":19},{"not_picked":["Barrage","Stack"],"picked":"Self Repair","floor":20},{"not_picked":["Cold Snap","Beam Cell"],"picked":"Skim","floor":29},{"not_picked":["BootSequence+1","Melter"],"picked":"Tempest+1","floor":31},{"not_picked":["Buffer","Hyperbeam"],"picked":"Creative AI","floor":33},{"not_picked":["Sweeping Beam","Streamline"],"picked":"Stack+1","floor":35},{"not_picked":["Undo","Glacier"],"picked":"Steam Power","floor":36},{"not_picked":["Trip","Blind"],"picked":"Magnetism","floor":38},{"not_picked":["The Bomb","Dramatic Entrance"],"picked":"Jack Of All Trades","floor":38},{"not_picked":["Melter+1","Genetic Algorithm"],"picked":"White Noise+1","floor":39},{"not_picked":["Cold Snap+1","Streamline","Rebound+1"],"picked":"SKIP","floor":41},{"not_picked":["Compile Driver","Ball Lightning+1"],"picked":"Steam+1","floor":42},{"not_picked":["Consume+1","Go for the Eyes+1"],"picked":"Fusion+1","floor":44},{"not_picked":["Sweeping Beam+1","Chill"],"picked":"Aggregate","floor":45},{"not_picked":["Sweeping Beam","Reprogram"],"picked":"Defragment+1","floor":47},{"not_picked":["Hyperbeam","Hologram","Steam"],"picked":"SKIP","floor":54}],"player_experience":97089,"relics_obtained":[{"floor":7,"key":"Dodecahedron"},{"floor":9,"key":"Cables"},{"floor":11,"key":"War Paint"},{"floor":14,"key":"Happy Flower"},{"floor":19,"key":"Peace Pipe"},{"floor":19,"key":"Mercury Hourglass"},{"floor":26,"key":"Regal Pillow"},{"floor":41,"key":"Sundial"},{"floor":45,"key":"Art of War"},{"floor":47,"key":"Torii"},{"floor":54,"key":"Turnip"}],"event_choices":[{"damage_healed":0,"gold_gain":0,"player_choice":"3 cards matched","damage_taken":0,"max_hp_gain":0,"max_hp_loss":0,"event_name":"Match and Keep!","floor":2,"gold_loss":0,"cards_obtained":["Forethought","Gash","Zap"]},{"damage_healed":0,"gold_gain":0,"player_choice":"3 cards matched","damage_taken":0,"max_hp_gain":0,"max_hp_loss":0,"event_name":"Match and Keep!","floor":2,"gold_loss":0,"cards_obtained":["Forethought","Gash","Zap"]},{"damage_healed":0,"gold_gain":0,"player_choice":"Fight","damage_taken":0,"max_hp_gain":0,"max_hp_loss":0,"event_name":"Colosseum","floor":19,"gold_loss":0},{"damage_healed":0,"gold_gain":0,"player_choice":"Fought Nobs","damage_taken":0,"max_hp_gain":0,"max_hp_loss":0,"event_name":"Colosseum","floor":19,"gold_loss":0},{"cards_removed":["Strike_B"],"damage_healed":0,"gold_gain":0,"player_choice":"Gave Gold","damage_taken":0,"max_hp_gain":0,"max_hp_loss":0,"event_name":"Beggar","floor":21,"gold_loss":75},{"damage_healed":0,"gold_gain":0,"player_choice":"Became a Ghost","damage_taken":0,"max_hp_gain":0,"max_hp_loss":38,"event_name":"Ghosts","floor":22,"gold_loss":0,"cards_obtained":["Ghostly","Ghostly","Ghostly","Ghostly","Ghostly"]},{"damage_healed":0,"gold_gain":0,"player_choice":"Simplicity","damage_taken":0,"max_hp_gain":0,"max_hp_loss":0,"event_name":"Back to Basics","floor":27,"gold_loss":0,"cards_upgraded":["Defend_B","Defend_B","Defend_B"]},{"damage_healed":0,"gold_gain":0,"player_choice":"Opened","damage_taken":0,"relics_obtained":["Bronze Scales"],"max_hp_gain":0,"max_hp_loss":0,"event_name":"The Mausoleum","floor":30,"gold_loss":0,"cards_obtained":["Writhe"]},{"damage_healed":0,"gold_gain":0,"player_choice":"Ignored","damage_taken":0,"max_hp_gain":0,"max_hp_loss":0,"event_name":"Tomb of Lord Red Mask","floor":37,"gold_loss":0},{"damage_healed":0,"gold_gain":0,"player_choice":"Memory 2","damage_taken":5,"max_hp_gain":0,"max_hp_loss":0,"event_name":"SensoryStone","floor":38,"gold_loss":0},{"damage_healed":0,"gold_gain":0,"player_choice":"Fight","damage_taken":0,"max_hp_gain":0,"max_hp_loss":0,"event_name":"MindBloom","floor":47,"gold_loss":0},{"cards_removed":["Gash"],"damage_healed":0,"gold_gain":0,"player_choice":"Removed Attack","damage_taken":0,"max_hp_gain":0,"max_hp_loss":0,"event_name":"Falling","floor":48,"gold_loss":0}],"is_beta":false,"boss_relics":[{"not_picked":["Snecko Eye","FrozenCore"],"picked":"Empty Cage"},{"not_picked":["Orrery","Fusion Hammer"],"picked":"Sozu"}],"items_purged_floors":[5,24],"is_endless":false,"potions_floor_spawned":[3,7,8,11,18,29,31,39,44,45,47],"killed_by":"The Heart","ascension_level":2}