{"gold_per_floor":[119,139,139,153,78,106,106,133,186,186,198,185,214,214],"floor_reached":14,"playtime":615,"items_purged":["Defend_B"],"score":116,"play_id":"58af2804-099e-47b8-9ccc-8df858251eda","local_time":"20190828064249","is_ascension_mode":true,"campfire_choices":[{"floor":7,"key":"REST"},{"floor":10,"key":"REST"}],"neow_cost":"PERCENT_DAMAGE","seed_source_timestamp":985750336400690,"circlet_count":0,"master_deck":["Strike_B+1","Strike_B+1","Strike_B","Defend_B","Defend_B","Defend_B","Zap","Dualcast","Conserve Battery","Self Repair","Conserve Battery","Loop"],"relics":["Cracked Core","Bottled Lightning","Boot","Whetstone","Matryoshka"],"potions_floor_usage":[6,8,14],"damage_taken":[{"damage":5,"enemies":"Small Slimes","floor":1,"turns":3},{"damage":3,"enemies":"Jaw Worm","floor":2,"turns":3},{"damage":0,"enemies":"2 Louse","floor":4,"turns":2},{"damage":32,"enemies":"Gremlin Nob","floor":6,"turns":5},{"damage":43,"enemies":"3 Sentries","floor":8,"turns":8},{"damage":0,"enemies":"Blue Slaver","floor":11,"turns":5},{"damage":8,"enemies":"Exordium Thugs","floor":12,"turns":4},{"damage":37,"enemies":"Gremlin Nob","floor":13,"turns":5},{"damage":20,"enemies":"3 Sentries","floor":14,"turns":6}],"seed_played":"-5433579945750905011","potions_obtained":[{"floor":1,"key":"LiquidBronze"},{"floor":4,"key":"AttackPotion"},{"floor":11,"key":"Ancient Potion"},{"floor":13,"key":"SpeedPotion"}],"is_trial":false,"path_per_floor":["M","M","?","M","$","E","R","E","T","R","M","M","E","?"],"character_chosen":"DEFECT","items_purchased":[],"campfire_rested":2,"item_purchase_floors":[],"current_hp_per_floor":[63,60,53,53,53,28,54,18,18,44,51,50,20,0],"gold":214,"neow_bonus":"TWENTY_PERCENT_HP_BONUS","is_prod":false,"is_daily":false,"chose_seed":false,"campfire_upgraded":0,"win_rate":0,"timestamp":1566942169,"path_taken":["M","M","?","M","$","E","R","E","T","R","M","M","E","?"],"build_version":"2019-07-05","purchased_purges":1,"victory":false,"max_hp_per_floor":[89,89,89,89,89,89,89,89,89,89,89,89,89,89],"card_choices":[{"not_picked":["Sweeping Beam","Auto Shields"],"picked":"Conserve Battery","floor":1},{"not_picked":["Auto Shields","Turbo","Streamline"],"picked":"SKIP","floor":2},{"not_picked":["Hologram","Leap"],"picked":"Self Repair","floor":4},{"not_picked":["Rebound","Meteor Strike","Compile Driver"],"picked":"SKIP","floor":6},{"not_picked":["Recycle","Coolheaded"],"picked":"Conserve Battery","floor":8},{"not_picked":["Go for the Eyes","Rebound","Cold Snap"],"picked":"SKIP","floor":11},{"not_picked":["Streamline","Reprogram","Ball Lightning"],"picked":"SKIP","floor":12},{"not_picked":["Chaos","Cold Snap"],"picked":"Loop","floor":13}],"player_experience":618693,"relics_obtained":[{"floor":6,"key":"Bottled Lightning"},{"floor":8,"key":"Boot"},{"floor":9,"key":"Whetstone"},{"floor":13,"key":"Matryoshka"}],"event_choices":[{"cards_removed":["Strike_B"],"damage_healed":0,"gold_gain":0,"player_choice":"Card Removal","damage_taken":7,"max_hp_gain":0,"max_hp_loss":0,"event_name":"Golden Wing","floor":3,"gold_loss":0},{"damage_healed":0,"gold_gain":0,"player_choice":"Searched \u00271\u0027 times","damage_taken":0,"max_hp_gain":0,"max_hp_loss":0,"event_name":"Dead Adventurer","floor":14,"gold_loss":0}],"is_beta":false,"boss_relics":[],"items_purged_floors":[5],"is_endless":false,"potions_floor_spawned":[1,4,11,13],"killed_by":"3 Sentries","ascension_level":1}