{"gold_per_floor":[144,189,234,279,29,29,119,209,209,209],"floor_reached":10,"playtime":754,"items_purged":[],"score":103,"play_id":"84607f93-eb35-450e-8887-01bbc3fc898a","local_time":"20190825060248","daily_mods":["Specialized","Flight","Midas"],"is_ascension_mode":false,"campfire_choices":[{"floor":6,"key":"REST"}],"neow_cost":"","seed_source_timestamp":718577732206888,"circlet_count":0,"master_deck":["Strike_R","Strike_R","Strike_R","Strike_R","Strike_R","Defend_R","Defend_R","Defend_R","Defend_R","Bash","Warcry","Warcry","Warcry","Warcry","Warcry","Whirlwind","Thunderclap","Reaper"],"special_seed":18132,"relics":["Burning Blood","Frozen Egg 2","Prayer Wheel","Strawberry","Champion Belt"],"potions_floor_usage":[8,8],"damage_taken":[{"damage":5,"enemies":"Jaw Worm","floor":1,"turns":4},{"damage":3,"enemies":"Small Slimes","floor":2,"turns":3},{"damage":1,"enemies":"Cultist","floor":3,"turns":3},{"damage":3,"enemies":"2 Fungi Beasts","floor":4,"turns":4},{"damage":40,"enemies":"Gremlin Nob","floor":7,"turns":5},{"damage":44,"enemies":"Lagavulin","floor":8,"turns":10},{"damage":45,"enemies":"Exordium Thugs","floor":10,"turns":6}],"seed_played":"-4066854202002492669","potions_obtained":[{"floor":4,"key":"AttackPotion"},{"floor":7,"key":"SkillPotion"}],"is_trial":false,"path_per_floor":["M","M","M","M","$","R","E","E","T","M"],"character_chosen":"IRONCLAD","items_purchased":["Frozen Egg 2"],"campfire_rested":1,"item_purchase_floors":[5],"current_hp_per_floor":[80,80,80,80,80,80,46,21,21,0],"gold":209,"neow_bonus":"","is_prod":false,"is_daily":true,"chose_seed":false,"campfire_upgraded":0,"win_rate":0,"timestamp":1566680568,"path_taken":["M","M","M","M","$","R","E","E","T","M"],"build_version":"2019-07-05","purchased_purges":0,"victory":false,"max_hp_per_floor":[80,80,80,80,80,80,80,87,87,87],"card_choices":[{"not_picked":["Sword Boomerang","True Grit"],"picked":"Whirlwind","floor":1},{"not_picked":["Iron Wave","Havoc"],"picked":"Thunderclap","floor":2},{"not_picked":["Twin Strike","Iron Wave","Shrug It Off"],"picked":"SKIP","floor":3},{"not_picked":["Feel No Pain","Sword Boomerang","Body Slam"],"picked":"SKIP","floor":4},{"not_picked":["Cleave","True Grit"],"picked":"Reaper","floor":7},{"not_picked":["Havoc","Infernal Blade","True Grit"],"picked":"SKIP","floor":8}],"player_experience":584128,"relics_obtained":[{"floor":7,"key":"Prayer Wheel"},{"floor":8,"key":"Strawberry"},{"floor":9,"key":"Champion Belt"}],"event_choices":[],"is_beta":false,"boss_relics":[],"items_purged_floors":[],"is_endless":false,"potions_floor_spawned":[4,7],"killed_by":"Exordium Thugs","ascension_level":0}