{"path_per_floor":["M","M","?","M","?","E","?","E","T","R","?","$","M","M","R","B",null,"M"],"character_chosen":"DEFECT","items_purchased":["Magnetism","Storm"],"gold_per_floor":[115,132,132,152,152,183,183,218,242,242,242,7,25,45,45,146,146,165,165],"floor_reached":19,"campfire_rested":1,"playtime":826,"item_purchase_floors":[12,12],"current_hp_per_floor":[63,62,48,48,48,26,26,18,25,47,65,65,66,64,64,36,85,51,0],"items_purged":[],"gold":165,"score":195,"play_id":"9ec447f6-267b-4be3-ad72-09674a97204b","local_time":"20180617200505","is_prod":false,"is_daily":false,"chose_seed":false,"is_ascension_mode":true,"campfire_upgraded":1,"win_rate":0,"timestamp":1529258705,"campfire_choices":[{"floor":10,"key":"REST"},{"data":"Magnetism","floor":15,"key":"SMITH"}],"path_taken":["M","M","?","M","?","E","?","E","T","R","?","?","M","M","R","BOSS","M","?"],"build_version":"2018-06-14v2","seed_source_timestamp":506431725741183,"purchased_purges":0,"victory":false,"master_deck":["Strike_B","Strike_B","Strike_B+1","Strike_B+1","Defend_B","Defend_B","Defend_B+1","Defend_B+1","Zap","Dualcast","Storm","Loop+1","BootSequence","Cold Snap","Beam Cell","Parasite","Magnetism+1","Storm","Capacitor","Beam Cell","All For One","Pain","Doubt","Normality","Cold Snap"],"max_hp_per_floor":[68,68,68,68,68,68,68,68,75,75,75,75,75,75,75,75,85,85,85],"relics":["Cracked Core","Gambling Chip","Whetstone","Blood Vial","Strawberry","Calling Bell","Sundial","Pear","Regal Pillow"],"card_choices":[{"not_picked":["Fusion","Beam Cell"],"picked":"Storm","floor":1},{"not_picked":["Leap","Cold Snap"],"picked":"Loop","floor":2},{"not_picked":["Leap","Melter"],"picked":"BootSequence","floor":4},{"not_picked":["Chaos","Skim"],"picked":"Cold Snap","floor":6},{"not_picked":["Steam Power","Barrage"],"picked":"Beam Cell","floor":8},{"not_picked":["Barrage","Gash"],"picked":"Capacitor","floor":13},{"not_picked":["Turbo","Barrage"],"picked":"Beam Cell","floor":14},{"not_picked":["Buffer","Biased Cognition"],"picked":"All For One","floor":16},{"not_picked":["Aggregate","Compile Driver+1"],"picked":"Cold Snap","floor":18}],"player_experience":160116,"potions_floor_usage":[8,8,16,18],"damage_taken":[{"damage":5,"enemies":"Small Slimes","floor":1,"turns":3},{"damage":1,"enemies":"2 Louse","floor":2,"turns":3},{"damage":0,"enemies":"Cultist","floor":4,"turns":3},{"damage":22,"enemies":"3 Sentries","floor":6,"turns":7},{"damage":8,"enemies":"Gremlin Nob","floor":8,"turns":4},{"damage":1,"enemies":"Blue Slaver","floor":13,"turns":2},{"damage":4,"enemies":"Red Slaver","floor":14,"turns":2},{"damage":30,"enemies":"Hexaghost","floor":16,"turns":8},{"damage":34,"enemies":"Chosen","floor":18,"turns":4},{"damage":55,"floor":19,"turns":3}],"relics_obtained":[{"floor":6,"key":"Whetstone"},{"floor":8,"key":"Blood Vial"},{"floor":9,"key":"Strawberry"},{"floor":17,"key":"Sundial"},{"floor":17,"key":"Pear"},{"floor":17,"key":"Regal Pillow"}],"event_choices":[{"event_name":"Shining Light","player_choice":"Entered Light","floor":3,"damage_taken":0},{"event_name":"Upgrade Shrine","player_choice":"Upgraded","floor":5,"damage_taken":0},{"event_name":"Golden Wing","player_choice":"Ignored","floor":7,"damage_taken":0},{"event_name":"Mushrooms","player_choice":"Healed and dodged fight","floor":11,"damage_taken":0},{"event_name":"Masked Bandits","player_choice":"Fought over 165 gold","floor":19,"damage_taken":0}],"boss_relics":[{"not_picked":["Velvet Choker","Coffee Dripper"],"picked":"Calling Bell"}],"items_purged_floors":[],"is_endless":false,"potions_floor_spawned":[1,6,14,16],"seed_played":"-1350949917048236745","ascension_level":2,"potions_obtained":[{"floor":1,"key":"FocusPotion"},{"floor":6,"key":"Weak Potion"},{"floor":14,"key":"GamblersBrew"},{"floor":16,"key":"Swift Potion"}],"is_trial":false}