{"gold_per_floor":[119,119,119,57,85,97,129,172,208,220,232,244,276,30,30,155,155,176,176,192,192,192,192,236,236,281,320,338,338,15,50,50,50],"floor_reached":33,"playtime":1559,"items_purged":[],"score":384,"play_id":"c7fb2bbf-fe21-4aa6-b176-ab5448babe7b","local_time":"20181116162342","is_ascension_mode":true,"campfire_choices":[{"data":"Neutralize","floor":6,"key":"SMITH"},{"floor":11,"key":"REST"},{"floor":15,"key":"REST"},{"data":"Envenom","floor":23,"key":"SMITH"},{"floor":25,"key":"REST"},{"floor":29,"key":"REST"},{"floor":32,"key":"REST"}],"neow_cost":"NONE","seed_source_timestamp":1111867915859819,"circlet_count":0,"master_deck":["Defend_G","Defend_G","Defend_G","Defend_G","Survivor","Neutralize+1","Deadly Poison","Skewer+1","Prepared","Envenom+1","Deflect","Slice+1","Bite","Bite","Bite","Bite","Bite","Escape Plan+1","Bane","Crippling Poison+1","Prepared"],"relics":["Ring of the Snake","Snake Skull","Golden Idol","MawBank","Pen Nib","Darkstone Periapt","Juzu Bracelet","Pantograph","Black Star","The Courier","Bottled Tornado","Happy Flower","Dodecahedron","Bottled Flame","Membership Card","Lantern","Bag of Preparation","Boot","Dream Catcher"],"potions_floor_usage":[8,18,20,27,31,31,33],"damage_taken":[{"damage":1,"enemies":"Jaw Worm","floor":1,"turns":4},{"damage":4,"enemies":"Small Slimes","floor":5,"turns":3},{"damage":0,"enemies":"Cultist","floor":7,"turns":3},{"damage":40,"enemies":"Lagavulin","floor":8,"turns":6},{"damage":6,"enemies":"2 Fungi Beasts","floor":13,"turns":3},{"damage":65,"enemies":"Slime Boss","floor":16,"turns":13},{"damage":19,"enemies":"Shell Parasite","floor":18,"turns":5},{"damage":22,"enemies":"Spheric Guardian","floor":20,"turns":4},{"damage":46,"enemies":"Book of Stabbing","floor":24,"turns":5},{"damage":37,"enemies":"Slavers","floor":27,"turns":6},{"damage":6,"enemies":"Cultist and Chosen","floor":28,"turns":4},{"damage":6,"enemies":"Book of Stabbing","floor":31,"turns":3},{"damage":71,"enemies":"Champ","floor":33,"turns":9}],"seed_played":"-472405922625594027","potions_obtained":[{"floor":5,"key":"Regen Potion"},{"floor":8,"key":"Dexterity Potion"},{"floor":16,"key":"SteroidPotion"},{"floor":18,"key":"Strength Potion"},{"floor":20,"key":"EssenceOfSteel"}],"is_trial":false,"path_per_floor":["M","?","?","?","M","R","M","E","T","?","R","?","M","$","R","B",null,"M","?","M","?","?","R","E","R","T","E","M","R","$","E","R","B"],"character_chosen":"THE_SILENT","items_purchased":["Pantograph","Membership Card","Lantern","Bag of Preparation","Poison Potion","SkillPotion"],"campfire_rested":5,"item_purchase_floors":[14,30,30,30,30,30],"current_hp_per_floor":[69,69,51,51,47,47,47,22,22,22,43,43,37,37,58,5,70,51,51,29,29,59,59,21,38,38,15,17,34,34,40,57,0],"gold":50,"neow_bonus":"RANDOM_COMMON_RELIC","is_prod":false,"is_daily":false,"chose_seed":false,"campfire_upgraded":2,"win_rate":0,"timestamp":1542381822,"path_taken":["M","?","?","?","M","R","?","E","T","?","R","?","M","?","R","BOSS","M","?","M","?","?","R","E","R","T","E","M","R","$","E","R","BOSS"],"build_version":"2018-11-15","purchased_purges":0,"victory":false,"max_hp_per_floor":[70,70,70,70,70,70,70,70,70,70,70,70,70,70,70,70,70,70,70,70,49,59,59,59,59,59,59,59,59,59,59,59,59],"card_choices":[{"not_picked":["Deflect","Flying Knee"],"picked":"Deadly Poison","floor":1},{"not_picked":["Outmaneuver","Blade Dance","PiercingWail"],"picked":"SKIP","floor":5},{"not_picked":["Dodge and Roll","Masterful Stab"],"picked":"Skewer","floor":7},{"not_picked":["All Out Attack","Dagger Spray"],"picked":"Prepared","floor":8},{"not_picked":["Eviscerate","All Out Attack"],"picked":"Envenom","floor":13},{"not_picked":["After Image","Venomology"],"picked":"Burst","floor":16},{"not_picked":["Quick Slash","Backflip"],"picked":"Deflect","floor":18},{"not_picked":["Dagger Spray","Bane+1"],"picked":"Slice+1","floor":20},{"not_picked":["Heel Hook","Flying Knee"],"picked":"Escape Plan+1","floor":24},{"not_picked":["Well Laid Plans","Prepared"],"picked":"Bane","floor":27},{"not_picked":["Dagger Throw","Acrobatics","Finisher"],"picked":"SKIP","floor":28},{"not_picked":["Deadly Poison","Eviscerate"],"picked":"Crippling Poison+1","floor":31},{"not_picked":["Slice","Blade Dance"],"picked":"Prepared","floor":32}],"player_experience":277761,"relics_obtained":[{"floor":8,"key":"Darkstone Periapt"},{"floor":9,"key":"Juzu Bracelet"},{"floor":24,"key":"The Courier"},{"floor":24,"key":"Bottled Tornado"},{"floor":26,"key":"Happy Flower"},{"floor":27,"key":"Dodecahedron"},{"floor":27,"key":"Bottled Flame"},{"floor":31,"key":"Boot"},{"floor":31,"key":"Dream Catcher"}],"event_choices":[{"damage_healed":0,"gold_gain":0,"player_choice":"Take Wound","damage_taken":0,"relics_obtained":["Golden Idol"],"max_hp_gain":0,"max_hp_loss":0,"event_name":"Golden Idol","floor":2,"gold_loss":0,"cards_obtained":["Injury"]},{"damage_healed":0,"gold_gain":0,"player_choice":"Success","damage_taken":18,"relics_obtained":["MawBank"],"max_hp_gain":0,"max_hp_loss":0,"event_name":"Scrap Ooze","floor":3,"gold_loss":0},{"damage_healed":0,"gold_gain":0,"player_choice":"Paid Gold","damage_taken":0,"relics_obtained":["Pen Nib"],"max_hp_gain":0,"max_hp_loss":0,"event_name":"WeMeetAgain","floor":4,"gold_loss":74},{"cards_removed":["Injury"],"damage_healed":0,"gold_gain":0,"player_choice":"Purged","damage_taken":0,"max_hp_gain":0,"max_hp_loss":0,"event_name":"Purifier","floor":10,"gold_loss":0},{"damage_healed":0,"gold_gain":0,"player_choice":"Upgraded","damage_taken":0,"max_hp_gain":0,"max_hp_loss":0,"event_name":"Upgrade Shrine","floor":12,"gold_loss":0,"cards_upgraded":["Skewer"]},{"cards_removed":["Defend_G"],"damage_healed":0,"gold_gain":0,"player_choice":"Purged","damage_taken":0,"max_hp_gain":0,"max_hp_loss":0,"event_name":"Purifier","floor":19,"gold_loss":0},{"damage_healed":0,"gold_gain":0,"player_choice":"Became a vampire","damage_taken":0,"max_hp_gain":0,"max_hp_loss":21,"event_name":"Vampires","floor":21,"gold_loss":0,"cards_obtained":["Bite","Bite","Bite","Bite","Bite"]},{"cards_removed":["Burst"],"damage_healed":20,"gold_gain":0,"player_choice":"Offered Rare","damage_taken":0,"max_hp_gain":10,"max_hp_loss":0,"event_name":"Bonfire Elementals","floor":22,"gold_loss":0}],"is_beta":false,"boss_relics":[{"not_picked":["Snecko Eye","WristBlade"],"picked":"Black Star"}],"items_purged_floors":[],"is_endless":false,"potions_floor_spawned":[5,8,16,18,20],"killed_by":"Champ","ascension_level":4}