{"gold_per_floor":[115,190,190,209,224,257,257,282,308,338,27,53,53],"floor_reached":13,"playtime":1297,"items_purged":[],"score":122,"play_id":"1ce95101-b67b-4a4d-a290-8faf0af304ac","local_time":"20190623134635","is_ascension_mode":true,"campfire_choices":[{"floor":7,"key":"REST"}],"neow_cost":"NONE","seed_source_timestamp":128301066024347,"circlet_count":0,"master_deck":["Strike_B","Strike_B","Strike_B","Strike_B","Defend_B","Defend_B+1","Defend_B","Defend_B","Zap","Dualcast","Go for the Eyes","Beam Cell","Capacitor","Seek","Amplify","Cold Snap","Ball Lightning","Steam+1","Loop"],"relics":["Cracked Core","Anchor","Pen Nib","Vajra","Bird Faced Urn","Mummified Hand","War Paint"],"potions_floor_usage":[6,8,12,12],"damage_taken":[{"damage":1,"enemies":"2 Louse","floor":1,"turns":2},{"damage":0,"enemies":"Cultist","floor":4,"turns":3},{"damage":6,"enemies":"Jaw Worm","floor":5,"turns":3},{"damage":31,"enemies":"3 Sentries","floor":6,"turns":7},{"damage":21,"enemies":"Lagavulin","floor":8,"turns":7},{"damage":43,"enemies":"3 Sentries","floor":10,"turns":8},{"damage":3,"enemies":"Lagavulin","floor":12,"turns":5},{"damage":7,"enemies":"Exordium Thugs","floor":13,"turns":2}],"seed_played":"1729886523783762988","potions_obtained":[{"floor":3,"key":"FocusPotion"},{"floor":3,"key":"Swift Potion"},{"floor":3,"key":"Swift Potion"},{"floor":6,"key":"Regen Potion"}],"is_trial":false,"path_per_floor":["M","?","?","M","M","E","R","E","T","E","$","E","M"],"character_chosen":"DEFECT","items_purchased":["Ball Lightning","Steam","Mummified Hand"],"campfire_rested":1,"item_purchase_floors":[11,11,11],"current_hp_per_floor":[81,70,70,70,64,33,57,48,48,5,5,4,0],"gold":53,"neow_bonus":"TEN_PERCENT_HP_BONUS","is_prod":false,"is_daily":false,"chose_seed":false,"campfire_upgraded":0,"win_rate":0,"timestamp":1561311995,"path_taken":["M","?","?","?","M","E","R","E","T","E","$","E","M"],"build_version":"2019-01-23","purchased_purges":0,"victory":false,"max_hp_per_floor":[82,82,82,82,82,82,82,82,82,82,82,82,82],"card_choices":[{"not_picked":["Redo","Compile Driver"],"picked":"Go for the Eyes","floor":1},{"not_picked":["Turbo","Storm"],"picked":"Beam Cell","floor":4},{"not_picked":["Coolheaded","Genetic Algorithm"],"picked":"Capacitor","floor":5},{"not_picked":["Ball Lightning","Force Field"],"picked":"Seek","floor":6},{"not_picked":["Steam Power","Coolheaded"],"picked":"Amplify","floor":8},{"not_picked":["Darkness","Compile Driver"],"picked":"Cold Snap","floor":10},{"not_picked":["Steam","Redo"],"picked":"Loop","floor":12}],"player_experience":92846,"relics_obtained":[{"floor":6,"key":"Anchor"},{"floor":8,"key":"Pen Nib"},{"floor":9,"key":"Vajra"},{"floor":10,"key":"Bird Faced Urn"},{"floor":12,"key":"War Paint"}],"event_choices":[{"damage_healed":0,"gold_gain":75,"player_choice":"Gather Gold","damage_taken":11,"max_hp_gain":0,"max_hp_loss":0,"event_name":"World of Goop","floor":2,"gold_loss":0},{"damage_healed":0,"gold_gain":0,"player_choice":"Got Potions","damage_taken":0,"max_hp_gain":0,"max_hp_loss":0,"event_name":"Lab","floor":3,"gold_loss":0}],"is_beta":false,"boss_relics":[],"items_purged_floors":[],"is_endless":false,"potions_floor_spawned":[4,6],"killed_by":"Exordium Thugs","ascension_level":2}