{"gold_per_floor":[117,127,145,157,3,37,37,69,69,84,84,97,97,130,130,235,235,145,145,22,22,22,22,51,51,51,51],"floor_reached":27,"playtime":2347,"items_purged":["Parasite"],"score":371,"play_id":"bbaf5021-471b-48e5-bc9a-2ed3c1949d93","local_time":"20190710203621","is_ascension_mode":true,"campfire_choices":[{"data":"Hologram","floor":11,"key":"SMITH"},{"floor":13,"key":"REST"},{"data":"Zap","floor":15,"key":"SMITH"},{"data":"Defragment","floor":23,"key":"SMITH"},{"data":"Rainbow","floor":25,"key":"SMITH"}],"neow_cost":"NONE","seed_source_timestamp":10235045614419,"circlet_count":0,"master_deck":["Defend_B","Defend_B","Defend_B","Defend_B","Zap+1","Dualcast","Amplify","Lockon","Conserve Battery","Genetic Algorithm","Glacier","Stack","Rainbow+1","Hologram+1","Thunder Strike","Hologram","Echo Form","Sweeping Beam+1","Defragment+1","Bite","Bite","Bite","Bite","Bite","Steam Power+1"],"relics":["FrozenCore","Smiling Mask","Nunchaku","Pantograph","Mummified Hand","Vajra","Bottled Lightning"],"potions_floor_usage":[6,8,16,27,27],"damage_taken":[{"damage":4,"enemies":"2 Louse","floor":1,"turns":3},{"damage":7,"enemies":"Jaw Worm","floor":2,"turns":3},{"damage":0,"enemies":"Small Slimes","floor":3,"turns":3},{"damage":11,"enemies":"Blue Slaver","floor":4,"turns":4},{"damage":28,"enemies":"3 Sentries","floor":6,"turns":10},{"damage":20,"enemies":"Gremlin Nob","floor":8,"turns":4},{"damage":5,"enemies":"2 Fungi Beasts","floor":10,"turns":4},{"damage":13,"enemies":"Lots of Slimes","floor":12,"turns":7},{"damage":2,"enemies":"Lagavulin","floor":14,"turns":7},{"damage":22,"enemies":"The Guardian","floor":16,"turns":8},{"damage":7,"enemies":"2 Thieves","floor":18,"turns":5},{"damage":20,"enemies":"Slavers","floor":24,"turns":6},{"damage":71,"enemies":"Gremlin Leader","floor":27,"turns":9}],"seed_played":"458503789605633561","potions_obtained":[{"floor":1,"key":"FocusPotion"},{"floor":2,"key":"Fire Potion"},{"floor":8,"key":"FocusPotion"},{"floor":14,"key":"FearPotion"},{"floor":24,"key":"Fire Potion"}],"is_trial":false,"path_per_floor":["M","M","M","M","$","E","?","E","T","M","R","M","R","E","R","B",null,"M","?","$","?","?","R","E","R","T","E"],"character_chosen":"DEFECT","items_purchased":["Blood Vial","Defragment"],"campfire_rested":1,"item_purchase_floors":[5,20],"current_hp_per_floor":[64,57,57,46,46,20,38,20,20,17,17,6,28,28,28,33,65,60,60,60,60,47,47,37,37,37,0],"gold":51,"neow_bonus":"ONE_RANDOM_RARE_CARD","is_prod":false,"is_daily":false,"chose_seed":false,"campfire_upgraded":4,"win_rate":0,"timestamp":1562805381,"path_taken":["M","M","M","M","$","E","?","E","T","M","R","M","R","E","R","BOSS","M","?","$","?","?","R","E","R","T","E"],"build_version":"2019-07-05","purchased_purges":1,"victory":false,"max_hp_per_floor":[75,75,75,75,75,75,75,75,75,75,75,75,75,75,75,75,75,75,75,72,72,77,77,77,77,77,77],"card_choices":[{"not_picked":["Go for the Eyes","Hologram"],"picked":"Lockon","floor":1},{"not_picked":["Steam","Barrage"],"picked":"Conserve Battery","floor":2},{"not_picked":["Skim","Sweeping Beam"],"picked":"Genetic Algorithm","floor":3},{"not_picked":["Barrage","Streamline"],"picked":"Glacier","floor":4},{"not_picked":["Aggregate","Streamline"],"picked":"Stack","floor":6},{"not_picked":["Leap","Self Repair"],"picked":"Rainbow","floor":8},{"not_picked":["Stack","Rebound"],"picked":"Hologram","floor":10},{"not_picked":["Aggregate","Beam Cell"],"picked":"Thunder Strike","floor":12},{"not_picked":["FTL","Conserve Battery"],"picked":"Hologram","floor":14},{"not_picked":["Core Surge","Amplify"],"picked":"Echo Form","floor":16},{"not_picked":["Hologram","Rebound+1"],"picked":"Sweeping Beam+1","floor":18},{"not_picked":["Rainbow","Leap"],"picked":"Steam Power+1","floor":24}],"player_experience":194579,"relics_obtained":[{"floor":6,"key":"Smiling Mask"},{"floor":8,"key":"Nunchaku"},{"floor":9,"key":"Pantograph"},{"floor":14,"key":"Mummified Hand"},{"floor":24,"key":"Vajra"},{"floor":26,"key":"Bottled Lightning"}],"event_choices":[{"damage_healed":18,"gold_gain":0,"player_choice":"Healed and dodged fight","damage_taken":0,"max_hp_gain":0,"max_hp_loss":0,"event_name":"Mushrooms","floor":7,"gold_loss":0,"cards_obtained":["Parasite"]},{"damage_healed":0,"gold_gain":0,"player_choice":"Ignored","damage_taken":0,"max_hp_gain":0,"max_hp_loss":0,"event_name":"Ghosts","floor":19,"gold_loss":0},{"damage_healed":0,"gold_gain":0,"player_choice":"Became a vampire (Vial)","damage_taken":0,"max_hp_gain":0,"max_hp_loss":0,"event_name":"Vampires","floor":21,"relics_lost":["Blood Vial"],"gold_loss":0,"cards_obtained":["Bite","Bite","Bite","Bite","Bite"]},{"damage_healed":0,"gold_gain":0,"player_choice":"Shed Blood","damage_taken":18,"max_hp_gain":5,"max_hp_loss":0,"event_name":"Forgotten Altar","floor":22,"gold_loss":0}],"is_beta":false,"boss_relics":[{"not_picked":["Fusion Hammer","Lizard Tail"],"picked":"FrozenCore"}],"items_purged_floors":[20],"is_endless":false,"potions_floor_spawned":[1,2,8,14,24],"killed_by":"Gremlin Leader","ascension_level":8}