{"gold_per_floor":[117,67,142,142,157,157,169,169,169,200,200,200,233,250,250,348,348,362,362,381,394,125,125,182,182,182,182,207,226,226,237,237,334,334,349,364,376,394,37,66,66,66,66,100,119,119,139,14,14,14],"floor_reached":50,"playtime":3355,"items_purged":["Strike_B","Creative AI","Barrage+1"],"score":604,"play_id":"bfcc8525-0d49-402e-841c-8c97b09de6ee","local_time":"20190829161601","is_ascension_mode":true,"campfire_choices":[{"data":"Darkness","floor":6,"key":"SMITH"},{"data":"Dualcast","floor":8,"key":"SMITH"},{"data":"Zap","floor":12,"key":"SMITH"},{"floor":15,"key":"REST"},{"data":"Reinforced Body","floor":23,"key":"SMITH"},{"data":"Redo","floor":25,"key":"SMITH"},{"data":"Reinforced Body","floor":27,"key":"SMITH"},{"data":"Seek","floor":30,"key":"SMITH"},{"data":"Seek","floor":32,"key":"SMITH"},{"floor":41,"key":"REST"},{"floor":46,"key":"REST"},{"data":"Capacitor","floor":49,"key":"SMITH"}],"neow_cost":"NONE","seed_source_timestamp":1103797893156357,"circlet_count":0,"master_deck":["Zap+1","Dualcast+1","Darkness+1","Seek+1","Reinforced Body+1","Seek+1","Reinforced Body+1","Redo+1","Lockon+1","Reboot","Leap","Reboot","Barrage+1","Gash+1","Darkness+1","Capacitor+1"],"relics":["Cracked Core","Strawberry","Bronze Scales","Cables","Whetstone","Orichalcum","Molten Egg 2","ClockworkSouvenir","Tiny Chest","Letter Opener","Lantern","Pandora\u0027s Box","Mercury Hourglass","Meat on the Bone","Pantograph","Oddly Smooth Stone"],"potions_floor_usage":[16,18,20,21,24,28,29,33,47,50,50],"damage_taken":[{"damage":1,"enemies":"Jaw Worm","floor":1,"turns":3},{"damage":2,"enemies":"Small Slimes","floor":5,"turns":3},{"damage":1,"enemies":"2 Louse","floor":7,"turns":2},{"damage":26,"enemies":"3 Sentries","floor":10,"turns":6},{"damage":26,"enemies":"Gremlin Nob","floor":13,"turns":4},{"damage":5,"enemies":"Exordium Thugs","floor":14,"turns":3},{"damage":17,"enemies":"The Guardian","floor":16,"turns":7},{"damage":0,"enemies":"3 Byrds","floor":18,"turns":2},{"damage":5,"enemies":"Spheric Guardian","floor":20,"turns":4},{"damage":16,"enemies":"Snake Plant","floor":21,"turns":4},{"damage":16,"enemies":"Slavers","floor":24,"turns":6},{"damage":7,"enemies":"Book of Stabbing","floor":28,"turns":5},{"damage":0,"enemies":"Sentry and Sphere","floor":29,"turns":4},{"damage":2,"enemies":"Centurion and Healer","floor":31,"turns":4},{"damage":34,"enemies":"Champ","floor":33,"turns":8},{"damage":6,"enemies":"Orb Walker","floor":35,"turns":3},{"damage":21,"enemies":"3 Darklings","floor":36,"turns":3},{"damage":28,"enemies":"Sphere and 2 Shapes","floor":37,"turns":5},{"damage":0,"enemies":"4 Shapes","floor":38,"turns":2},{"damage":20,"enemies":"Nemesis","floor":40,"turns":5},{"damage":12,"enemies":"Giant Head","floor":44,"turns":6},{"damage":11,"enemies":"Maw","floor":45,"turns":3},{"damage":12,"enemies":"Writhing Mass","floor":47,"turns":3},{"damage":84,"enemies":"Donu and Deca","floor":50,"turns":8}],"seed_played":"-7609580474980985448","potions_obtained":[{"floor":5,"key":"Block Potion"},{"floor":10,"key":"AttackPotion"},{"floor":16,"key":"LiquidBronze"},{"floor":19,"key":"Poison Potion"},{"floor":19,"key":"Fruit Juice"},{"floor":19,"key":"Dexterity Potion"},{"floor":20,"key":"GamblersBrew"},{"floor":24,"key":"EssenceOfSteel"},{"floor":28,"key":"SkillPotion"},{"floor":33,"key":"Poison Potion"},{"floor":35,"key":"Weak Potion"},{"floor":45,"key":"EssenceOfSteel"}],"is_trial":false,"path_per_floor":["M","?","?","?","M","R","M","R","T","E","T","R","E","M","R","B",null,"M","?","M","M","$","R","E","R","T","R","E","M","R","M","R","B",null,"M","M","M","M","$","E","R","$","T","E","M","R","M","$","R","B"],"character_chosen":"DEFECT","items_purchased":["ClockworkSouvenir","Mercury Hourglass"],"campfire_rested":3,"item_purchase_floors":[22,39],"current_hp_per_floor":[81,81,70,63,61,61,60,60,60,34,34,34,8,3,27,10,82,82,82,82,66,66,66,50,50,50,50,43,43,43,41,41,7,87,81,60,32,32,32,12,38,38,38,38,39,65,53,53,53,0],"gold":14,"neow_bonus":"RANDOM_COMMON_RELIC","is_prod":false,"is_daily":false,"chose_seed":false,"campfire_upgraded":9,"win_rate":0,"timestamp":1567062961,"path_taken":["M","?","?","?","M","R","M","R","T","E","?","R","E","M","R","BOSS","M","?","M","M","$","R","E","R","T","R","E","?","R","M","R","BOSS","M","M","M","M","$","E","R","$","T","E","M","R","M","?","R","BOSS"],"build_version":"2019-07-05","purchased_purges":3,"victory":false,"max_hp_per_floor":[82,82,82,82,82,82,82,82,82,82,82,82,82,82,82,82,82,82,82,87,87,87,87,87,87,87,87,87,87,87,87,87,87,87,87,87,87,87,87,87,87,87,87,87,87,87,87,87,87,87],"card_choices":[{"not_picked":["Ball Lightning","Doom and Gloom","Hologram"],"picked":"SKIP","floor":1},{"not_picked":["Barrage","Chill"],"picked":"Darkness","floor":5},{"not_picked":["Recycle","Cold Snap"],"picked":"Seek","floor":7},{"not_picked":["Coolheaded","Creative AI","Gash"],"picked":"SKIP","floor":10},{"not_picked":["Gash","Streamline"],"picked":"Reinforced Body","floor":13},{"not_picked":["Consume","Hologram","Thunder Strike+1"],"picked":"SKIP","floor":14},{"not_picked":["Meteor Strike+1","Biased Cognition"],"picked":"Seek","floor":16},{"not_picked":["Force Field+1","Beam Cell+1"],"picked":"Reinforced Body","floor":18},{"not_picked":["White Noise","Barrage+1","Sweeping Beam+1"],"picked":"SKIP","floor":20},{"not_picked":["Barrage+1","Cold Snap+1","Stack"],"picked":"SKIP","floor":21},{"not_picked":["Hologram","Tempest"],"picked":"Redo","floor":24},{"not_picked":["Redo","Streamline+1"],"picked":"Lockon+1","floor":28},{"not_picked":["Steam","Coolheaded","Hologram"],"picked":"SKIP","floor":29},{"not_picked":["Self Repair","Ball Lightning+1","Coolheaded"],"picked":"SKIP","floor":31},{"not_picked":["Thunder Strike+1","Electrodynamics"],"picked":"Reboot","floor":33},{"not_picked":["Steam+1","Hologram+1","Coolheaded"],"picked":"SKIP","floor":35},{"not_picked":["Beam Cell+1","Hello World+1","Go for the Eyes+1"],"picked":"SKIP","floor":36},{"not_picked":["Cold Snap+1","Redo","Steam+1"],"picked":"SKIP","floor":37},{"not_picked":["Turbo+1","Cold Snap+1","Coolheaded+1"],"picked":"SKIP","floor":38},{"not_picked":["Beam Cell+1","Stack","Undo"],"picked":"SKIP","floor":40},{"not_picked":["Echo Form","Cold Snap+1"],"picked":"Darkness+1","floor":44},{"not_picked":["Compile Driver+1","Steam","Cold Snap+1"],"picked":"SKIP","floor":45},{"not_picked":["Go for the Eyes+1","Self Repair+1"],"picked":"Capacitor","floor":47}],"player_experience":628440,"relics_obtained":[{"floor":9,"key":"Cables"},{"floor":10,"key":"Whetstone"},{"floor":11,"key":"Orichalcum"},{"floor":13,"key":"Molten Egg 2"},{"floor":24,"key":"Tiny Chest"},{"floor":26,"key":"Letter Opener"},{"floor":28,"key":"Lantern"},{"floor":40,"key":"Meat on the Bone"},{"floor":43,"key":"Pantograph"},{"floor":44,"key":"Oddly Smooth Stone"}],"event_choices":[{"cards_removed":["Strike_B"],"damage_healed":0,"gold_gain":0,"player_choice":"Card Removal","damage_taken":0,"max_hp_gain":0,"max_hp_loss":0,"event_name":"The Cleric","floor":2,"gold_loss":50},{"damage_healed":0,"gold_gain":75,"player_choice":"Gather Gold","damage_taken":11,"max_hp_gain":0,"max_hp_loss":0,"event_name":"World of Goop","floor":3,"gold_loss":0},{"damage_healed":0,"gold_gain":0,"player_choice":"Success","damage_taken":7,"relics_obtained":["Bronze Scales"],"max_hp_gain":0,"max_hp_loss":0,"event_name":"Scrap Ooze","floor":4,"gold_loss":0},{"damage_healed":0,"gold_gain":0,"player_choice":"Got Potions","damage_taken":0,"max_hp_gain":0,"max_hp_loss":0,"event_name":"Lab","floor":19,"gold_loss":0}],"is_beta":false,"boss_relics":[{"not_picked":["Philosopher\u0027s Stone","Ectoplasm","Runic Pyramid"]},{"not_picked":["Orrery","Black Star"],"picked":"Pandora\u0027s Box"}],"items_purged_floors":[22,39,48],"is_endless":false,"potions_floor_spawned":[5,10,16,20,24,28,33,35,45],"killed_by":"Donu and Deca","ascension_level":1}