{"gold_per_floor":[119,119,194,68,84,118,118,131,157,177,193,209,209,225,225,326,326,326,281,281,196,196],"floor_reached":22,"playtime":857,"items_purged":[],"score":245,"play_id":"0e307758-ec02-4ca5-a880-7113ae043cad","local_time":"20190101173720","is_ascension_mode":true,"campfire_choices":[{"floor":7,"key":"REST"},{"data":"Limit Break","floor":13,"key":"SMITH"},{"data":"Flex","floor":15,"key":"SMITH"}],"neow_cost":"NONE","seed_source_timestamp":267445422131209,"circlet_count":0,"master_deck":["Strike_R","Strike_R","Strike_R","Strike_R","Strike_R","Defend_R","Defend_R","Defend_R","Defend_R","Bash","Flex+1","Spot Weakness","Shrug It Off","Carnage","Limit Break+1","Cleave","Double Tap","Shrug It Off","True Grit"],"relics":["Burning Blood","NeowsBlessing","Regal Pillow","Paper Frog","Dream Catcher","Ectoplasm","Nilry\u0027s Codex","Shuriken"],"potions_floor_usage":[14,16,19,22],"damage_taken":[{"damage":0,"enemies":"Small Slimes","floor":1,"turns":1},{"damage":0,"enemies":"Cultist","floor":5,"turns":1},{"damage":0,"enemies":"Gremlin Nob","floor":6,"turns":1},{"damage":0,"enemies":"2 Louse","floor":8,"turns":3},{"damage":14,"enemies":"Looter","floor":10,"turns":3},{"damage":11,"enemies":"3 Louse","floor":11,"turns":3},{"damage":9,"enemies":"2 Fungi Beasts","floor":12,"turns":4},{"damage":15,"enemies":"Red Slaver","floor":14,"turns":3},{"damage":37,"enemies":"The Guardian","floor":16,"turns":7},{"damage":22,"enemies":"Spheric Guardian","floor":18,"turns":5},{"damage":15,"enemies":"2 Thieves","floor":19,"turns":3},{"damage":41,"enemies":"3 Cultists","floor":22,"turns":4}],"seed_played":"6818287642947854215","potions_obtained":[{"floor":1,"key":"SkillPotion"},{"floor":8,"key":"Energy Potion"},{"floor":10,"key":"EssenceOfSteel"},{"floor":16,"key":"Block Potion"}],"is_trial":false,"path_per_floor":["M","?","?","$","M","E","R","M","T","M","M","M","R","M","R","B",null,"M","M","?","?","M"],"character_chosen":"IRONCLAD","items_purchased":["Flex","Spot Weakness"],"campfire_rested":1,"item_purchase_floors":[4,4],"current_hp_per_floor":[80,55,47,47,53,59,80,80,80,72,67,64,64,55,55,24,80,64,55,39,39,0],"gold":196,"neow_bonus":"THREE_ENEMY_KILL","is_prod":false,"is_daily":false,"chose_seed":false,"campfire_upgraded":2,"win_rate":0,"timestamp":1546331840,"path_taken":["M","?","?","$","M","E","R","M","T","?","M","M","R","M","R","BOSS","M","M","?","?","M"],"build_version":"2018-12-20","purchased_purges":0,"victory":false,"max_hp_per_floor":[80,80,80,80,80,80,80,80,80,80,80,80,80,80,80,80,80,80,80,80,80,80],"card_choices":[{"not_picked":["Rupture","Clash","Warcry"],"picked":"SKIP","floor":1},{"not_picked":["Thunderclap","Armaments"],"picked":"Shrug It Off","floor":5},{"not_picked":["Blood for Blood","Hemokinesis"],"picked":"Carnage","floor":6},{"not_picked":["Anger","Havoc","Rupture"],"picked":"SKIP","floor":8},{"not_picked":["Rage","Cleave"],"picked":"Limit Break","floor":10},{"not_picked":["Reckless Charge","Perfected Strike","Rampage"],"picked":"SKIP","floor":11},{"not_picked":["Hemokinesis","Havoc"],"picked":"Cleave","floor":12},{"not_picked":["Body Slam","Impervious","Searing Blow"],"picked":"SKIP","floor":14},{"not_picked":["Fiend Fire","Offering"],"picked":"Double Tap","floor":16},{"not_picked":["Havoc","Sentinel"],"picked":"Shrug It Off","floor":18},{"not_picked":["Clothesline","Body Slam"],"picked":"True Grit","floor":19}],"player_experience":101304,"relics_obtained":[{"floor":6,"key":"Paper Frog"},{"floor":9,"key":"Dream Catcher"},{"floor":20,"key":"Nilry\u0027s Codex"}],"event_choices":[{"damage_healed":0,"gold_gain":0,"player_choice":"Success","damage_taken":25,"relics_obtained":["Regal Pillow"],"max_hp_gain":0,"max_hp_loss":0,"event_name":"Scrap Ooze","floor":2,"gold_loss":0},{"damage_healed":0,"gold_gain":75,"player_choice":"Touch","damage_taken":8,"max_hp_gain":0,"max_hp_loss":0,"event_name":"FaceTrader","floor":3,"gold_loss":0},{"damage_healed":0,"gold_gain":0,"player_choice":"Obtained Book","damage_taken":16,"max_hp_gain":0,"max_hp_loss":0,"event_name":"Cursed Tome","floor":20,"gold_loss":0},{"damage_healed":0,"gold_gain":0,"player_choice":"Obtained Relic","damage_taken":0,"relics_obtained":["Shuriken"],"max_hp_gain":0,"max_hp_loss":0,"event_name":"Addict","floor":21,"gold_loss":85}],"is_beta":false,"boss_relics":[{"not_picked":["Runic Dome","Black Star"],"picked":"Ectoplasm"}],"items_purged_floors":[],"is_endless":false,"potions_floor_spawned":[1,8,10,16],"killed_by":"3 Cultists","ascension_level":3}