{"gold_per_floor":[109,109,125,136,211,211,211,211,234,13,26,45,45,145,145,250,250,263,80,0,20,30,30,30,30,30,44,60,60,22,35,35,132,132,150,250,250,263,263,263],"floor_reached":40,"playtime":2183,"items_purged":["Strike_B"],"score":432,"play_id":"1ee830b6-8159-49d6-bd15-4e091eddf0c1","local_time":"20190101005909","is_ascension_mode":true,"campfire_choices":[{"data":"Zap","floor":6.0,"key":"SMITH"},{"data":"Dualcast","floor":8.0,"key":"SMITH"},{"floor":15.0,"key":"REST"},{"floor":23.0,"key":"REST"},{"floor":29,"key":"REST"},{"floor":32,"key":"REST"}],"neow_cost":"NONE","seed_source_timestamp":0,"circlet_count":0,"master_deck":["Defend_B","Defend_B","Defend_B","Defend_B","Zap+1","Dualcast+1","Cold Snap","Conserve Battery","Coolheaded","Go for the Eyes","Electrodynamics","Hologram","All For One","Beam Cell","Finesse","Skim","Steam","Gash","Turbo","Auto Shields","Defragment","Beam Cell","Go for the Eyes","Core Surge","Gash","Glacier"],"special_seed":0,"relics":["Cracked Core","Juzu Bracelet","Dream Catcher","Philosopher\u0027s Stone","Dodecahedron","Empty Cage","FaceOfCleric"],"potions_floor_usage":[33],"damage_taken":[{"damage":0.0,"enemies":"Jaw Worm","floor":1.0,"turns":3.0},{"damage":0.0,"enemies":"Cultist","floor":3.0,"turns":3.0},{"damage":5.0,"enemies":"2 Louse","floor":4.0,"turns":3.0},{"damage":0.0,"enemies":"Blue Slaver","floor":11.0,"turns":3.0},{"damage":19.0,"enemies":"Gremlin Gang","floor":12.0,"turns":3.0},{"damage":21.0,"enemies":"The Guardian","floor":16.0,"turns":13.0},{"damage":17.0,"enemies":"Spheric Guardian","floor":18.0,"turns":4.0},{"damage":8.0,"enemies":"Shell Parasite","floor":21.0,"turns":4.0},{"damage":3.0,"enemies":"Sentry and Sphere","floor":22.0,"turns":4.0},{"damage":8,"enemies":"Centurion and Healer","floor":27,"turns":5},{"damage":17,"enemies":"Shelled Parasite and Fungi","floor":28,"turns":4},{"damage":21,"enemies":"Snake Plant","floor":31,"turns":4},{"damage":53,"enemies":"Collector","floor":33,"turns":20},{"damage":13,"enemies":"3 Shapes","floor":35,"turns":6},{"damage":9,"enemies":"Orb Walker","floor":38,"turns":3},{"damage":70,"enemies":"Nemesis","floor":40,"turns":7}],"seed_played":"793702830201022946","potions_obtained":[{"floor":3.0,"key":"LiquidBronze"},{"floor":16.0,"key":"SteroidPotion"},{"floor":18.0,"key":"Swift Potion"},{"floor":31,"key":"Weak Potion"},{"floor":33,"key":"Swift Potion"},{"floor":38,"key":"LiquidBronze"}],"is_trial":false,"path_per_floor":["M","?","M","M","?","R","?","R","T","$","M","M","$","?","R","B",null,"M","$","?","M","M","R","?","?","T","M","M","R","$","M","R","B",null,"M","?","?","M","?","E"],"character_chosen":"DEFECT","items_purchased":["Electrodynamics","Beam Cell","Finesse","Skim","Defragment"],"campfire_rested":4,"item_purchase_floors":[10,19,19,19,30],"current_hp_per_floor":[75,75,75,70,59,59,59,59,59,59,59,40,40,40,62,41,75,58,58,58,50,47,69,69,69,69,61,44,66,66,45,67,14,75,62,62,62,53,53,0],"gold":263,"neow_bonus":"THREE_CARDS","is_prod":false,"is_daily":false,"chose_seed":false,"campfire_upgraded":2,"win_rate":0,"timestamp":1546271949,"path_taken":["M","?","?","M","?","R","?","R","T","$","M","M","?","?","R","BOSS","M","$","?","M","M","R","?","?","T","M","M","R","?","M","R","BOSS","M","?","?","M","?","E"],"build_version":"2018-12-20","purchased_purges":1,"victory":false,"max_hp_per_floor":[75,75,75,75,75,75,75,75,75,75,75,75,75,75,75,75,75,75,75,75,75,75,75,75,75,75,75,75,75,75,75,75,75,75,75,75,75,75,75,75],"card_choices":[{"not_picked":["Self Repair","Blizzard"],"picked":"Cold Snap","floor":0.0},{"not_picked":["Cold Snap","Barrage"],"picked":"Conserve Battery","floor":1.0},{"not_picked":["Gash","Conserve Battery"],"picked":"Coolheaded","floor":3.0},{"not_picked":["Heatsinks","Beam Cell"],"picked":"Go for the Eyes","floor":4.0},{"not_picked":["Sweeping Beam","Biased Cognition","Leap"],"picked":"SKIP","floor":11.0},{"not_picked":["Scrape","Genetic Algorithm"],"picked":"Hologram","floor":12.0},{"not_picked":["Core Surge","Amplify"],"picked":"All For One","floor":16.0},{"not_picked":["Streamline","Coolheaded","Darkness"],"picked":"SKIP","floor":18.0},{"not_picked":["Chaos+1","Coolheaded"],"picked":"Steam","floor":21.0},{"not_picked":["Leap","Steam"],"picked":"Gash","floor":22.0},{"not_picked":["Ball Lightning","Rebound+1","Blizzard"],"picked":"SKIP","floor":27},{"not_picked":["Hologram","Stack+1"],"picked":"Turbo","floor":28},{"not_picked":["Conserve Battery","Amplify"],"picked":"Auto Shields","floor":29},{"not_picked":["Redo","Doom and Gloom"],"picked":"Beam Cell","floor":31},{"not_picked":["Sweeping Beam","Coolheaded"],"picked":"Go for the Eyes","floor":32},{"not_picked":["Echo Form","Rainbow"],"picked":"Core Surge","floor":33},{"not_picked":["BootSequence","Cold Snap"],"picked":"Gash","floor":35},{"not_picked":["Sunder+1","Barrage+1"],"picked":"Glacier","floor":38}],"player_experience":91397,"relics_obtained":[{"floor":9.0,"key":"Dream Catcher"},{"floor":26.0,"key":"Dodecahedron"}],"event_choices":[{"damage_healed":0.0,"max_hp_gain":0.0,"max_hp_loss":0.0,"gold_gain":0.0,"event_name":"WeMeetAgain","player_choice":"Ignored","floor":2.0,"gold_loss":0.0,"damage_taken":0.0},{"damage_healed":0.0,"max_hp_gain":0.0,"max_hp_loss":0.0,"gold_gain":75.0,"event_name":"World of Goop","player_choice":"Gather Gold","floor":5.0,"gold_loss":0.0,"damage_taken":11.0},{"damage_healed":0.0,"max_hp_gain":0.0,"max_hp_loss":0.0,"gold_gain":0.0,"event_name":"Dead Adventurer","player_choice":"Searched \u00271\u0027 times","floor":7.0,"gold_loss":0.0,"damage_taken":0.0,"relics_obtained":["Juzu Bracelet"]},{"damage_healed":0.0,"max_hp_gain":0.0,"max_hp_loss":0.0,"gold_gain":100.0,"event_name":"Golden Shrine","player_choice":"Pray","floor":14.0,"gold_loss":0.0,"damage_taken":0.0},{"damage_healed":0.0,"max_hp_gain":0.0,"max_hp_loss":0.0,"gold_gain":0.0,"event_name":"Masked Bandits","player_choice":"Paid Fearfully","floor":20.0,"gold_loss":80.0,"damage_taken":0.0},{"cards_removed":["Strike_B"],"damage_healed":0.0,"max_hp_gain":0.0,"max_hp_loss":0.0,"gold_gain":0.0,"event_name":"Back to Basics","player_choice":"Elegance","floor":24.0,"gold_loss":0.0,"damage_taken":0.0},{"damage_healed":0,"gold_gain":100,"player_choice":"Pray","damage_taken":0,"max_hp_gain":0,"max_hp_loss":0,"event_name":"Golden Shrine","floor":36,"gold_loss":0},{"damage_healed":0,"gold_gain":0,"player_choice":"Ignored","damage_taken":0,"max_hp_gain":0,"max_hp_loss":0,"event_name":"Tomb of Lord Red Mask","floor":37,"gold_loss":0},{"damage_healed":0,"gold_gain":0,"player_choice":"Trade","damage_taken":0,"relics_obtained":["FaceOfCleric"],"max_hp_gain":0,"max_hp_loss":0,"event_name":"FaceTrader","floor":39,"gold_loss":0}],"is_beta":false,"boss_relics":[{"not_picked":["Astrolabe","Coffee Dripper"],"picked":"Philosopher\u0027s Stone"},{"not_picked":["Calling Bell","Orrery"],"picked":"Empty Cage"}],"items_purged_floors":[10],"is_endless":false,"potions_floor_spawned":[3,16,18,31,33,38],"killed_by":"Nemesis","ascension_level":3}