{"gold_per_floor":[112,125,5,80,98,98,117,117,142,142,160,160,173,187,187,288,288,303,402,130,141,141,141,141,153,202,202,214,21,37,37,37,37],"floor_reached":33,"playtime":2110,"items_purged":["Strike_B","Zap","Defend_B"],"score":239,"play_id":"3bee51b1-c93e-4948-afaa-14170849ac1e","local_time":"20190702175831","is_ascension_mode":false,"campfire_choices":[{"data":"Hologram","floor":6,"key":"SMITH"},{"data":"Streamline","floor":8,"key":"SMITH"},{"floor":15,"key":"REST"},{"data":"Mayhem","floor":23,"key":"SMITH"},{"floor":32,"key":"REST"}],"neow_cost":"NONE","seed_source_timestamp":1167611863011957,"circlet_count":0,"master_deck":["Strike_B","Strike_B","Strike_B","Defend_B","Defend_B+1","Defend_B","Hologram+1","Streamline+1","Rebound+1","Streamline+1","Hyperbeam","Mayhem+1","Hologram+1","Mayhem+1","All For One"],"relics":["Cracked Core","PreservedInsect","Smiling Mask","Vajra"],"potions_floor_usage":[16,33,33],"damage_taken":[{"damage":1,"enemies":"Cultist","floor":1,"turns":3},{"damage":0,"enemies":"Small Slimes","floor":2,"turns":3},{"damage":2,"enemies":"2 Louse","floor":5,"turns":2},{"damage":0,"enemies":"Large Slime","floor":7,"turns":4},{"damage":11,"enemies":"Lots of Slimes","floor":11,"turns":3},{"damage":0,"enemies":"Exordium Wildlife","floor":13,"turns":3},{"damage":7,"enemies":"Looter","floor":14,"turns":3},{"damage":29,"enemies":"Slime Boss","floor":16,"turns":8},{"damage":20,"enemies":"3 Byrds","floor":18,"turns":4},{"damage":5,"enemies":"Spheric Guardian","floor":21,"turns":3},{"damage":3,"enemies":"Snecko","floor":25,"turns":4},{"damage":31,"enemies":"3 Cultists","floor":28,"turns":5},{"damage":20,"enemies":"Centurion and Healer","floor":30,"turns":4},{"damage":64,"enemies":"Automaton","floor":33,"turns":6}],"seed_played":"-6942043540543136078","potions_obtained":[{"floor":1,"key":"Explosive Potion"},{"floor":11,"key":"SteroidPotion"},{"floor":13,"key":"Strength Potion"},{"floor":21,"key":"Swift Potion"},{"floor":25,"key":"Strength Potion"}],"is_trial":false,"path_per_floor":["M","M","$","?","M","R","M","R","T","?","M","?","M","M","R","B",null,"M","?","$","M","?","R","?","M","T","?","M","$","M","?","R","B"],"character_chosen":"DEFECT","items_purchased":["Rebound","Mayhem","Vajra"],"campfire_rested":2,"item_purchase_floors":[3,20,29],"current_hp_per_floor":[81,81,81,70,68,68,68,68,68,52,41,41,41,34,58,29,82,62,62,62,57,57,57,57,54,54,54,23,23,3,3,27,0],"gold":37,"neow_bonus":"TEN_PERCENT_HP_BONUS","is_prod":false,"is_daily":false,"chose_seed":false,"campfire_upgraded":3,"win_rate":0,"timestamp":1562057911,"path_taken":["M","?","$","?","M","R","M","R","T","?","M","?","?","M","R","BOSS","M","?","$","M","?","R","?","M","T","?","M","$","?","?","R","BOSS"],"build_version":"2019-01-23","purchased_purges":3,"victory":false,"max_hp_per_floor":[82,82,82,82,82,82,82,82,82,82,82,82,82,82,82,82,82,82,82,82,82,82,82,82,82,82,82,82,82,82,82,82,82],"card_choices":[{"not_picked":["Steam Power","Coolheaded"],"picked":"Hologram","floor":1},{"not_picked":["Blizzard","Gash"],"picked":"Streamline","floor":2},{"not_picked":["Beam Cell","FTL","BootSequence"],"picked":"SKIP","floor":5},{"not_picked":["Gash","Turbo"],"picked":"Streamline","floor":7},{"not_picked":["Auto Shields","Conserve Battery","Storm"],"picked":"SKIP","floor":11},{"not_picked":["Reinforced Body","Scrape","Steam Power"],"picked":"SKIP","floor":13},{"not_picked":["Conserve Battery","Streamline","Steam"],"picked":"SKIP","floor":14},{"not_picked":["Reboot","Multi-Cast"],"picked":"Hyperbeam","floor":16},{"not_picked":["Doom and Gloom","Double Energy","Cold Snap"],"picked":"SKIP","floor":18},{"not_picked":["Force Field+1","Beam Cell"],"picked":"Hologram+1","floor":21},{"not_picked":["Stack+1","Scrape","Aggregate"],"picked":"SKIP","floor":25},{"not_picked":["Steam","Hyperbeam","Hologram+1"],"picked":"SKIP","floor":28},{"not_picked":["Rebound","Stack","Steam"],"picked":"SKIP","floor":30}],"player_experience":154101,"relics_obtained":[{"floor":9,"key":"PreservedInsect"},{"floor":26,"key":"Smiling Mask"}],"event_choices":[{"damage_healed":0,"gold_gain":75,"player_choice":"Gather Gold","damage_taken":11,"max_hp_gain":0,"max_hp_loss":0,"event_name":"World of Goop","floor":4,"gold_loss":0},{"damage_healed":0,"gold_gain":0,"player_choice":"Entered Light","damage_taken":16,"max_hp_gain":0,"max_hp_loss":0,"event_name":"Shining Light","floor":10,"gold_loss":0,"cards_upgraded":["Defend_B","Rebound"]},{"damage_healed":0,"gold_gain":0,"player_choice":"Upgraded","damage_taken":0,"max_hp_gain":0,"max_hp_loss":0,"event_name":"Upgrade Shrine","floor":12,"gold_loss":0,"cards_upgraded":["Streamline"]},{"damage_healed":0,"gold_gain":99,"player_choice":"Stole From Cult","damage_taken":0,"max_hp_gain":0,"max_hp_loss":0,"event_name":"Nest","floor":19,"gold_loss":0},{"damage_healed":0,"gold_gain":0,"player_choice":"Ignored","damage_taken":0,"max_hp_gain":0,"max_hp_loss":0,"event_name":"Vampires","floor":22,"gold_loss":0},{"damage_healed":0,"gold_gain":0,"player_choice":"Ignored","damage_taken":0,"max_hp_gain":0,"max_hp_loss":0,"event_name":"Cursed Tome","floor":24,"gold_loss":0},{"damage_healed":0,"gold_gain":0,"player_choice":"Copied","damage_taken":0,"max_hp_gain":0,"max_hp_loss":0,"event_name":"Duplicator","floor":27,"gold_loss":0,"cards_obtained":["Mayhem"]},{"damage_healed":0,"gold_gain":0,"cards_transformed":["Dualcast"],"player_choice":"Transformed","damage_taken":0,"max_hp_gain":0,"max_hp_loss":0,"event_name":"Transmorgrifier","floor":31,"gold_loss":0,"cards_obtained":["All For One"]}],"is_beta":false,"boss_relics":[{"not_picked":["Cursed Key","Runic Pyramid","Orrery"]}],"items_purged_floors":[3,20,29],"is_endless":false,"potions_floor_spawned":[1,11,13,21,25,30],"killed_by":"Automaton","ascension_level":0}