{"gold_per_floor":[113,123,123,139,151,181,181,199,199,199,212,223,255,273,273,352,352,362,374,89,108,118,147,147,147,147,173,191,191,208,224,224,302,302,313,35,50,150,59,89,89,121,121,138,138,158,186,21,21,21],"floor_reached":51,"playtime":4069,"items_purged":["Strike_R"],"score":1596,"play_id":"3175c38e-3086-4744-8e31-76ba82dff687","local_time":"20190830190058","is_ascension_mode":true,"campfire_choices":[{"data":"Rage","floor":7.0,"key":"SMITH"},{"data":"Anger","floor":10.0,"key":"SMITH"},{"data":"Brutality","floor":15.0,"key":"SMITH"},{"floor":24,"key":"REST"},{"floor":29,"key":"REST"},{"floor":32,"key":"REST"},{"data":"Body Slam","floor":45,"key":"SMITH"},{"floor":49,"key":"REST"}],"neow_cost":"TEN_PERCENT_HP_LOSS","seed_source_timestamp":0,"circlet_count":0,"master_deck":["AscendersBane","Strike_R","Strike_R","Strike_R","Bash","Brutality+1","Blood for Blood","Headbutt","Rampage","Anger+1","Rage+1","Anger","True Grit+1","Body Slam","Shrug It Off+1","Rage+1","Double Tap+1","Shrug It Off+1","Shrug It Off+1","Immolate","Panacea+1","Flame Barrier+1","Flex+1","Warcry+1","Body Slam+1","Battle Trance+1","Shockwave+1","Anger","Battle Trance+1","Juggernaut","Warcry+1","Finesse+1","Body Slam+1","Battle Trance+1","PanicButton+1"],"special_seed":0,"relics":["Burning Blood","FaceOfCleric","Omamori","Toxic Egg 2","Gremlin Horn","Cursed Key","PreservedInsect","MutagenicStrength","FossilizedHelix","Nunchaku","Empty Cage","Shuriken","StoneCalendar","Meat on the Bone","War Paint","Darkstone Periapt","Oddly Smooth Stone"],"potions_floor_usage":[28,33,50],"damage_taken":[{"damage":10.0,"enemies":"Small Slimes","floor":1.0,"turns":4.0},{"damage":1.0,"enemies":"Cultist","floor":2.0,"turns":3.0},{"damage":4.0,"enemies":"Jaw Worm","floor":4.0,"turns":3.0},{"damage":16.0,"enemies":"Large Slime","floor":5.0,"turns":5.0},{"damage":20.0,"enemies":"3 Sentries","floor":6.0,"turns":8.0},{"damage":1.0,"enemies":"Exordium Wildlife","floor":8.0,"turns":4.0},{"damage":4.0,"enemies":"3 Louse","floor":11.0,"turns":4.0},{"damage":0.0,"enemies":"Looter","floor":12.0,"turns":3.0},{"damage":28.0,"enemies":"Gremlin Nob","floor":13.0,"turns":4.0},{"damage":0.0,"enemies":"2 Fungi Beasts","floor":14.0,"turns":3.0},{"damage":32.0,"enemies":"Slime Boss","floor":16.0,"turns":9.0},{"damage":4.0,"enemies":"Spheric Guardian","floor":18.0,"turns":4.0},{"damage":16.0,"enemies":"3 Byrds","floor":19.0,"turns":5.0},{"damage":39.0,"enemies":"Cultist and Chosen","floor":21.0,"turns":10.0},{"damage":11.0,"enemies":"3 Cultists","floor":22.0,"turns":5.0},{"damage":2.0,"enemies":"Slavers","floor":23.0,"turns":3.0},{"damage":9,"enemies":"Book of Stabbing","floor":27,"turns":3},{"damage":15,"enemies":"Snecko","floor":28,"turns":4},{"damage":36,"enemies":"Snake Plant","floor":30,"turns":3},{"damage":9,"enemies":"Centurion and Healer","floor":31,"turns":4},{"damage":11,"enemies":"Collector","floor":33,"turns":9},{"damage":18,"enemies":"3 Darklings","floor":35,"turns":4},{"damage":0,"enemies":"3 Shapes","floor":37,"turns":2},{"damage":12,"enemies":"Mind Bloom Boss Battle","floor":38,"turns":6},{"damage":0,"enemies":"Reptomancer","floor":40,"turns":2},{"damage":23,"enemies":"Giant Head","floor":42,"turns":5},{"damage":14,"enemies":"Jaw Worm Horde","floor":44,"turns":3},{"damage":19,"enemies":"Writhing Mass","floor":46,"turns":5},{"damage":48,"enemies":"Nemesis","floor":47,"turns":5},{"damage":19,"enemies":"Donu and Deca","floor":50,"turns":6}],"seed_played":"4283390660433089483","potions_obtained":[{"floor":2.0,"key":"Explosive Potion"},{"floor":4.0,"key":"Block Potion"},{"floor":12.0,"key":"EssenceOfSteel"},{"floor":14.0,"key":"Energy Potion"},{"floor":22.0,"key":"EntropicBrew"},{"floor":27,"key":"Poison Potion"},{"floor":28,"key":"SkillPotion"},{"floor":33,"key":"Strength Potion"},{"floor":37,"key":"EssenceOfSteel"},{"floor":38,"key":"GamblersBrew"}],"is_trial":false,"path_per_floor":["M","M","?","M","M","E","R","M","T","R","M","M","E","M","R","B",null,"M","M","$","M","M","E","R","?","T","E","M","R","M","M","R","B",null,"M","$","M","?","$","E","?","E","T","M","R","M","E","$","R","B",null],"character_chosen":"IRONCLAD","items_purchased":["Immolate","Panacea+1","Flame Barrier+1","Shuriken","Finesse+1","PanicButton+1"],"campfire_rested":4,"item_purchase_floors":[20,20,20,36,39,48],"current_hp_per_floor":[64,68,68,69,60,47,47,53,53,53,56,63,42,49,49,24,64,67,58,58,26,22,27,51,51,51,49,41,66,37,35,60,56,79,68,68,75,70,70,77,77,61,61,54,54,54,25,25,53,53],"gold":21,"neow_bonus":"TRANSFORM_TWO_CARDS","is_prod":false,"is_daily":false,"chose_seed":false,"campfire_upgraded":4,"win_rate":0,"timestamp":1567216858,"path_taken":["M","M","?","M","M","E","R","M","T","R","M","M","E","M","R","BOSS","M","M","$","M","?","E","R","?","T","E","M","R","M","M","R","BOSS","M","$","M","?","$","E","?","E","T","M","R","M","E","?","R","BOSS"],"build_version":"2019-07-17","purchased_purges":1,"victory":true,"max_hp_per_floor":[68,68,68,69,70,71,71,72,72,72,73,74,75,76,76,77,77,78,79,79,80,81,82,82,82,82,83,84,84,85,86,86,87,87,88,88,89,90,90,91,91,92,92,93,93,94,95,95,95,96],"card_choices":[{"not_picked":["Heavy Blade","Flex"],"picked":"Headbutt","floor":1.0},{"not_picked":["Anger","Wild Strike"],"picked":"Rampage","floor":2.0},{"not_picked":["Clothesline","Iron Wave"],"picked":"Anger","floor":4.0},{"not_picked":["Corruption","Anger"],"picked":"Rage","floor":5.0},{"not_picked":["Heavy Blade","Bloodletting","True Grit"],"picked":"SKIP","floor":6.0},{"not_picked":["Sword Boomerang","Flex"],"picked":"Anger","floor":8.0},{"not_picked":["Burning Pact+1","Berserk"],"picked":"True Grit+1","floor":11.0},{"not_picked":["Flex+1","Combust"],"picked":"Body Slam","floor":12.0},{"not_picked":["Twin Strike","Clash"],"picked":"Shrug It Off+1","floor":13.0},{"not_picked":["Blood for Blood","Havoc+1"],"picked":"Rage+1","floor":14.0},{"not_picked":["Berserk","Feed"],"picked":"Double Tap+1","floor":16.0},{"not_picked":["Pommel Strike","Pummel+1"],"picked":"Shrug It Off+1","floor":18.0},{"not_picked":["Burning Pact+1","Wild Strike"],"picked":"Shrug It Off+1","floor":19.0},{"not_picked":["Armaments+1","Pommel Strike"],"picked":"Flex+1","floor":21.0},{"not_picked":["Dropkick","Flex+1"],"picked":"Warcry+1","floor":22.0},{"not_picked":["Armaments+1","Shrug It Off+1"],"picked":"Body Slam+1","floor":23.0},{"not_picked":["Limit Break+1","Dual Wield+1"],"picked":"Battle Trance+1","floor":27},{"not_picked":["Corruption","Bloodletting+1"],"picked":"Shockwave+1","floor":28},{"not_picked":["Seeing Red+1","Clash"],"picked":"Anger","floor":30},{"not_picked":["Cleave+1","Flex+1"],"picked":"Battle Trance+1","floor":31},{"not_picked":["Dark Embrace","Brutality"],"picked":"Juggernaut","floor":33},{"not_picked":["True Grit+1","Sword Boomerang","Clash+1"],"picked":"SKIP","floor":35},{"not_picked":["Pommel Strike","Disarm+1"],"picked":"Warcry+1","floor":37},{"not_picked":["Inflame","Pommel Strike"],"picked":"Body Slam","floor":40},{"not_picked":["Shrug It Off+1","Carnage","Armaments+1"],"picked":"SKIP","floor":42},{"not_picked":["Shrug It Off+1","Carnage","Armaments+1"],"picked":"SKIP","floor":42},{"not_picked":["Clash","Iron Wave","Combust"],"picked":"SKIP","floor":44},{"not_picked":["True Grit+1","Fire Breathing","Uppercut"],"picked":"SKIP","floor":46},{"not_picked":["Iron Wave","Dropkick"],"picked":"Battle Trance+1","floor":47}],"player_experience":334261,"relics_obtained":[{"floor":6.0,"key":"Omamori"},{"floor":9.0,"key":"Toxic Egg 2"},{"floor":13.0,"key":"Gremlin Horn"},{"floor":23.0,"key":"PreservedInsect"},{"floor":26,"key":"FossilizedHelix"},{"floor":27,"key":"Nunchaku"},{"floor":38,"key":"StoneCalendar"},{"floor":40,"key":"Meat on the Bone"},{"floor":42,"key":"War Paint"},{"floor":43,"key":"Darkstone Periapt"},{"floor":47,"key":"Oddly Smooth Stone"}],"event_choices":[{"damage_healed":0.0,"max_hp_gain":0.0,"max_hp_loss":0.0,"gold_gain":0.0,"event_name":"FaceTrader","player_choice":"Trade","floor":3.0,"gold_loss":0.0,"damage_taken":0.0,"relics_obtained":["FaceOfCleric"]},{"damage_healed":0,"gold_gain":0,"player_choice":"Inject Mutagens","damage_taken":0,"relics_obtained":["MutagenicStrength"],"max_hp_gain":0,"max_hp_loss":0,"event_name":"Drug Dealer","floor":25,"gold_loss":0},{"damage_healed":0,"gold_gain":0,"player_choice":"Fight","damage_taken":0,"max_hp_gain":0,"max_hp_loss":0,"event_name":"MindBloom","floor":38,"gold_loss":0},{"cards_removed":["Defend_R"],"damage_healed":0,"gold_gain":0,"player_choice":"Removed Skill","damage_taken":0,"max_hp_gain":0,"max_hp_loss":0,"event_name":"Falling","floor":41,"gold_loss":0}],"is_beta":false,"boss_relics":[{"not_picked":["Fusion Hammer","Ectoplasm"],"picked":"Cursed Key"},{"not_picked":["Snecko Eye","Velvet Choker"],"picked":"Empty Cage"}],"items_purged_floors":[48],"is_endless":false,"potions_floor_spawned":[2,4,5,12,14,22,27,28,33,37,38,44],"ascension_level":19}