{"gold_per_floor":[143,143,218,33,53,80,80,99,123,19,34,62,62,79,79,178,178,197,223,254,277,212,224,249,261,273,332,355,367,13,13,13,117,167,179,34,112,36,47,60,75,92,92,92,92,92,123,123],"floor_reached":48,"playtime":2479,"items_purged":[],"score":566,"play_id":"ac1ac793-2197-4c0c-9067-f99e7ddba7f4","local_time":"20180818121018","is_ascension_mode":true,"campfire_choices":[{"floor":7,"key":"REST"},{"floor":13,"key":"REST"},{"data":"Bouncing Flask","floor":15,"key":"SMITH"},{"floor":23,"key":"REST"},{"floor":25,"key":"REST"},{"floor":32,"key":"REST"},{"floor":46,"key":"REST"}],"neow_cost":"NONE","seed_source_timestamp":120371954593256,"circlet_count":0,"master_deck":["Defend_G+1","Defend_G+1","Defend_G+1","Defend_G+1","Defend_G+1","Strike_G+1","Strike_G+1","Strike_G+1","Strike_G+1","Strike_G+1","Survivor","Neutralize+1","Predator","Heel Hook","Leg Sweep","Footwork","Bouncing Flask+1","Poisoned Stab+1","Dagger Spray","Footwork","Heel Hook","Prepared","Heel Hook","Sucker Punch","A Thousand Cuts","Predator+1","Blur","Slice+1","J.A.X.","Caltrops","Deadly Poison","Blur","Bane","Swift Strike","Dagger Spray","After Image","Backflip+1","Prepared+1","Footwork","Dash+1","Setup+1","Calculated Gamble+1","Die Die Die","Apotheosis","Bane+1"],"relics":["Ring of the Snake","Tiny Chest","Ancient Tea Set","Boot","Regal Pillow","Fusion Hammer","MawBank","Anchor","Vajra","Mercury Hourglass","Tiny House","Bronze Scales","Smiling Mask","Dodecahedron","Kunai","Lantern"],"potions_floor_usage":[11,12,14,24,33,33,40,42,47],"damage_taken":[{"damage":7,"enemies":"Small Slimes","floor":1,"turns":4},{"damage":0,"enemies":"2 Louse","floor":5,"turns":4},{"damage":8,"enemies":"Lagavulin","floor":6,"turns":6},{"damage":0,"enemies":"Cultist","floor":8,"turns":3},{"damage":0,"enemies":"Looter","floor":11,"turns":2},{"damage":16,"enemies":"Gremlin Nob","floor":12,"turns":5},{"damage":0,"enemies":"Blue Slaver","floor":14,"turns":3},{"damage":30,"enemies":"Slime Boss","floor":16,"turns":10},{"damage":0,"enemies":"Chosen","floor":18,"turns":3},{"damage":6,"enemies":"3 Byrds","floor":20,"turns":3},{"damage":11,"enemies":"Centurion and Healer","floor":21,"turns":7},{"damage":4,"enemies":"Cultist and Chosen","floor":24,"turns":6},{"damage":8,"enemies":"Snake Plant","floor":28,"turns":2},{"damage":23,"enemies":"Automaton","floor":33,"turns":9},{"damage":3,"enemies":"3 Shapes","floor":35,"turns":4},{"damage":0,"enemies":"Orb Walker","floor":39,"turns":3},{"damage":9,"enemies":"4 Shapes","floor":40,"turns":4},{"damage":30,"enemies":"Sphere and 2 Shapes","floor":41,"turns":5},{"damage":23,"enemies":"Spire Growth","floor":42,"turns":5},{"damage":12,"enemies":"Giant Head","floor":47,"turns":7},{"damage":49,"enemies":"Transient","floor":48,"turns":5}],"seed_played":"7515097664883405092","potions_obtained":[{"floor":1,"key":"Weak Potion"},{"floor":6,"key":"GhostInAJar"},{"floor":8,"key":"GamblersBrew"},{"floor":14,"key":"Dexterity Potion"},{"floor":21,"key":"GhostInAJar"},{"floor":28,"key":"Weak Potion"},{"floor":34,"key":"Explosive Potion"},{"floor":35,"key":"SteroidPotion"},{"floor":42,"key":"PowerPotion"}],"is_trial":false,"path_per_floor":["M","?","?","$","M","E","R","M","T","$","M","E","R","M","R","B",null,"M","T","M","M","?","R","M","R","T","T","M","?","$","?","R","B",null,"M","$","T","$","M","M","M","M","T","T","?","R","E"],"character_chosen":"THE_SILENT","items_purchased":["Heel Hook","Leg Sweep","Footwork","Footwork","Heel Hook","Mercury Hourglass","Blur","Bane","Bronze Scales","Footwork"],"campfire_rested":6,"item_purchase_floors":[4,4,4,10,10,30,30,30,36,38],"current_hp_per_floor":[63,63,52,52,52,44,65,65,65,65,65,49,70,70,70,40,70,70,70,64,53,53,70,66,70,70,70,62,62,62,62,70,47,75,72,72,72,72,72,63,33,10,10,10,10,47,35,0],"gold":123,"neow_bonus":"RANDOM_COMMON_RELIC","is_prod":false,"is_daily":false,"chose_seed":false,"campfire_upgraded":1,"win_rate":0,"timestamp":1534587018,"path_taken":["M","?","?","$","M","E","R","M","T","$","?","E","R","M","R","BOSS","M","?","M","M","?","R","M","R","T","?","?","?","$","?","R","BOSS","M","?","?","$","M","M","?","M","T","?","?","R","E","M"],"build_version":"2018-08-16","purchased_purges":0,"victory":false,"max_hp_per_floor":[70,70,70,70,70,70,70,70,70,70,70,70,70,70,70,70,70,70,70,70,70,70,70,70,70,70,70,70,70,70,70,70,70,75,75,75,75,75,75,75,75,75,75,75,75,75,75,75],"card_choices":[{"not_picked":["Endless Agony","Heel Hook"],"picked":"Predator","floor":1},{"not_picked":["Blade Dance","Deadly Poison"],"picked":"Bouncing Flask","floor":5},{"not_picked":["Accuracy","Cloak And Dagger"],"picked":"Poisoned Stab","floor":6},{"not_picked":["Quick Slash","Outmaneuver"],"picked":"Dagger Spray","floor":8},{"not_picked":["Acrobatics","Dagger Spray"],"picked":"Prepared","floor":11},{"not_picked":["A Thousand Cuts","Flechettes"],"picked":"Heel Hook","floor":12},{"not_picked":["PiercingWail","Expertise"],"picked":"Sucker Punch","floor":14},{"not_picked":["Bullet Time","Storm of Steel"],"picked":"A Thousand Cuts","floor":16},{"not_picked":["Infinite Blades","Masterful Stab"],"picked":"Predator+1","floor":18},{"not_picked":["PiercingWail","Quick Slash"],"picked":"Blur","floor":20},{"not_picked":["Outmaneuver","Endless Agony"],"picked":"Slice+1","floor":21},{"not_picked":["Accuracy","Deflect"],"picked":"Caltrops","floor":24},{"not_picked":["Acrobatics+1","Cloak And Dagger"],"picked":"Deadly Poison","floor":28},{"not_picked":["Glass Knife","Night Terror"],"picked":"After Image","floor":33},{"not_picked":["Slice","PiercingWail"],"picked":"Backflip+1","floor":34},{"not_picked":["Concentrate+1","Quick Slash+1"],"picked":"Prepared+1","floor":35},{"not_picked":["Tactician","Blade Dance+1"],"picked":"Dash+1","floor":39},{"not_picked":["Outmaneuver","Flechettes"],"picked":"Setup+1","floor":40},{"not_picked":["Blade Dance+1","Dagger Throw"],"picked":"Calculated Gamble+1","floor":41},{"not_picked":["Blade Dance","Acrobatics"],"picked":"Die Die Die","floor":42},{"not_picked":["Panacea","Violence"],"picked":"Apotheosis","floor":45},{"not_picked":["Escape Plan","Underhanded Strike"],"picked":"Bane+1","floor":47}],"player_experience":215853,"relics_obtained":[{"floor":6,"key":"Ancient Tea Set"},{"floor":9,"key":"Boot"},{"floor":12,"key":"Regal Pillow"},{"floor":19,"key":"MawBank"},{"floor":26,"key":"Anchor"},{"floor":27,"key":"Vajra"},{"floor":37,"key":"Smiling Mask"},{"floor":43,"key":"Dodecahedron"},{"floor":44,"key":"Kunai"},{"floor":47,"key":"Lantern"}],"event_choices":[{"event_name":"Living Wall","player_choice":"Grow","floor":2,"damage_taken":0},{"event_name":"World of Goop","player_choice":"Gather Gold","floor":3,"damage_taken":0},{"event_name":"Drug Dealer","player_choice":"Got JAXXED","floor":22,"damage_taken":0},{"event_name":"Back to Basics","player_choice":"Simplicity","floor":29,"damage_taken":0},{"event_name":"Match and Keep!","player_choice":"2 cards matched","floor":31,"damage_taken":0},{"event_name":"SensoryStone","player_choice":"Memory 1","floor":45,"damage_taken":0}],"is_beta":false,"boss_relics":[{"not_picked":["Empty Cage","White Beast Statue"],"picked":"Fusion Hammer"},{"not_picked":["Velvet Choker","Calling Bell"],"picked":"Tiny House"}],"items_purged_floors":[],"is_endless":false,"potions_floor_spawned":[1,6,8,14,21,28,35,42],"killed_by":"Transient","ascension_level":3}