{"gold_per_floor":[113,113,113,113,131,144,144,154,179,254,254,273,292,310,310,415,415,430,463,482,482,3,3,23,54,79,89,102,102,8,20,20,20],"floor_reached":33,"playtime":2635,"items_purged":[],"score":286,"play_id":"a7c91299-88e9-4b66-a12c-3375c9e86670","local_time":"20190830150831","is_ascension_mode":false,"campfire_choices":[{"floor":7,"key":"REST"},{"floor":15,"key":"REST"},{"floor":23,"key":"REST"},{"floor":32,"key":"REST"}],"neow_cost":"NONE","seed_source_timestamp":160880914694679,"circlet_count":0,"master_deck":["Strike_B","Strike_B","Strike_B","Strike_B","Defend_B","Defend_B+1","Defend_B","Zap","Dualcast+1","Conserve Battery","Go for the Eyes","Static Discharge","Streamline","Coolheaded","Pain","BootSequence","Loop","Glacier","Buffer","Hello World+1","Beam Cell","Skim","Iron Wave","Mayhem+1","Gash","Defragment","Gash+1","Self Repair","Turbo+1","Sunder+1","Coolheaded","Defragment","Melter+1","Sunder"],"relics":["Cracked Core","Boot","Dream Catcher","PreservedInsect","WarpedTongs","Sozu","Red Mask","Matryoshka","Orichalcum","Potion Belt"],"potions_floor_usage":[16,16,19],"damage_taken":[{"damage":6,"enemies":"Small Slimes","floor":1,"turns":3},{"damage":6,"enemies":"Jaw Worm","floor":5,"turns":3},{"damage":0,"enemies":"Cultist","floor":6,"turns":3},{"damage":0,"enemies":"Looter","floor":8,"turns":3},{"damage":4,"enemies":"Exordium Wildlife","floor":12,"turns":3},{"damage":4,"enemies":"Lots of Slimes","floor":13,"turns":3},{"damage":6,"enemies":"Exordium Thugs","floor":14,"turns":4},{"damage":25,"enemies":"The Guardian","floor":16,"turns":12},{"damage":19,"enemies":"3 Byrds","floor":18,"turns":6},{"damage":19,"enemies":"Masked Bandits","floor":19,"turns":5},{"damage":10,"enemies":"2 Thieves","floor":20,"turns":4},{"damage":28,"enemies":"Centurion and Healer","floor":24,"turns":7},{"damage":4,"enemies":"Book of Stabbing","floor":25,"turns":5},{"damage":14,"enemies":"Sentry and Sphere","floor":27,"turns":6},{"damage":3,"enemies":"Chosen and Byrds","floor":28,"turns":6},{"damage":8,"enemies":"Centurion and Healer","floor":31,"turns":8},{"damage":35,"enemies":"Collector","floor":33,"turns":10}],"seed_played":"3588786198386324909","potions_obtained":[{"floor":12,"key":"Weak Potion"},{"floor":14,"key":"LiquidBronze"},{"floor":16,"key":"SkillPotion"}],"is_trial":false,"path_per_floor":["M","?","?","?","M","M","R","M","T","?","?","M","M","M","R","B",null,"M","?","M","?","$","R","M","E","T","M","M","?","$","M","R","B"],"character_chosen":"DEFECT","items_purchased":["Mayhem","Matryoshka","Gash","Coolheaded","Defragment"],"campfire_rested":4,"item_purchase_floors":[22,22,22,30,30],"current_hp_per_floor":[69,62,55,40,34,34,56,56,56,45,45,41,37,31,53,28,75,56,37,27,27,27,49,21,17,17,10,14,14,14,13,35,0],"gold":20,"neow_bonus":"RANDOM_COMMON_RELIC","is_prod":false,"is_daily":false,"chose_seed":false,"campfire_upgraded":0,"win_rate":0,"timestamp":1567192111,"path_taken":["M","?","?","?","M","M","R","M","T","?","?","?","M","M","R","BOSS","M","?","M","?","$","R","M","E","T","M","?","?","?","M","R","BOSS"],"build_version":"2019-07-17","purchased_purges":0,"victory":false,"max_hp_per_floor":[75,75,75,75,75,75,75,75,75,75,75,75,75,75,75,75,75,75,75,75,75,75,75,75,75,75,75,75,75,75,75,75,75],"card_choices":[{"not_picked":["Beam Cell","Force Field"],"picked":"Conserve Battery","floor":1},{"not_picked":["Leap","Beam Cell"],"picked":"Go for the Eyes","floor":5},{"not_picked":["Beam Cell","Redo"],"picked":"Static Discharge","floor":6},{"not_picked":["Go for the Eyes","Darkness"],"picked":"Streamline","floor":7},{"not_picked":["Recycle","Steam"],"picked":"Coolheaded","floor":8},{"not_picked":["Redo","Streamline"],"picked":"BootSequence","floor":12},{"not_picked":["Compile Driver","Meteor Strike"],"picked":"Loop","floor":13},{"not_picked":["Cold Snap","Sunder"],"picked":"Glacier","floor":14},{"not_picked":["Coolheaded","Chill"],"picked":"Hello World","floor":15},{"not_picked":["Reboot","Machine Learning"],"picked":"Buffer","floor":16},{"not_picked":["Aggregate","Compile Driver"],"picked":"Hello World+1","floor":18},{"not_picked":["Consume","Compile Driver"],"picked":"Beam Cell","floor":19},{"not_picked":["Beam Cell","Tempest"],"picked":"Skim","floor":20},{"not_picked":["Force Field","Hologram"],"picked":"Defragment","floor":23},{"not_picked":["Tempest+1","Turbo+1"],"picked":"Gash+1","floor":24},{"not_picked":["Gash","Beam Cell"],"picked":"Self Repair","floor":25},{"not_picked":["Compile Driver","Force Field"],"picked":"Turbo+1","floor":27},{"not_picked":["Capacitor","Static Discharge"],"picked":"Sunder+1","floor":28},{"not_picked":["Genetic Algorithm+1","Sunder"],"picked":"Melter+1","floor":31},{"not_picked":["Undo+1","Rainbow"],"picked":"Sunder","floor":32}],"player_experience":100087,"relics_obtained":[{"floor":9,"key":"PreservedInsect"},{"floor":19,"key":"Red Mask"},{"floor":25,"key":"Orichalcum"},{"floor":26,"key":"Potion Belt"}],"event_choices":[{"cards_removed":["Defend_B"],"damage_healed":0,"gold_gain":0,"player_choice":"Card Removal","damage_taken":7,"max_hp_gain":0,"max_hp_loss":0,"event_name":"Golden Wing","floor":2,"gold_loss":0},{"damage_healed":0,"gold_gain":0,"player_choice":"Success","damage_taken":7,"relics_obtained":["Dream Catcher"],"max_hp_gain":0,"max_hp_loss":0,"event_name":"Scrap Ooze","floor":3,"gold_loss":0},{"damage_healed":0,"gold_gain":0,"player_choice":"Entered Light","damage_taken":15,"max_hp_gain":0,"max_hp_loss":0,"event_name":"Shining Light","floor":4,"gold_loss":0,"cards_upgraded":["Defend_B","Dualcast"]},{"damage_healed":0,"gold_gain":75,"player_choice":"Gather Gold","damage_taken":11,"max_hp_gain":0,"max_hp_loss":0,"event_name":"World of Goop","floor":10,"gold_loss":0},{"damage_healed":0,"gold_gain":0,"player_choice":"Rummage","damage_taken":0,"relics_obtained":["WarpedTongs"],"max_hp_gain":0,"max_hp_loss":0,"event_name":"Accursed Blacksmith","floor":11,"gold_loss":0,"cards_obtained":["Pain"]},{"damage_healed":0,"gold_gain":0,"player_choice":"Fought Bandits","damage_taken":0,"max_hp_gain":0,"max_hp_loss":0,"event_name":"Masked Bandits","floor":19,"gold_loss":0},{"cards_removed":["Hello World"],"damage_healed":0,"gold_gain":0,"player_choice":"Took Card","damage_taken":0,"max_hp_gain":0,"max_hp_loss":0,"event_name":"NoteForYourself","floor":21,"gold_loss":0,"cards_obtained":["Iron Wave"]},{"damage_healed":0,"gold_gain":0,"player_choice":"Upgraded","damage_taken":0,"max_hp_gain":0,"max_hp_loss":0,"event_name":"Upgrade Shrine","floor":29,"gold_loss":0,"cards_upgraded":["Mayhem"]}],"is_beta":false,"boss_relics":[{"not_picked":["Ectoplasm","Cursed Key"],"picked":"Sozu"}],"items_purged_floors":[],"is_endless":false,"potions_floor_spawned":[12,14,16,20,24,27,28,31],"killed_by":"Collector","ascension_level":0}