{"gold_per_floor":[116,116,90,106,106,140,153,163,163,176,176,127,127,146,146,253,265,287,316,328,340,362,374,398,333,418,14,28,28,46,46],"floor_reached":31,"playtime":1331,"items_purged":[],"score":329,"play_id":"bc69ee23-13a7-4415-856b-afaeca34a43b","local_time":"20180819130008","is_ascension_mode":true,"campfire_choices":[{"floor":11,"key":"DIG"},{"floor":15,"key":"DIG"},{"floor":23,"key":"REST"},{"floor":29,"key":"REST"}],"neow_cost":"NONE","seed_source_timestamp":210918644980709,"circlet_count":0,"master_deck":["Strike_R","Strike_R","Strike_R","Strike_R+1","Strike_R","Defend_R","Defend_R+1","Defend_R","Defend_R","Bash","Whirlwind","Flex","Perfected Strike","Armaments","Cleave","Rampage","Twin Strike","Pommel Strike","Bash","Searing Blow","Feed","Exhume","Inflame","Rage+1","Shrug It Off+1","Second Wind+1","J.A.X.","Metallicize+1","Pommel Strike+1","Demon Form+1"],"relics":["Burning Blood","NeowsBlessing","Shovel","Matryoshka","Question Card","Lantern","StoneCalendar","MawBank","White Beast Statue","Molten Egg 2","Frozen Egg 2","Anchor","Self Forming Clay"],"potions_floor_usage":[16,19,22,28,28,28,30,31],"damage_taken":[{"damage":0,"enemies":"Cultist","floor":1,"turns":1},{"damage":0,"enemies":"2 Louse","floor":4,"turns":1},{"damage":0,"enemies":"Gremlin Nob","floor":6,"turns":1},{"damage":3,"enemies":"Small Slimes","floor":7,"turns":3},{"damage":13,"enemies":"Exordium Wildlife","floor":8,"turns":4},{"damage":10,"enemies":"Lots of Slimes","floor":10,"turns":2},{"damage":0,"enemies":"Large Slime","floor":14,"turns":4},{"damage":70,"enemies":"Hexaghost","floor":16,"turns":8},{"damage":22,"enemies":"Spheric Guardian","floor":18,"turns":4},{"damage":27,"enemies":"2 Thieves","floor":19,"turns":3},{"damage":46,"enemies":"Sentry and Sphere","floor":22,"turns":7},{"damage":28,"enemies":"Snake Plant","floor":24,"turns":3},{"damage":9,"enemies":"Cultist and Chosen","floor":28,"turns":6},{"damage":48,"enemies":"3 Cultists","floor":30,"turns":7},{"damage":27,"enemies":"Centurion and Healer","floor":31,"turns":4}],"seed_played":"4823716400000528076","potions_obtained":[{"floor":1,"key":"AttackPotion"},{"floor":10,"key":"Ancient Potion"},{"floor":18,"key":"SkillPotion"},{"floor":19,"key":"Ancient Potion"},{"floor":22,"key":"Swift Potion"},{"floor":24,"key":"FearPotion"},{"floor":28,"key":"BloodPotion"},{"floor":30,"key":"BloodPotion"}],"is_trial":false,"path_per_floor":["M","?","$","M","?","E","M","M","T","M","R","$","?","M","R","B",null,"M","M","?","$","M","R","M","?","T","$","M","R","M"],"character_chosen":"IRONCLAD","items_purchased":["Flex","Pommel Strike","Self Forming Clay","Metallicize+1","EssenceOfSteel"],"campfire_rested":2,"item_purchase_floors":[3,12,27,27,27],"current_hp_per_floor":[80,64,64,70,70,76,79,72,72,68,68,68,68,74,74,10,80,67,49,49,49,15,42,20,20,20,20,20,48,18,0],"gold":46,"neow_bonus":"THREE_ENEMY_KILL","is_prod":false,"is_daily":false,"chose_seed":false,"campfire_upgraded":0,"win_rate":0,"timestamp":1534676408,"path_taken":["M","?","$","M","?","E","?","M","T","M","R","$","?","M","R","BOSS","M","M","?","$","M","R","M","?","T","$","M","R","M","M"],"build_version":"2018-08-16","purchased_purges":0,"victory":false,"max_hp_per_floor":[80,80,80,80,80,80,80,80,80,80,80,80,80,80,80,80,80,83,86,86,86,92,92,92,92,92,92,95,95,98,98],"card_choices":[{"not_picked":["Combust","Havoc"],"picked":"Whirlwind","floor":1},{"not_picked":["Pommel Strike","Anger"],"picked":"Perfected Strike","floor":4},{"not_picked":["Heavy Blade","Anger"],"picked":"Armaments","floor":6},{"not_picked":["Hemokinesis","Sever Soul"],"picked":"Cleave","floor":7},{"not_picked":["Metallicize","Shrug It Off"],"picked":"Rampage","floor":8},{"not_picked":["Warcry","Whirlwind","Body Slam"],"picked":"Twin Strike","floor":10},{"not_picked":["Seeing Red","Armaments","Anger"],"picked":"Feed","floor":14},{"not_picked":["Juggernaut","Reaper","Brutality"],"picked":"Exhume","floor":16},{"not_picked":["Iron Wave","Anger","Reckless Charge+1"],"picked":"Inflame","floor":18},{"not_picked":["Entrench+1","Sword Boomerang","Warcry+1"],"picked":"Rage+1","floor":19},{"not_picked":["Flame Barrier+1","Sentinel","Immolate+1"],"picked":"Shrug It Off+1","floor":22},{"not_picked":["Whirlwind+1","Carnage+1","Heavy Blade+1"],"picked":"Second Wind+1","floor":24},{"not_picked":["Clothesline+1","Sentinel","Armaments"],"picked":"Pommel Strike+1","floor":28},{"not_picked":["Pommel Strike+1","Flex+1","Rupture+1"],"picked":"Demon Form+1","floor":30}],"player_experience":218332,"relics_obtained":[{"floor":6,"key":"Matryoshka"},{"floor":9,"key":"Question Card"},{"floor":9,"key":"Lantern"},{"floor":11,"key":"StoneCalendar"},{"floor":15,"key":"MawBank"},{"floor":26,"key":"Frozen Egg 2"},{"floor":26,"key":"Anchor"}],"event_choices":[{"event_name":"Shining Light","player_choice":"Entered Light","floor":2,"damage_taken":0},{"event_name":"WeMeetAgain","player_choice":"Potion","floor":5,"damage_taken":0},{"event_name":"Match and Keep!","player_choice":"2 cards matched","floor":13,"damage_taken":0},{"event_name":"The Mausoleum","player_choice":"Yes","floor":20,"damage_taken":0},{"event_name":"Drug Dealer","player_choice":"Got JAXXED","floor":25,"damage_taken":0}],"is_beta":false,"boss_relics":[{"not_picked":["Pandora\u0027s Box","Orrery"],"picked":"White Beast Statue"}],"items_purged_floors":[],"is_endless":false,"potions_floor_spawned":[1,10,18,19,22,24,28,30],"killed_by":"Centurion and Healer","ascension_level":3}