{"gold_per_floor":[115,115,130,130,149,176,176,82,82,29,47,65,65,99,99,99],"floor_reached":16,"playtime":663,"items_purged":[],"score":138,"play_id":"facfaf57-0424-4d3c-8368-5035d3480412","local_time":"20181205195614","is_ascension_mode":true,"campfire_choices":[{"data":"Exhume","floor":7,"key":"SMITH"},{"data":"Bandage Up","floor":13,"key":"SMITH"},{"floor":15,"key":"REST"}],"neow_cost":"NONE","seed_source_timestamp":1539846911366391,"circlet_count":0,"master_deck":["Strike_R","Strike_R","Strike_R","Strike_R","Strike_R","Defend_R","Defend_R","Defend_R","Bash","Feel No Pain","Warcry","Thunderclap","Exhume+1","Bandage Up+1","Warcry","Ghostly Armor","Warcry"],"relics":["Burning Blood","NeowsBlessing","FossilizedHelix","Art of War","Self Forming Clay"],"potions_floor_usage":[6,12,14],"damage_taken":[{"damage":0,"enemies":"Jaw Worm","floor":1,"turns":1},{"damage":0,"enemies":"Cultist","floor":3,"turns":1},{"damage":0,"enemies":"2 Louse","floor":5,"turns":1},{"damage":24,"enemies":"Gremlin Nob","floor":6,"turns":5},{"damage":20,"enemies":"Blue Slaver","floor":11,"turns":4},{"damage":0,"enemies":"2 Fungi Beasts","floor":12,"turns":2},{"damage":50,"enemies":"Lagavulin","floor":14,"turns":8},{"damage":82,"enemies":"Slime Boss","floor":16,"turns":13}],"seed_played":"-8222828264387250126","potions_obtained":[{"floor":3,"key":"Regen Potion"},{"floor":6,"key":"Dexterity Potion"},{"floor":11,"key":"AttackPotion"},{"floor":12,"key":"FearPotion"}],"is_trial":false,"path_per_floor":["M","?","M","T","M","E","R","$","T","$","M","M","R","E","R","B"],"character_chosen":"IRONCLAD","items_purchased":["Bandage Up","Warcry"],"campfire_rested":1,"item_purchase_floors":[8,10],"current_hp_per_floor":[80,80,80,80,80,66,66,66,66,66,60,74,74,36,60,0],"gold":99,"neow_bonus":"THREE_ENEMY_KILL","is_prod":false,"is_daily":false,"chose_seed":false,"campfire_upgraded":2,"win_rate":0,"timestamp":1544036174,"path_taken":["M","?","?","?","M","E","R","$","T","?","?","M","R","E","R","BOSS"],"build_version":"2018-11-15","purchased_purges":0,"victory":false,"max_hp_per_floor":[80,80,80,80,80,80,80,80,80,80,80,80,80,80,80,80],"card_choices":[{"not_picked":["Armaments","Clash"],"picked":"Feel No Pain","floor":1},{"not_picked":["Flex","Havoc"],"picked":"Warcry","floor":3},{"not_picked":["Pommel Strike","Clothesline"],"picked":"Thunderclap","floor":5},{"not_picked":["Pommel Strike","Rage"],"picked":"Exhume","floor":6},{"not_picked":["Reckless Charge","Fire Breathing","Clothesline"],"picked":"SKIP","floor":11},{"not_picked":["Havoc","Thunderclap"],"picked":"Ghostly Armor","floor":12},{"not_picked":["Twin Strike","Clash"],"picked":"Warcry","floor":14}],"player_experience":328188,"relics_obtained":[{"floor":4,"key":"FossilizedHelix"},{"floor":6,"key":"Art of War"},{"floor":14,"key":"Self Forming Clay"}],"event_choices":[{"cards_removed":["Defend_R"],"damage_healed":0,"gold_gain":0,"player_choice":"Offered Basic","damage_taken":0,"max_hp_gain":0,"max_hp_loss":0,"event_name":"Bonfire Elementals","floor":2,"gold_loss":0}],"is_beta":false,"boss_relics":[],"items_purged_floors":[],"is_endless":false,"potions_floor_spawned":[3,6,11,12],"killed_by":"Slime Boss","ascension_level":5}