{"gold_per_floor":[114,114,114,129,144,144,69,99,99,99,106,106,136,151,151,151],"floor_reached":16,"playtime":695,"items_purged":["Dash"],"score":108,"play_id":"fc1c3a08-46ad-49ca-a0d5-25ad5ea4061b","local_time":"20190830112931","daily_mods":["Draft","Vintage","Lethality"],"is_ascension_mode":false,"campfire_choices":[{"data":"Cloak And Dagger","floor":6,"key":"SMITH"},{"data":"Accuracy","floor":15,"key":"SMITH"}],"neow_cost":"","seed_source_timestamp":0,"circlet_count":0,"master_deck":["Cloak And Dagger+1","PiercingWail","Sucker Punch","Flying Knee","Blade Dance","Well Laid Plans","Slice+1","Flying Knee","Endless Agony+1","Endless Agony","Blade Dance","Slice","Accuracy+1"],"special_seed":18138,"relics":["Ring of the Snake","Darkstone Periapt","Question Card","Molten Egg 2","The Courier","Ninja Scroll","Odd Mushroom","Frozen Egg 2","Nunchaku"],"potions_floor_usage":[16,16],"damage_taken":[{"damage":0,"enemies":"Jaw Worm","floor":1,"turns":1},{"damage":0,"enemies":"Small Slimes","floor":4,"turns":1},{"damage":0,"enemies":"2 Louse","floor":5,"turns":1},{"damage":15,"enemies":"Lagavulin","floor":8,"turns":3},{"damage":0,"enemies":"The Mushroom Lair","floor":11,"turns":2},{"damage":12,"enemies":"3 Sentries","floor":13,"turns":3},{"damage":0,"enemies":"2 Fungi Beasts","floor":14,"turns":1},{"damage":35,"enemies":"The Guardian","floor":16,"turns":5}],"seed_played":"4996878877352325643","potions_obtained":[{"floor":5,"key":"Strength Potion"},{"floor":8,"key":"Swift Potion"},{"floor":13,"key":"SpeedPotion"}],"is_trial":false,"path_per_floor":["M","?","?","M","M","R","$","E","T","?","?","?","E","M","R","B"],"character_chosen":"THE_SILENT","items_purchased":[],"campfire_rested":0,"item_purchase_floors":[],"current_hp_per_floor":[70,70,56,56,56,56,56,41,41,46,46,39,27,27,27,0],"gold":151,"neow_bonus":"","is_prod":false,"is_daily":true,"chose_seed":false,"campfire_upgraded":2,"win_rate":0,"timestamp":1567132171,"path_taken":["M","?","?","M","M","R","$","E","T","?","?","?","E","M","R","BOSS"],"build_version":"2019-07-05","purchased_purges":1,"victory":false,"max_hp_per_floor":[70,70,70,70,70,70,70,70,70,75,75,75,75,75,75,75],"card_choices":[{"not_picked":["Blade Dance","Sucker Punch"],"picked":"Cloak And Dagger","floor":0},{"not_picked":["Dodge and Roll","Poisoned Stab"],"picked":"PiercingWail","floor":0},{"not_picked":["Sucker Punch","Bane"],"picked":"Slice","floor":0},{"not_picked":["Deadly Poison","Skewer"],"picked":"Sucker Punch","floor":0},{"not_picked":["Calculated Gamble","Dash"],"picked":"Flying Knee","floor":0},{"not_picked":["Flying Knee","Dash"],"picked":"Blade Dance","floor":0},{"not_picked":["Prepared","Poisoned Stab"],"picked":"Well Laid Plans","floor":0},{"not_picked":["Leg Sweep","Concentrate"],"picked":"Slice","floor":0},{"not_picked":["Deadly Poison","Leg Sweep"],"picked":"Flying Knee","floor":0},{"not_picked":["Flying Knee","Tactician"],"picked":"Endless Agony","floor":0},{"not_picked":["Acrobatics","Calculated Gamble"],"picked":"Endless Agony","floor":0},{"not_picked":["Bane","Poisoned Stab"],"picked":"Dash","floor":0},{"not_picked":["Bane","Poisoned Stab"],"picked":"Blade Dance","floor":0},{"not_picked":["Well Laid Plans","Crippling Poison"],"picked":"Slice","floor":0},{"not_picked":["Noxious Fumes","Backflip"],"picked":"Accuracy","floor":0},{"not_picked":["Calculated Gamble","Noxious Fumes","Backflip","PiercingWail"],"picked":"SKIP","floor":8},{"not_picked":["Prepared","Deflect","Setup","Dash+1"],"picked":"SKIP","floor":13}],"player_experience":631795,"relics_obtained":[{"floor":1,"key":"Darkstone Periapt"},{"floor":4,"key":"Question Card"},{"floor":5,"key":"Molten Egg 2"},{"floor":8,"key":"The Courier"},{"floor":9,"key":"Ninja Scroll"},{"floor":11,"key":"Odd Mushroom"},{"floor":13,"key":"Frozen Egg 2"},{"floor":14,"key":"Nunchaku"}],"event_choices":[{"damage_healed":0,"gold_gain":0,"player_choice":"Ignored","damage_taken":0,"max_hp_gain":0,"max_hp_loss":0,"event_name":"Liars Game","floor":2,"gold_loss":0},{"damage_healed":0,"gold_gain":0,"player_choice":"Entered Light","damage_taken":14,"max_hp_gain":0,"max_hp_loss":0,"event_name":"Shining Light","floor":3,"gold_loss":0,"cards_upgraded":["Endless Agony","Slice"]},{"damage_healed":0,"gold_gain":0,"player_choice":"Donut","damage_taken":0,"max_hp_gain":5,"max_hp_loss":0,"event_name":"Big Fish","floor":10,"gold_loss":0},{"damage_healed":0,"gold_gain":0,"player_choice":"Fought Mushrooms","damage_taken":0,"max_hp_gain":0,"max_hp_loss":0,"event_name":"Mushrooms","floor":11,"gold_loss":0},{"cards_removed":["Slice"],"damage_healed":0,"gold_gain":0,"player_choice":"Card Removal","damage_taken":7,"max_hp_gain":0,"max_hp_loss":0,"event_name":"Golden Wing","floor":12,"gold_loss":0}],"is_beta":false,"boss_relics":[],"items_purged_floors":[7],"is_endless":false,"potions_floor_spawned":[5,8,13],"killed_by":"The Guardian","ascension_level":0}