{"gold_per_floor":[111,261,261,52,63,63,63,102,184,209,233,233,249,15,15,15],"floor_reached":16,"playtime":768,"items_purged":["Injury"],"score":195,"play_id":"7c8dad36-cbf5-4091-a6de-283d41e358d6","local_time":"20190830132441","is_ascension_mode":true,"campfire_choices":[{"data":"Havoc","floor":6,"key":"SMITH"},{"floor":12,"key":"REST"},{"data":"Flame Barrier","floor":15,"key":"SMITH"}],"neow_cost":"CURSE","seed_source_timestamp":920430820893000,"circlet_count":0,"master_deck":["AscendersBane","Strike_R","Strike_R","Strike_R","Strike_R","Strike_R","Defend_R","Defend_R","Defend_R","Defend_R","Bash","Inflame","Havoc+1","Flame Barrier+1","Battle Trance","Feel No Pain","Power Through","Madness","Warcry"],"relics":["Burning Blood","Strange Spoon","Golden Idol","Strawberry","Shuriken"],"potions_floor_usage":[8,16],"damage_taken":[{"damage":5,"enemies":"2 Louse","floor":1,"turns":3},{"damage":17,"enemies":"Small Slimes","floor":5,"turns":5},{"damage":55,"enemies":"3 Sentries","floor":8,"turns":11},{"damage":12,"enemies":"Jaw Worm","floor":10,"turns":4},{"damage":6,"enemies":"Blue Slaver","floor":11,"turns":6},{"damage":2,"enemies":"2 Fungi Beasts","floor":13,"turns":4},{"damage":49,"enemies":"Slime Boss","floor":16,"turns":11}],"seed_played":"-7766588759178350355","potions_obtained":[{"floor":5,"key":"PowerPotion"},{"floor":13,"key":"SpeedPotion"}],"is_trial":false,"path_per_floor":["M","?","?","$","M","R","?","E","T","M","M","R","M","$","R","B"],"character_chosen":"IRONCLAD","items_purchased":["Strange Spoon","Madness","Warcry"],"campfire_rested":1,"item_purchase_floors":[4,14,14],"current_hp_per_floor":[83,83,76,76,65,65,65,23,23,17,17,43,47,47,47,0],"gold":15,"neow_bonus":"TWENTY_PERCENT_HP_BONUS","is_prod":false,"is_daily":false,"chose_seed":false,"campfire_upgraded":2,"win_rate":0,"timestamp":1567196681,"path_taken":["M","?","?","$","M","R","?","E","T","M","M","R","M","$","R","BOSS"],"build_version":"2019-07-17","purchased_purges":1,"victory":false,"max_hp_per_floor":[89,89,89,89,89,89,81,88,88,88,88,88,88,88,88,88],"card_choices":[{"not_picked":["Warcry","Sword Boomerang"],"picked":"Inflame","floor":1},{"not_picked":["Sword Boomerang","Thunderclap"],"picked":"Havoc","floor":5},{"not_picked":["Evolve","Wild Strike"],"picked":"Flame Barrier","floor":8},{"not_picked":["Whirlwind","Armaments"],"picked":"Battle Trance","floor":10},{"not_picked":["Heavy Blade","Second Wind"],"picked":"Feel No Pain","floor":11},{"not_picked":["Pommel Strike","Iron Wave"],"picked":"Power Through","floor":13}],"player_experience":324628,"relics_obtained":[{"floor":8,"key":"Strawberry"},{"floor":9,"key":"Shuriken"}],"event_choices":[{"damage_healed":0,"gold_gain":150,"player_choice":"AGREE","damage_taken":0,"max_hp_gain":0,"max_hp_loss":0,"event_name":"Liars Game","floor":2,"gold_loss":0,"cards_obtained":["Doubt"]},{"cards_removed":["Doubt"],"damage_healed":0,"gold_gain":0,"player_choice":"Card Removal","damage_taken":7,"max_hp_gain":0,"max_hp_loss":0,"event_name":"Golden Wing","floor":3,"gold_loss":0},{"damage_healed":0,"gold_gain":0,"player_choice":"Lose Max HP","damage_taken":0,"relics_obtained":["Golden Idol"],"max_hp_gain":0,"max_hp_loss":8,"event_name":"Golden Idol","floor":7,"gold_loss":0}],"is_beta":false,"boss_relics":[],"items_purged_floors":[14],"is_endless":false,"potions_floor_spawned":[5,13],"killed_by":"Slime Boss","ascension_level":19}