{"path_per_floor":["M","?","M","M","M","R","E","M","T","R","$","?","M","M","R","B",null,"M","$","?","?","?","R","$","R","T","M","M","M","R","M","R"],"character_chosen":"THE_SILENT","items_purchased":["Slice","Caltrops","Outmaneuver","Expertise","After Image"],"gold_per_floor":[112,112,132,146,163,163,221,234,234,234,7,7,23,35,35,133,133,151,5,5,5,5,5,5,5,52,50,67,83,83,101,101],"floor_reached":33,"campfire_rested":6,"playtime":2120,"current_hp_per_floor":[70,70,58,51,39,60,51,49,56,56,56,56,43,21,44,7,77,15,15,15,15,15,38,38,61,61,32,26,3,26,11,34],"items_purged":[],"gold":101,"score":249,"play_id":"da02707e-0f3b-4c01-b0e4-8efb81400e78","is_prod":false,"is_daily":false,"is_ascension_mode":false,"campfire_upgraded":1,"path_taken":["M","?","M","M","M","R","E","M","T","R","$","?","M","?","R","BOSS","M","$","?","?","?","R","?","R","T","M","?","M","R","M","R","BOSS"],"build_version":"2018-02-08-PROD1","purchased_purges":0,"victory":false,"master_deck":["Defend_G","Defend_G","Defend_G","Defend_G","Defend_G","Strike_G","Strike_G","Strike_G","Strike_G","Survivor","Neutralize","Envenom+1","Noxious Fumes","Poisoned Stab","Dash","Quick Slash","Riddle With Holes","Poisoned Stab","Slice","Caltrops","Outmaneuver","Dagger Spray","Dagger Spray","Venomology","Writhe","Doubt","Infinite Blades+1","After Image","Tactician","Finisher+1","Bane","Terror+1","Noxious Fumes+1","Deadly Poison+1"],"max_hp_per_floor":[70,70,70,70,70,70,70,70,77,77,77,77,77,77,77,77,77,77,77,77,77,77,77,77,77,77,77,77,77,77,77,77],"relics":["The Specimen","Tiny Chest","Strawberry","Calling Bell","Prayer Wheel","Darkstone Periapt","Pen Nib","Happy Flower"],"card_choices":[{"not_picked":["Masterful Stab","Underhanded Strike"],"picked":"Envenom"},{"not_picked":["Underhanded Strike","Dagger Throw"],"picked":"Poisoned Stab"},{"not_picked":["Dodge and Roll","Outmaneuver"],"picked":"Dash"},{"not_picked":["Heel Hook","Backflip"],"picked":"Quick Slash"},{"not_picked":["Footwork","Choke"],"picked":"Riddle With Holes"},{"not_picked":["Footwork","Blade Dance"],"picked":"Poisoned Stab"},{"not_picked":["Dagger Throw","Acrobatics"],"picked":"Dagger Spray"},{"not_picked":["Dodge and Roll","Sucker Punch"],"picked":"Dagger Spray"},{"not_picked":["Wraith Form","Die Die Die"],"picked":"Venomology"},{"not_picked":["Prepared","Poisoned Stab"],"picked":"Infinite Blades"},{"not_picked":["Poisoned Stab","Underhanded Strike"],"picked":"Finisher"},{"not_picked":["Backflip","Riddle With Holes"],"picked":"Bane"},{"not_picked":["Underhanded Strike","Choke"],"picked":"Terror"},{"not_picked":["Dagger Spray","Quick Slash"],"picked":"Noxious Fumes"},{"not_picked":["Riddle With Holes","Underhanded Strike"],"picked":"Deadly Poison"}],"player_experience":68338,"potions_floor_usage":[8,8,13,28,28,31,31,31,31],"damage_taken":[{"damage":0,"enemies":"2 Louse","floor":1,"turns":4},{"damage":12,"enemies":"Jaw Worm","floor":3,"turns":5},{"damage":7,"enemies":"Blue Slaver","floor":4,"turns":4},{"damage":12,"enemies":"Looter","floor":5,"turns":4},{"damage":9,"enemies":"3 Sentries","floor":7,"turns":7},{"damage":2,"enemies":"2 Fungi Beasts","floor":8,"turns":3},{"damage":13,"enemies":"Gremlin Gang","floor":13,"turns":4},{"damage":22,"enemies":"3 Louse","floor":14,"turns":3},{"damage":37,"enemies":"Slime Boss","floor":16,"turns":8},{"damage":62,"enemies":"Spheric Guardian","floor":18,"turns":9},{"damage":29,"enemies":"2 Thieves","floor":27,"turns":4},{"damage":6,"enemies":"Chosen and Byrds","floor":28,"turns":5},{"damage":23,"enemies":"Snake Plant","floor":29,"turns":4},{"damage":15,"enemies":"Centurion and Healer","floor":31,"turns":6},{"damage":35,"enemies":"Automaton","floor":33,"turns":4}],"event_choices":[{"event_name":"Living Wall","player_choice":"Change","floor":2,"damage_taken":0},{"event_name":"The Cleric","player_choice":"Leave","floor":12,"damage_taken":0},{"event_name":"Back to Basics","player_choice":"Elegance","floor":20,"damage_taken":0},{"event_name":"Drug Dealer","player_choice":"Ignored","floor":21,"damage_taken":0},{"event_name":"Transmorgrifier","player_choice":"Transform","floor":22,"damage_taken":0}],"boss_relics":[{"not_picked":["Question Card","Lizard Tail"],"picked":"Calling Bell"}],"potions_floor_spawned":[1,4,5,16,28,29],"seed_played":"3507126104914897063","killed_by":"Automaton","ascension_level":0,"is_trial":false}