{"gold_per_floor":[209,7,7,7,7,7,41,57,57,69,69,14,26,55,55,55],"floor_reached":16,"playtime":988,"items_purged":["Strike_B"],"score":216,"play_id":"dc425c7b-26a0-4cd0-83bd-27b1f60a81c3","local_time":"20190812200144","is_ascension_mode":true,"campfire_choices":[{"floor":6,"key":"REST"},{"floor":11,"key":"REST"},{"floor":15,"key":"REST"}],"neow_cost":"NONE","seed_source_timestamp":78956178050236,"circlet_count":0,"master_deck":["AscendersBane","Strike_B","Strike_B+1","Defend_B","Defend_B","Defend_B","Defend_B","Zap+1","Dualcast","Chaos+1","Compile Driver","Loop","BootSequence","Conserve Battery","Barrage","Hologram"],"relics":["Cracked Core","Tiny Chest","Bottled Lightning","Letter Opener","Sundial"],"potions_floor_usage":[14,16,16],"damage_taken":[{"damage":4,"enemies":"Jaw Worm","floor":1,"turns":4},{"damage":45,"enemies":"3 Sentries","floor":7,"turns":13},{"damage":0,"enemies":"2 Louse","floor":8,"turns":3},{"damage":0,"enemies":"Cultist","floor":10,"turns":3},{"damage":2,"enemies":"Lots of Slimes","floor":13,"turns":3},{"damage":6,"enemies":"Gremlin Nob","floor":14,"turns":3},{"damage":42,"enemies":"Hexaghost","floor":16,"turns":11}],"seed_played":"-7284204728236992143","potions_obtained":[{"floor":1,"key":"Ancient Potion"},{"floor":8,"key":"SkillPotion"},{"floor":14,"key":"Block Potion"}],"is_trial":false,"path_per_floor":["M","$","?","?","?","R","E","M","T","M","R","$","M","E","R","B"],"character_chosen":"DEFECT","items_purchased":["Tiny Chest","Conserve Battery"],"campfire_rested":3,"item_purchase_floors":[2,12],"current_hp_per_floor":[60,60,39,32,32,53,8,8,8,8,29,29,27,21,42,0],"gold":55,"neow_bonus":"HUNDRED_GOLD","is_prod":false,"is_daily":false,"chose_seed":false,"campfire_upgraded":0,"win_rate":0,"timestamp":1565654504,"path_taken":["M","$","?","?","?","R","E","?","T","M","R","$","M","E","R","BOSS"],"build_version":"2019-07-17","purchased_purges":1,"victory":false,"max_hp_per_floor":[71,71,71,71,71,71,71,71,71,71,71,71,71,71,71,71],"card_choices":[{"not_picked":["Redo","Steam"],"picked":"Chaos","floor":1},{"not_picked":["Go for the Eyes","Cold Snap"],"picked":"Compile Driver","floor":7},{"not_picked":["White Noise","Blizzard"],"picked":"Loop","floor":8},{"not_picked":["Darkness","Heatsinks"],"picked":"BootSequence","floor":10},{"not_picked":["Aggregate","Blizzard"],"picked":"Barrage","floor":13},{"not_picked":["Tempest","Streamline"],"picked":"Hologram","floor":14}],"player_experience":388465,"relics_obtained":[{"floor":7,"key":"Bottled Lightning"},{"floor":9,"key":"Letter Opener"},{"floor":14,"key":"Sundial"}],"event_choices":[{"damage_healed":0,"gold_gain":0,"player_choice":"Entered Light","damage_taken":21,"max_hp_gain":0,"max_hp_loss":0,"event_name":"Shining Light","floor":3,"gold_loss":0,"cards_upgraded":["Strike_B","Zap"]},{"cards_removed":["Strike_B"],"damage_healed":0,"gold_gain":0,"player_choice":"Card Removal","damage_taken":7,"max_hp_gain":0,"max_hp_loss":0,"event_name":"Golden Wing","floor":4,"gold_loss":0},{"damage_healed":0,"gold_gain":0,"player_choice":"Upgraded","damage_taken":0,"max_hp_gain":0,"max_hp_loss":0,"event_name":"Upgrade Shrine","floor":5,"gold_loss":0,"cards_upgraded":["Chaos"]}],"is_beta":false,"boss_relics":[],"items_purged_floors":[2],"is_endless":false,"potions_floor_spawned":[1,8,13,14],"killed_by":"Hexaghost","ascension_level":20}