{"gold_per_floor":[109,109,121,121,170,97,97,115,115,133,133,58,76,86,86,191,191,158,158,171,96,146,146,164,164,164,178,196,196,210,223,223,223],"floor_reached":33,"playtime":1606,"items_purged":["Decay"],"score":301,"play_id":"138071c7-3f41-43e6-afa7-5876dda4133e","local_time":"20181205194459","is_ascension_mode":true,"campfire_choices":[{"floor":7,"key":"RECALL"},{"data":"Footwork","floor":11,"key":"SMITH"},{"floor":15,"key":"REST"},{"data":"Footwork","floor":23,"key":"SMITH"},{"floor":25,"key":"REST"},{"data":"Footwork","floor":32,"key":"SMITH"}],"neow_cost":"NONE","seed_source_timestamp":1538226841414446,"circlet_count":0,"master_deck":["Defend_G","Defend_G","Defend_G","Defend_G","Defend_G","Strike_G","Strike_G","Survivor","Neutralize+1","Deadly Poison","Prepared","Injury","Footwork+1","Deadly Poison","Poisoned Stab","PiercingWail+1","Adrenaline+1","Burst+1","Tactician+1","Prepared+1","After Image","Deadly Poison+1","Footwork+1","Parasite","Caltrops","Caltrops","Footwork+1"],"relics":["Cursed Key","Pen Nib","Toxic Egg 2","Astrolabe"],"potions_floor_usage":[10,16,16,30,30,33,33,33],"damage_taken":[{"damage":4,"enemies":"Small Slimes","floor":1,"turns":5},{"damage":0,"enemies":"Cultist","floor":3,"turns":4},{"damage":1,"enemies":"Jaw Worm","floor":8,"turns":4},{"damage":2,"enemies":"Exordium Wildlife","floor":10,"turns":2},{"damage":7,"enemies":"Blue Slaver","floor":13,"turns":3},{"damage":0,"enemies":"Gremlin Gang","floor":14,"turns":5},{"damage":24,"enemies":"Slime Boss","floor":16,"turns":15},{"damage":16,"enemies":"2 Thieves","floor":18,"turns":5},{"damage":0,"enemies":"Shell Parasite","floor":20,"turns":4},{"damage":7,"enemies":"Shelled Parasite and Fungi","floor":24,"turns":6},{"damage":0,"enemies":"Snecko","floor":27,"turns":5},{"damage":0,"enemies":"Snake Plant","floor":28,"turns":4},{"damage":9,"enemies":"3 Cultists","floor":30,"turns":7},{"damage":0,"enemies":"Snecko","floor":31,"turns":5},{"damage":62,"enemies":"Collector","floor":33,"turns":5}],"seed_played":"-5421713875259400508","potions_obtained":[{"floor":1,"key":"SkillPotion"},{"floor":3,"key":"SneckoOil"},{"floor":13,"key":"Block Potion"},{"floor":18,"key":"GhostInAJar"},{"floor":28,"key":"Poison Potion"},{"floor":29,"key":"SkillPotion"},{"floor":30,"key":"Fire Potion"},{"floor":31,"key":"LiquidBronze"}],"is_trial":false,"path_per_floor":["M","?","M","?","T","$","R","M","T","M","R","$","M","M","R","B",null,"M","?","M","$","?","R","M","R","T","M","M","?","M","M","R","B"],"character_chosen":"THE_SILENT","items_purchased":["Footwork","Footwork"],"campfire_rested":2,"item_purchase_floors":[6,21],"current_hp_per_floor":[66,66,66,66,66,66,66,65,65,63,63,63,56,56,70,46,64,48,48,48,48,48,48,41,62,62,62,62,62,53,53,53,0],"gold":223,"neow_bonus":"BOSS_RELIC","is_prod":false,"is_daily":false,"chose_seed":false,"campfire_upgraded":3,"win_rate":0,"timestamp":1544035499,"path_taken":["M","?","?","?","?","$","R","M","T","M","R","$","M","M","R","BOSS","M","?","?","$","?","R","M","R","T","?","M","?","?","M","R","BOSS"],"build_version":"2018-11-15","purchased_purges":1,"victory":false,"max_hp_per_floor":[70,70,70,70,70,70,70,70,70,70,70,70,70,70,70,70,70,70,70,70,70,70,70,70,70,70,70,70,70,70,70,70,70],"card_choices":[{"not_picked":["Dagger Spray","Infinite Blades"],"picked":"Deadly Poison","floor":1},{"not_picked":["Acrobatics","A Thousand Cuts"],"picked":"Prepared","floor":3},{"not_picked":["Dodge and Roll","Expertise"],"picked":"Deadly Poison","floor":8},{"not_picked":["Predator","Outmaneuver+1"],"picked":"Poisoned Stab","floor":10},{"not_picked":["Dagger Throw","Dodge and Roll+1"],"picked":"PiercingWail+1","floor":13},{"not_picked":["Dagger Spray","Well Laid Plans","Acrobatics+1"],"picked":"SKIP","floor":14},{"not_picked":["A Thousand Cuts","Storm of Steel+1"],"picked":"Adrenaline+1","floor":16},{"not_picked":["Finisher","Deflect+1"],"picked":"Prepared+1","floor":18},{"not_picked":["Heel Hook","Dodge and Roll+1"],"picked":"Deadly Poison+1","floor":20},{"not_picked":["Dagger Spray","Concentrate+1","Riddle With Holes"],"picked":"SKIP","floor":24},{"not_picked":["Bane","PiercingWail+1"],"picked":"Caltrops","floor":27},{"not_picked":["Flechettes","Dagger Throw","Masterful Stab"],"picked":"SKIP","floor":28},{"not_picked":["Skewer","Bane"],"picked":"Caltrops","floor":30},{"not_picked":["PiercingWail+1","Backflip+1"],"picked":"Footwork","floor":31}],"player_experience":326582,"relics_obtained":[{"floor":5,"key":"Pen Nib"},{"floor":9,"key":"Toxic Egg 2"}],"event_choices":[{"damage_healed":0,"gold_gain":0,"player_choice":"Upgraded","damage_taken":0,"max_hp_gain":0,"max_hp_loss":0,"event_name":"Upgrade Shrine","floor":2,"gold_loss":0,"cards_upgraded":["Neutralize"]},{"damage_healed":0,"gold_gain":0,"player_choice":"Leave","damage_taken":0,"max_hp_gain":0,"max_hp_loss":0,"event_name":"The Cleric","floor":4,"gold_loss":0},{"damage_healed":0,"gold_gain":0,"cards_transformed":["Wraith Form v2"],"player_choice":"Transformed","damage_taken":0,"max_hp_gain":0,"max_hp_loss":0,"event_name":"Transmorgrifier","floor":19,"gold_loss":0,"cards_obtained":["After Image"]},{"damage_healed":0,"gold_gain":100,"player_choice":"Bet on Murderer","damage_taken":0,"max_hp_gain":0,"max_hp_loss":0,"event_name":"The Joust","floor":22,"gold_loss":50},{"damage_healed":0,"gold_gain":0,"player_choice":"Got Potions","damage_taken":0,"max_hp_gain":0,"max_hp_loss":0,"event_name":"Lab","floor":29,"gold_loss":0}],"is_beta":false,"boss_relics":[{"not_picked":["White Beast Statue","Orrery"],"picked":"Astrolabe"}],"items_purged_floors":[12],"is_endless":false,"potions_floor_spawned":[1,3,13,18,28,30,31],"killed_by":"Collector","ascension_level":5}