{"gold_per_floor":[216,366,291,29,41,41,55,90,90,102,114,139,139,119,119,119],"floor_reached":16,"playtime":1100,"items_purged":[],"score":220,"play_id":"a572e94b-79fe-4857-ab12-14f8596e569a","local_time":"20190826224502","is_ascension_mode":true,"campfire_choices":[{"floor":6,"key":"REST"},{"floor":13,"key":"REST"},{"data":"Impatience","floor":15,"key":"SMITH"}],"neow_cost":"NONE","seed_source_timestamp":531151318472399,"circlet_count":0,"master_deck":["AscendersBane","Strike_B","Strike_B","Strike_B","Strike_B","Defend_B","Defend_B","Defend_B","Defend_B","Zap","Dualcast","Coolheaded","Impatience+1","Capacitor","Chill","Rip and Tear","Tempest","FTL","Gash","Scrape","Self Repair"],"relics":["Cracked Core","Kunai","Peace Pipe","Omamori"],"potions_floor_usage":[12],"damage_taken":[{"damage":16,"enemies":"Small Slimes","floor":1,"turns":3},{"damage":2,"enemies":"Jaw Worm","floor":5,"turns":5},{"damage":0,"enemies":"Cultist","floor":7,"turns":3},{"damage":22,"enemies":"3 Sentries","floor":8,"turns":11},{"damage":5,"enemies":"2 Fungi Beasts","floor":10,"turns":3},{"damage":2,"enemies":"Red Slaver","floor":11,"turns":4},{"damage":17,"enemies":"Lagavulin","floor":12,"turns":6},{"damage":42,"enemies":"The Guardian","floor":16,"turns":10}],"seed_played":"-6887583187797171832","potions_obtained":[{"floor":1,"key":"Ancient Potion"},{"floor":10,"key":"Strength Potion"},{"floor":14,"key":"Ancient Potion"}],"is_trial":false,"path_per_floor":["M","?","?","$","M","R","M","E","T","M","M","E","R","?","R","B"],"character_chosen":"DEFECT","items_purchased":["Impatience","Capacitor","Chill"],"campfire_rested":2,"item_purchase_floors":[4,4,4],"current_hp_per_floor":[48,48,48,48,46,67,67,45,45,40,38,21,42,42,42,0],"gold":119,"neow_bonus":"HUNDRED_GOLD","is_prod":false,"is_daily":false,"chose_seed":false,"campfire_upgraded":1,"win_rate":0,"timestamp":1566873902,"path_taken":["M","?","?","$","M","R","M","E","T","M","?","E","R","?","R","BOSS"],"build_version":"2019-07-17","purchased_purges":0,"victory":false,"max_hp_per_floor":[71,71,71,71,71,71,71,71,71,71,71,71,71,71,71,71],"card_choices":[{"not_picked":["Aggregate","Barrage"],"picked":"Coolheaded","floor":1},{"not_picked":["Rebound","Leap"],"picked":"Rip and Tear","floor":5},{"not_picked":["Redo","Ball Lightning"],"picked":"Tempest","floor":7},{"not_picked":["Compile Driver","Creative AI"],"picked":"FTL","floor":8},{"not_picked":["Skim","Reprogram"],"picked":"Gash","floor":10},{"not_picked":["Stack","Hologram"],"picked":"Scrape","floor":11},{"not_picked":["Skim","Doom and Gloom"],"picked":"Self Repair","floor":12}],"player_experience":443420,"relics_obtained":[{"floor":8,"key":"Kunai"},{"floor":9,"key":"Peace Pipe"},{"floor":12,"key":"Omamori"}],"event_choices":[{"damage_healed":0,"gold_gain":150,"player_choice":"AGREE","damage_taken":0,"max_hp_gain":0,"max_hp_loss":0,"event_name":"Liars Game","floor":2,"gold_loss":0,"cards_obtained":["Doubt"]},{"cards_removed":["Doubt"],"damage_healed":0,"gold_gain":0,"player_choice":"Card Removal","damage_taken":0,"max_hp_gain":0,"max_hp_loss":0,"event_name":"The Cleric","floor":3,"gold_loss":75},{"damage_healed":0,"gold_gain":0,"player_choice":"Bought 1 Potion","damage_taken":0,"max_hp_gain":0,"max_hp_loss":0,"event_name":"The Woman in Blue","floor":14,"gold_loss":0}],"is_beta":false,"boss_relics":[],"items_purged_floors":[],"is_endless":false,"potions_floor_spawned":[1,10],"killed_by":"The Guardian","ascension_level":20}