{"gold_per_floor":[219,51,126,126,23,23,39,69,92,109,109,109,120,139,139,242,242,257,268,268,59,25,25,40,102,184,200,200],"floor_reached":28,"playtime":1100,"items_purged":[],"score":286,"play_id":"485e11df-3edf-47ab-ad41-bf231ae58e0f","local_time":"20181111135914","is_ascension_mode":true,"campfire_choices":[{"data":"Zap","floor":6,"key":"SMITH"},{"floor":12,"key":"REST"},{"floor":15,"key":"REST"},{"floor":23,"key":"REST"}],"neow_cost":"NONE","seed_source_timestamp":671637953100284,"circlet_count":0,"master_deck":["Strike_B","Strike_B","Strike_B","Strike_B","Defend_B","Defend_B","Defend_B","Defend_B","Zap+1","Go for the Eyes","Mayhem+1","Conserve Battery","Ball Lightning","Conserve Battery","Defragment","Loop","Conserve Battery","Go for the Eyes","Gash","Redo","Echo Form","Doom and Gloom","Ball Lightning","Turbo","Self Repair","Stack","Reprogram","All For One","Beam Cell"],"relics":["Cracked Core","Dream Catcher","Vajra","Fusion Hammer","ClockworkSouvenir","Tiny Chest","Sundial"],"potions_floor_usage":[8,25,27],"damage_taken":[{"damage":0,"enemies":"Small Slimes","floor":1,"turns":2},{"damage":0,"enemies":"Jaw Worm","floor":7,"turns":3},{"damage":31,"enemies":"3 Sentries","floor":8,"turns":6},{"damage":0,"enemies":"Cultist","floor":10,"turns":3},{"damage":12,"enemies":"Lots of Slimes","floor":13,"turns":3},{"damage":7,"enemies":"Red Slaver","floor":14,"turns":4},{"damage":40,"enemies":"The Guardian","floor":16,"turns":9},{"damage":23,"enemies":"Spheric Guardian","floor":18,"turns":4},{"damage":0,"enemies":"Chosen","floor":19,"turns":4},{"damage":29,"enemies":"Shelled Parasite and Fungi","floor":24,"turns":5},{"damage":48,"enemies":"Slavers","floor":25,"turns":3},{"damage":7,"enemies":"Centurion and Healer","floor":27,"turns":5},{"damage":18,"enemies":"3 Cultists","floor":28,"turns":3}],"seed_played":"-8293215386012617734","potions_obtained":[{"floor":7,"key":"PowerPotion"},{"floor":16,"key":"FocusPotion"},{"floor":25,"key":"Fire Potion"}],"is_trial":false,"path_per_floor":["M","$","?","?","$","R","M","E","T","M","$","R","M","M","R","B",null,"M","M","?","$","$","R","M","E","T","M","M"],"character_chosen":"DEFECT","items_purchased":["Mayhem","Conserve Battery","Ball Lightning","ClockworkSouvenir","Self Repair"],"campfire_rested":3,"item_purchase_floors":[2,5,5,21,22],"current_hp_per_floor":[75,75,64,64,64,64,64,33,33,33,33,55,43,36,58,18,75,52,52,52,52,52,74,52,11,11,11,0],"gold":200,"neow_bonus":"HUNDRED_GOLD","is_prod":false,"is_daily":false,"chose_seed":false,"campfire_upgraded":1,"win_rate":0,"timestamp":1541941154,"path_taken":["M","$","?","?","$","R","M","E","T","M","?","R","M","M","R","BOSS","M","M","?","?","$","R","M","E","T","M","M"],"build_version":"2018-11-08","purchased_purges":0,"victory":false,"max_hp_per_floor":[75,75,75,75,75,75,75,75,75,75,75,75,75,75,75,75,75,75,75,75,75,75,75,75,75,75,75,75],"card_choices":[{"not_picked":["Ball Lightning","BootSequence"],"picked":"Go for the Eyes","floor":1},{"not_picked":["Steam Power","Stack"],"picked":"Conserve Battery","floor":7},{"not_picked":["Leap","Go for the Eyes"],"picked":"Defragment","floor":8},{"not_picked":["Rebound","Glacier"],"picked":"Loop","floor":10},{"not_picked":["Rebound","Steam"],"picked":"Conserve Battery","floor":12},{"not_picked":["Leap","FTL"],"picked":"Go for the Eyes","floor":13},{"not_picked":["Reinforced Body","Machine Learning"],"picked":"Gash","floor":14},{"not_picked":["Streamline","Go for the Eyes"],"picked":"Redo","floor":15},{"not_picked":["Biased Cognition","Electrodynamics"],"picked":"Echo Form","floor":16},{"not_picked":["Steam","Skim"],"picked":"Doom and Gloom","floor":18},{"not_picked":["Loop","Lockon"],"picked":"Ball Lightning","floor":19},{"not_picked":["Rebound","Cold Snap"],"picked":"Stack","floor":23},{"not_picked":["Rip and Tear","Beam Cell"],"picked":"Reprogram","floor":24},{"not_picked":["Steam","Loop"],"picked":"All For One","floor":25},{"not_picked":["Capacitor+1","Skim"],"picked":"Beam Cell","floor":27}],"player_experience":267020,"relics_obtained":[{"floor":8,"key":"Dream Catcher"},{"floor":9,"key":"Vajra"},{"floor":25,"key":"Tiny Chest"},{"floor":26,"key":"Sundial"}],"event_choices":[{"damage_healed":0,"gold_gain":75,"player_choice":"Gather Gold","damage_taken":11,"max_hp_gain":0,"max_hp_loss":0,"event_name":"World of Goop","floor":3,"gold_loss":0},{"damage_healed":0,"gold_gain":0,"player_choice":"Grow","damage_taken":0,"max_hp_gain":0,"max_hp_loss":0,"event_name":"Living Wall","floor":4,"gold_loss":0,"cards_upgraded":["Mayhem"]},{"damage_healed":0,"gold_gain":0,"cards_transformed":["Dualcast"],"player_choice":"Transformed","damage_taken":0,"max_hp_gain":0,"max_hp_loss":0,"event_name":"Transmorgrifier","floor":20,"gold_loss":0,"cards_obtained":["Turbo"]}],"is_beta":false,"boss_relics":[{"not_picked":["Tiny House","Black Star"],"picked":"Fusion Hammer"}],"items_purged_floors":[],"is_endless":false,"potions_floor_spawned":[7,16,25],"killed_by":"3 Cultists","ascension_level":4}