{"gold_per_floor":[363,363,34,52,65,90,100,100,100,112,144,184,196,228,240,348,360,385,411,423,446,473,485,524,536,548,560,591,528,567,17,17,115,115,128,138,138,189,208,208,240,259,313,346,18,36,63,77,77,77],"floor_reached":51,"playtime":7221,"items_purged":["Regret"],"score":1352,"play_id":"161b6810-5243-44d2-af6c-14ac7f3e1f43","local_time":"20190718225402","is_ascension_mode":true,"campfire_choices":[{"data":"Chaos","floor":8,"key":"SMITH"},{"floor":10,"key":"REST"},{"data":"Beam Cell","floor":15,"key":"SMITH"},{"data":"Fusion","floor":23,"key":"SMITH"},{"data":"Recycle","floor":25,"key":"SMITH"},{"floor":27,"key":"REST"},{"floor":32,"key":"REST"},{"floor":40,"key":"REST"},{"floor":49,"key":"REST"}],"neow_cost":"CURSE","seed_source_timestamp":163739595192303,"circlet_count":0,"master_deck":["AscendersBane","Dualcast","BootSequence","Fusion+1","Barrage","Beam Cell+1","Cold Snap","Chaos+1","Reinforced Body","Stack","Auto Shields","All For One","Melter","Doom and Gloom","Storm","Recycle+1","Compile Driver","Gash","Machine Learning","Hologram+1","Turbo","Gash+1","Self Repair","Biased Cognition","Steam Power","Go for the Eyes","Chill","Panache","Buffer","Steam","Capacitor","Chrysalis","Panache","Flash of Steel","Reinforced Body","Hologram","Coolheaded","Glacier+1","Finesse","FTL","Defragment","Steam Power","Hologram","Capacitor","Force Field","All For One"],"relics":["Cracked Core","Matryoshka","Dodecahedron","MawBank","Sundial","Thread and Needle","Pandora\u0027s Box","Regal Pillow","Bag of Marbles","Bronze Scales","Blood Vial","Cables","Runic Pyramid","Pocketwatch","Juzu Bracelet","Pantograph","Singing Bowl"],"potions_floor_usage":[16,19,22,24,24,33],"damage_taken":[{"damage":4,"enemies":"2 Louse","floor":1,"turns":2},{"damage":0,"enemies":"Cultist","floor":4,"turns":4},{"damage":0,"enemies":"Small Slimes","floor":5,"turns":3},{"damage":35,"enemies":"3 Sentries","floor":6,"turns":8},{"damage":3,"enemies":"Blue Slaver","floor":7,"turns":3},{"damage":0,"enemies":"Red Slaver","floor":11,"turns":3},{"damage":1,"enemies":"Lagavulin","floor":12,"turns":8},{"damage":0,"enemies":"Looter","floor":14,"turns":3},{"damage":43,"enemies":"Hexaghost","floor":16,"turns":12},{"damage":12,"enemies":"2 Thieves","floor":18,"turns":4},{"damage":0,"enemies":"Shell Parasite","floor":19,"turns":4},{"damage":0,"enemies":"Sentry and Sphere","floor":21,"turns":3},{"damage":0,"enemies":"Centurion and Healer","floor":22,"turns":6},{"damage":22,"enemies":"Slavers","floor":24,"turns":9},{"damage":15,"enemies":"Shelled Parasite and Fungi","floor":28,"turns":4},{"damage":10,"enemies":"Book of Stabbing","floor":30,"turns":5},{"damage":11,"enemies":"Automaton","floor":33,"turns":6},{"damage":8,"enemies":"3 Shapes","floor":35,"turns":3},{"damage":15,"enemies":"3 Darklings","floor":36,"turns":4},{"damage":21,"enemies":"2 Orb Walkers","floor":38,"turns":5},{"damage":10,"enemies":"4 Shapes","floor":39,"turns":5},{"damage":13,"enemies":"Reptomancer","floor":41,"turns":6},{"damage":0,"enemies":"Jaw Worm Horde","floor":42,"turns":3},{"damage":0,"enemies":"Nemesis","floor":44,"turns":5},{"damage":0,"enemies":"Transient","floor":46,"turns":5},{"damage":0,"enemies":"Reptomancer","floor":47,"turns":5},{"damage":66,"enemies":"4 Shapes","floor":48,"turns":5},{"damage":53,"enemies":"Awakened One","floor":50,"turns":10}],"seed_played":"-4909575695526423449","potions_obtained":[{"floor":7,"key":"Block Potion"},{"floor":12,"key":"Explosive Potion"},{"floor":14,"key":"Swift Potion"},{"floor":16,"key":"Block Potion"},{"floor":19,"key":"EssenceOfSteel"},{"floor":22,"key":"Weak Potion"},{"floor":33,"key":"Energy Potion"},{"floor":36,"key":"Ancient Potion"},{"floor":42,"key":"EssenceOfSteel"},{"floor":44,"key":"Regen Potion"},{"floor":47,"key":"LiquidBronze"}],"is_trial":false,"path_per_floor":["M","?","$","M","M","E","M","R","T","R","M","E","?","M","R","B",null,"M","M","?","M","M","R","E","R","T","R","M","?","E","$","R","B",null,"M","M","?","?","M","R","E","M","T","E","$","M","E","M","R","B",null],"character_chosen":"DEFECT","items_purchased":["Matryoshka","Cables","Go for the Eyes","Chill","Panache","Strength Potion","Finesse","FTL","Defragment","Steam Power","Hologram"],"campfire_rested":5,"item_purchase_floors":[3,31,31,31,31,31,45,45,45,45,45],"current_hp_per_floor":[64,64,64,64,64,29,26,26,26,48,48,47,52,52,52,9,62,50,50,50,50,50,50,35,35,35,74,59,59,49,49,80,76,79,79,72,62,43,42,80,74,76,76,80,80,80,80,21,60,34],"gold":77,"neow_bonus":"TWO_FIFTY_GOLD","is_prod":false,"is_daily":false,"chose_seed":false,"campfire_upgraded":4,"win_rate":0,"timestamp":1563504842,"path_taken":["M","?","$","M","M","E","?","R","T","R","M","E","?","M","R","BOSS","M","M","?","?","M","R","E","R","T","R","M","?","E","$","R","BOSS","M","M","?","?","M","R","E","M","T","E","$","M","E","M","R","BOSS"],"build_version":"2019-07-17","purchased_purges":1,"victory":true,"max_hp_per_floor":[75,75,75,75,75,75,75,75,75,75,75,75,80,80,80,80,80,80,80,80,80,80,80,80,80,80,80,80,80,80,80,80,80,80,80,80,80,80,80,80,80,80,80,80,80,80,80,80,80,80],"card_choices":[{"not_picked":["Steam Power","Hologram"],"picked":"BootSequence","floor":1},{"not_picked":["Gash","Ball Lightning"],"picked":"Barrage","floor":4},{"not_picked":["Cold Snap","Leap"],"picked":"Beam Cell","floor":5},{"not_picked":["Stack","Meteor Strike"],"picked":"Cold Snap","floor":6},{"not_picked":["Go for the Eyes","Rebound"],"picked":"Chaos","floor":7},{"not_picked":["Darkness","Sweeping Beam"],"picked":"Reinforced Body","floor":11},{"not_picked":["Rebound","Recycle"],"picked":"Stack","floor":12},{"not_picked":["Defragment","Redo"],"picked":"Auto Shields","floor":14},{"not_picked":["Rainbow","Buffer"],"picked":"All For One","floor":16},{"not_picked":["Blizzard","Turbo"],"picked":"Hologram+1","floor":18},{"not_picked":["Beam Cell","Stack"],"picked":"Turbo","floor":19},{"not_picked":["Turbo","Barrage"],"picked":"Gash+1","floor":21},{"not_picked":["Steam","Coolheaded"],"picked":"Self Repair","floor":22},{"not_picked":["Amplify","Thunder Strike"],"picked":"Biased Cognition","floor":24},{"not_picked":["Tempest","Rebound","Beam Cell"],"picked":"SKIP","floor":28},{"not_picked":["Streamline","Scrape"],"picked":"Steam Power","floor":30},{"not_picked":["Multi-Cast","Thunder Strike"],"picked":"Buffer","floor":33},{"not_picked":["Loop","Self Repair"],"picked":"Steam","floor":35},{"not_picked":["Conserve Battery","BootSequence"],"picked":"Capacitor","floor":36},{"not_picked":["Dark Shackles","Deep Breath"],"picked":"Chrysalis","floor":37},{"not_picked":["Panacea","Trip"],"picked":"Panache","floor":37},{"not_picked":["Swift Strike","Dark Shackles"],"picked":"Flash of Steel","floor":37},{"not_picked":["Streamline+1","Ball Lightning"],"picked":"Reinforced Body","floor":38},{"not_picked":["Redo","Gash","Genetic Algorithm"],"picked":"SKIP","floor":39},{"not_picked":["Reboot","Chaos"],"picked":"Hologram","floor":41},{"not_picked":["Go for the Eyes","Chill"],"picked":"Coolheaded","floor":42},{"not_picked":["Gash","Leap"],"picked":"Glacier+1","floor":44},{"not_picked":["Gash","Rebound+1"],"picked":"Capacitor","floor":46},{"not_picked":["Turbo+1","Hello World+1"],"picked":"Force Field","floor":47},{"not_picked":["Beam Cell+1","Defragment"],"picked":"All For One","floor":48}],"player_experience":260835,"relics_obtained":[{"floor":6,"key":"Dodecahedron"},{"floor":9,"key":"MawBank"},{"floor":9,"key":"Sundial"},{"floor":12,"key":"Thread and Needle"},{"floor":24,"key":"Regal Pillow"},{"floor":26,"key":"Bag of Marbles"},{"floor":26,"key":"Bronze Scales"},{"floor":30,"key":"Blood Vial"},{"floor":38,"key":"Pocketwatch"},{"floor":41,"key":"Juzu Bracelet"},{"floor":44,"key":"Pantograph"},{"floor":47,"key":"Singing Bowl"}],"event_choices":[{"damage_healed":0,"gold_gain":0,"cards_transformed":["Strike_B"],"player_choice":"Transformed","damage_taken":0,"max_hp_gain":0,"max_hp_loss":0,"event_name":"Transmorgrifier","floor":2,"gold_loss":0,"cards_obtained":["Fusion"]},{"damage_healed":0,"gold_gain":0,"player_choice":"Donut","damage_taken":0,"max_hp_gain":5,"max_hp_loss":0,"event_name":"Big Fish","floor":13,"gold_loss":0},{"damage_healed":0,"gold_gain":0,"player_choice":"Bought 0 Potions","damage_taken":0,"max_hp_gain":0,"max_hp_loss":0,"event_name":"The Woman in Blue","floor":20,"gold_loss":0},{"cards_removed":["Zap"],"damage_healed":0,"gold_gain":0,"player_choice":"Gave Gold","damage_taken":0,"max_hp_gain":0,"max_hp_loss":0,"event_name":"Beggar","floor":29,"gold_loss":75},{"damage_healed":0,"gold_gain":0,"player_choice":"Memory 3","damage_taken":10,"max_hp_gain":0,"max_hp_loss":0,"event_name":"SensoryStone","floor":37,"gold_loss":0},{"damage_healed":0,"gold_gain":0,"player_choice":"Fight","damage_taken":0,"max_hp_gain":0,"max_hp_loss":0,"event_name":"Mysterious Sphere","floor":38,"gold_loss":0}],"is_beta":false,"boss_relics":[{"not_picked":["Philosopher\u0027s Stone","Sozu"],"picked":"Pandora\u0027s Box"},{"not_picked":["Snecko Eye","Eternal Feather"],"picked":"Runic Pyramid"}],"items_purged_floors":[3],"is_endless":false,"potions_floor_spawned":[7,12,14,16,19,22,33,36,42,44,47],"ascension_level":12}