{"gold_per_floor":[113,113,128,53,73,98,98,131,155,165,175,25,25,37,37,110,110,130,146,146],"floor_reached":20,"playtime":1335,"items_purged":["Shame"],"score":307,"play_id":"f12cd030-8fff-4baa-aae9-6577c528d2ea","local_time":"20190827152510","is_ascension_mode":true,"campfire_choices":[{"floor":13,"key":"REST"},{"data":"Dark Embrace","floor":15,"key":"SMITH"}],"neow_cost":"CURSE","seed_source_timestamp":667891127735900,"circlet_count":0,"master_deck":["AscendersBane","Bash","Shrug It Off","Shrug It Off","Perfected Strike","Headbutt+1","Evolve","Dark Embrace+1","Intimidate","Immolate","Wild Strike","Exhume","Anger","Berserk","Sever Soul","Dual Wield","Combust","Iron Wave","Havoc","Searing Blow","Sentinel","Havoc","Seeing Red"],"relics":["Burning Blood","Mango","Regal Pillow","Bronze Scales","Whetstone","Centennial Puzzle","Pandora\u0027s Box"],"potions_floor_usage":[6,10,10,18],"damage_taken":[{"damage":15,"enemies":"Small Slimes","floor":1,"turns":4},{"damage":11,"enemies":"Cultist","floor":3,"turns":4},{"damage":0,"enemies":"2 Louse","floor":5,"turns":5},{"damage":57,"enemies":"3 Sentries","floor":6,"turns":16},{"damage":32,"enemies":"Gremlin Nob","floor":8,"turns":4},{"damage":0,"enemies":"Looter","floor":10,"turns":1},{"damage":0,"enemies":"2 Fungi Beasts","floor":11,"turns":4},{"damage":22,"enemies":"Exordium Thugs","floor":14,"turns":6},{"damage":45,"enemies":"Slime Boss","floor":16,"turns":10},{"damage":14,"enemies":"2 Thieves","floor":18,"turns":3},{"damage":27,"enemies":"Chosen","floor":19,"turns":5},{"damage":14,"enemies":"Shelled Parasite and Fungi","floor":20,"turns":2}],"seed_played":"-8524975324928759115","potions_obtained":[{"floor":1,"key":"BloodPotion"},{"floor":6,"key":"Energy Potion"},{"floor":8,"key":"SteroidPotion"},{"floor":16,"key":"GamblersBrew"}],"is_trial":false,"path_per_floor":["M","?","M","$","M","E","?","E","T","M","M","$","R","M","R","B",null,"M","M","M"],"character_chosen":"IRONCLAD","items_purchased":["Immolate"],"campfire_rested":1,"item_purchase_floors":[12],"current_hp_per_floor":[77,70,65,65,71,43,43,17,17,23,29,29,72,56,56,17,75,67,46,32],"gold":146,"neow_bonus":"ONE_RARE_RELIC","is_prod":false,"is_daily":false,"chose_seed":false,"campfire_upgraded":1,"win_rate":0,"timestamp":1566944710,"path_taken":["M","?","M","$","M","E","?","E","T","M","?","$","R","M","R","BOSS","M","?","M"],"build_version":"2019-07-17","purchased_purges":1,"victory":false,"max_hp_per_floor":[94,94,94,94,94,94,94,94,94,94,94,94,94,94,94,94,94,94,94,94],"card_choices":[{"not_picked":["True Grit","Bloodletting"],"picked":"Shrug It Off","floor":1},{"not_picked":["Pommel Strike","Wild Strike"],"picked":"Shrug It Off","floor":3},{"not_picked":["Burning Pact","Flex","Twin Strike"],"picked":"SKIP","floor":5},{"not_picked":["Twin Strike","Sever Soul"],"picked":"Perfected Strike","floor":6},{"not_picked":["Disarm","Sword Boomerang"],"picked":"Evolve","floor":8},{"not_picked":["Sentinel","Dropkick"],"picked":"Dark Embrace","floor":10},{"not_picked":["Cleave","Pummel"],"picked":"Intimidate","floor":11},{"not_picked":["Havoc","Thunderclap"],"picked":"Wild Strike","floor":14},{"not_picked":["Feed","Juggernaut"],"picked":"Exhume","floor":16},{"not_picked":["Cleave","True Grit"],"picked":"Havoc","floor":18},{"not_picked":["Anger+1","Reaper"],"picked":"Seeing Red","floor":19}],"player_experience":231702,"relics_obtained":[{"floor":6,"key":"Bronze Scales"},{"floor":8,"key":"Whetstone"},{"floor":9,"key":"Centennial Puzzle"}],"event_choices":[{"damage_healed":0,"gold_gain":0,"player_choice":"Success","damage_taken":7,"relics_obtained":["Regal Pillow"],"max_hp_gain":0,"max_hp_loss":0,"event_name":"Scrap Ooze","floor":2,"gold_loss":0},{"damage_healed":0,"gold_gain":0,"player_choice":"1 cards matched","damage_taken":0,"max_hp_gain":0,"max_hp_loss":0,"event_name":"Match and Keep!","floor":7,"gold_loss":0,"cards_obtained":["Headbutt"]}],"is_beta":false,"boss_relics":[{"not_picked":["Calling Bell","Tiny House"],"picked":"Pandora\u0027s Box"}],"items_purged_floors":[4],"is_endless":false,"potions_floor_spawned":[1,6,8,16],"killed_by":"Shelled Parasite and Fungi","ascension_level":13}