{"gold_per_floor":[113,123,134,209,209,209,219,252,252,265,265,275,275,295,295,295],"floor_reached":16,"playtime":694,"items_purged":[],"score":130,"play_id":"8c24a0c1-7531-47d8-b914-69d941379978","local_time":"20190824124038","is_ascension_mode":true,"campfire_choices":[{"data":"Berserk","floor":6,"key":"SMITH"},{"floor":11,"key":"REST"},{"floor":15,"key":"REST"}],"neow_cost":"PERCENT_DAMAGE","seed_source_timestamp":399459260581800,"circlet_count":0,"master_deck":["Strike_R","Strike_R","Strike_R","Strike_R","Strike_R","Defend_R","Defend_R","Defend_R","Defend_R","Bash","Barricade","Pommel Strike","Berserk+1","Perfected Strike","Ghostly Armor","Perfected Strike","Anger","Shrug It Off"],"relics":["Burning Blood","Omamori","Question Card"],"potions_floor_usage":[7,10,14],"damage_taken":[{"damage":10,"enemies":"2 Louse","floor":1,"turns":3},{"damage":2,"enemies":"Small Slimes","floor":2,"turns":4},{"damage":1,"enemies":"Cultist","floor":3,"turns":3},{"damage":17,"enemies":"3 Louse","floor":7,"turns":3},{"damage":21,"enemies":"Gremlin Nob","floor":8,"turns":4},{"damage":35,"enemies":"Exordium Thugs","floor":10,"turns":6},{"damage":12,"enemies":"Looter","floor":12,"turns":3},{"damage":4,"enemies":"Red Slaver","floor":14,"turns":2},{"damage":56,"enemies":"Hexaghost","floor":16,"turns":9}],"seed_played":"8967575374633156932","potions_obtained":[{"floor":3,"key":"GamblersBrew"},{"floor":7,"key":"SpeedPotion"},{"floor":8,"key":"BloodPotion"},{"floor":14,"key":"EssenceOfSteel"}],"is_trial":false,"path_per_floor":["M","M","M","?","?","R","M","E","T","M","R","M","?","M","R","B"],"character_chosen":"IRONCLAD","items_purchased":[],"campfire_rested":2,"item_purchase_floors":[],"current_hp_per_floor":[52,56,61,50,43,43,32,17,17,8,32,26,26,28,52,0],"gold":295,"neow_bonus":"THREE_RARE_CARDS","is_prod":false,"is_daily":false,"chose_seed":false,"campfire_upgraded":1,"win_rate":0,"timestamp":1566675638,"path_taken":["M","M","M","?","?","R","M","E","T","M","R","M","?","M","R","BOSS"],"build_version":"2019-07-17","purchased_purges":0,"victory":false,"max_hp_per_floor":[80,80,80,80,80,80,80,80,80,80,80,80,80,80,80,80],"card_choices":[{"not_picked":["Berserk","Fiend Fire"],"picked":"Barricade","floor":0},{"not_picked":["Warcry","Twin Strike"],"picked":"Pommel Strike","floor":1},{"not_picked":["Cleave","Shrug It Off"],"picked":"Berserk","floor":2},{"not_picked":["Sword Boomerang","Wild Strike"],"picked":"Perfected Strike","floor":3},{"not_picked":["Disarm","Infernal Blade"],"picked":"Ghostly Armor","floor":7},{"not_picked":["Sword Boomerang","Flex","Sever Soul"],"picked":"SKIP","floor":8},{"not_picked":["Headbutt","Body Slam","Sword Boomerang"],"picked":"Perfected Strike","floor":10},{"not_picked":["Heavy Blade","Shockwave","Warcry"],"picked":"Anger","floor":12},{"not_picked":["Warcry","Corruption","Exhume"],"picked":"Shrug It Off","floor":14}],"player_experience":130793,"relics_obtained":[{"floor":8,"key":"Question Card"}],"event_choices":[{"damage_healed":0,"gold_gain":75,"player_choice":"Gather Gold","damage_taken":11,"max_hp_gain":0,"max_hp_loss":0,"event_name":"World of Goop","floor":4,"gold_loss":0},{"damage_healed":0,"gold_gain":0,"player_choice":"Success","damage_taken":7,"relics_obtained":["Omamori"],"max_hp_gain":0,"max_hp_loss":0,"event_name":"Scrap Ooze","floor":5,"gold_loss":0},{"damage_healed":0,"gold_gain":0,"player_choice":"Bought 0 Potions","damage_taken":0,"max_hp_gain":0,"max_hp_loss":0,"event_name":"The Woman in Blue","floor":13,"gold_loss":0}],"is_beta":false,"boss_relics":[],"items_purged_floors":[],"is_endless":false,"potions_floor_spawned":[3,7,8,14],"killed_by":"Hexaghost","ascension_level":5}