{"gold_per_floor":[118,118,218,228,278,278,309,309,321,333],"floor_reached":10,"playtime":595,"items_purged":[],"score":64,"play_id":"5eb8ec05-3ad6-49e6-b31b-afe11eba2197","local_time":"20190821191644","is_ascension_mode":false,"campfire_choices":[{"data":"Distraction","floor":6,"key":"SMITH"}],"neow_cost":"NONE","seed_source_timestamp":565463203524100,"circlet_count":0,"master_deck":["Strike_G","Strike_G","Strike_G","Strike_G","Strike_G","Defend_G","Defend_G","Defend_G","Defend_G","Defend_G","Survivor","Neutralize","Doppelganger","Distraction+1","Sucker Punch","Riddle With Holes"],"relics":["Ring of the Snake","Blood Vial","Bottled Lightning","MawBank","Dodecahedron"],"potions_floor_usage":[10],"damage_taken":[{"damage":0,"enemies":"Small Slimes","floor":1,"turns":4},{"damage":1,"enemies":"2 Louse","floor":4,"turns":4},{"damage":49,"enemies":"Gremlin Nob","floor":7,"turns":6},{"damage":20,"enemies":"Lagavulin","floor":10,"turns":6}],"seed_played":"2200499713704784285","potions_obtained":[{"floor":1,"key":"SneckoOil"},{"floor":4,"key":"Weak Potion"}],"is_trial":false,"path_per_floor":["M","?","?","M","T","R","E","?","T","E"],"character_chosen":"THE_SILENT","items_purchased":[],"campfire_rested":0,"item_purchase_floors":[],"current_hp_per_floor":[70,70,70,69,69,69,21,18,18,0],"gold":333,"neow_bonus":"ONE_RANDOM_RARE_CARD","is_prod":false,"is_daily":false,"chose_seed":false,"campfire_upgraded":1,"win_rate":0.0,"timestamp":1566440204,"path_taken":["M","?","?","?","?","R","E","?","T","E"],"build_version":"2019-07-17","purchased_purges":0,"victory":false,"max_hp_per_floor":[70,70,70,70,70,70,70,70,70,70],"card_choices":[{"not_picked":["Deadly Poison","Underhanded Strike"],"picked":"Distraction","floor":1},{"not_picked":["Caltrops","Tactician"],"picked":"Sucker Punch","floor":4},{"not_picked":["Burst","Quick Slash"],"picked":"Riddle With Holes","floor":7}],"player_experience":14613,"relics_obtained":[{"floor":5,"key":"Blood Vial"},{"floor":7,"key":"Bottled Lightning"},{"floor":9,"key":"Dodecahedron"}],"event_choices":[{"damage_healed":0,"gold_gain":0,"player_choice":"Ignored","damage_taken":0,"max_hp_gain":0,"max_hp_loss":0,"event_name":"Golden Wing","floor":2,"gold_loss":0},{"damage_healed":0,"gold_gain":100,"player_choice":"Pray","damage_taken":0,"max_hp_gain":0,"max_hp_loss":0,"event_name":"Golden Shrine","floor":3,"gold_loss":0},{"damage_healed":0,"gold_gain":0,"player_choice":"Success","damage_taken":3,"relics_obtained":["MawBank"],"max_hp_gain":0,"max_hp_loss":0,"event_name":"Scrap Ooze","floor":8,"gold_loss":0}],"is_beta":false,"boss_relics":[],"items_purged_floors":[],"is_endless":false,"potions_floor_spawned":[1,4],"killed_by":"Lagavulin","ascension_level":0}