{"gold_per_floor":[212,227,242,259,65,65,77,110,110,81,81,81,94,111,111,208,208,220,235,160,160,175,175,206,206,206,217,227,237,89,188,188,284,284,299,103,203,222,222,222,237,237,286,304,304,304],"floor_reached":46,"playtime":1902,"items_purged":["Strike_R","Strike_R","Defend_R"],"score":704,"play_id":"9b026fb1-3f33-4d1b-875e-838040c28a5a","local_time":"20190829211733","is_ascension_mode":true,"campfire_choices":[{"floor":6,"key":"REST"},{"data":"Whirlwind","floor":11,"key":"SMITH"},{"floor":15,"key":"REST"},{"floor":23,"key":"REST"},{"floor":25,"key":"REST"},{"floor":32,"key":"REST"},{"floor":40,"key":"REST"}],"neow_cost":"NONE","seed_source_timestamp":1249317599318600,"circlet_count":0,"master_deck":["AscendersBane","Strike_R","Strike_R","Defend_R","Defend_R","Bash","Whirlwind+1","Flex","Flex+1","Spot Weakness+1","Limit Break+1","Heavy Blade+1","Havoc+1","Warcry+1","Warcry+1","Warcry+1","Corruption+1","Thinking Ahead+1"],"relics":["Burning Blood","Chemical X","Potion Belt","Toxic Egg 2","Dream Catcher","Empty Cage","StoneCalendar","Question Card","Velvet Choker","Gambling Chip","Regal Pillow"],"potions_floor_usage":[8,14,16,18,33,33,35,37,44,44],"damage_taken":[{"damage":14,"enemies":"2 Louse","floor":1,"turns":3},{"damage":0,"enemies":"Small Slimes","floor":2,"turns":3},{"damage":12,"enemies":"Jaw Worm","floor":3,"turns":4},{"damage":21,"enemies":"Gremlin Gang","floor":4,"turns":3},{"damage":12,"enemies":"Looter","floor":7,"turns":3},{"damage":34,"enemies":"3 Sentries","floor":8,"turns":5},{"damage":0,"enemies":"Large Slime","floor":13,"turns":3},{"damage":0,"enemies":"3 Louse","floor":14,"turns":3},{"damage":49,"enemies":"Hexaghost","floor":16,"turns":6},{"damage":0,"enemies":"3 Byrds","floor":18,"turns":3},{"damage":12,"enemies":"2 Thieves","floor":19,"turns":2},{"damage":45,"enemies":"Snake Plant","floor":22,"turns":4},{"damage":22,"enemies":"Gremlin Leader","floor":24,"turns":4},{"damage":11,"enemies":"Sentry and Sphere","floor":27,"turns":3},{"damage":4,"enemies":"Cultist and Chosen","floor":28,"turns":3},{"damage":9,"enemies":"Centurion and Healer","floor":29,"turns":2},{"damage":27,"enemies":"Automaton","floor":33,"turns":6},{"damage":30,"enemies":"3 Darklings","floor":35,"turns":2},{"damage":30,"enemies":"Mind Bloom Boss Battle","floor":37,"turns":5},{"damage":8,"enemies":"3 Shapes","floor":38,"turns":1},{"damage":0,"enemies":"Sphere and 2 Shapes","floor":41,"turns":1},{"damage":41,"enemies":"Transient","floor":44,"turns":5},{"damage":89,"enemies":"Nemesis","floor":46,"turns":4}],"seed_played":"8585735386551583533","potions_obtained":[{"floor":3,"key":"PowerPotion"},{"floor":4,"key":"AttackPotion"},{"floor":7,"key":"Ancient Potion"},{"floor":13,"key":"BloodPotion"},{"floor":14,"key":"Swift Potion"},{"floor":18,"key":"Energy Potion"},{"floor":24,"key":"Strength Potion"},{"floor":29,"key":"Ancient Potion"},{"floor":33,"key":"PowerPotion"},{"floor":37,"key":"SteroidPotion"},{"floor":38,"key":"BloodPotion"}],"is_trial":false,"path_per_floor":["M","M","M","M","$","R","M","E","T","?","R","?","M","M","R","B",null,"M","M","$","?","M","R","E","R","T","M","M","M","$","?","R","B",null,"M","$","?","M","$","R","M","?","T","M","?","E"],"character_chosen":"IRONCLAD","items_purchased":["Chemical X","Energy Potion","BloodPotion"],"campfire_rested":6,"item_purchase_floors":[5,30,36],"current_hp_per_floor":[64,70,64,49,49,73,67,39,39,39,39,14,20,46,70,27,67,73,67,67,67,28,52,36,60,60,55,57,54,54,54,78,57,74,50,50,46,44,44,68,74,74,74,59,59,0],"gold":304,"neow_bonus":"HUNDRED_GOLD","is_prod":false,"is_daily":false,"chose_seed":false,"campfire_upgraded":1,"win_rate":0,"timestamp":1567081053,"path_taken":["M","M","M","M","$","R","M","E","T","?","R","?","M","?","R","BOSS","M","?","$","?","M","R","E","R","T","M","M","M","$","?","R","BOSS","M","$","?","M","$","R","M","?","T","M","?","E"],"build_version":"2019-07-17","purchased_purges":3,"victory":false,"max_hp_per_floor":[80,80,80,80,80,80,80,80,80,80,80,80,80,80,80,80,80,80,80,80,80,80,80,80,80,80,80,80,80,80,80,80,80,80,80,80,80,80,80,80,80,80,80,80,80,80],"card_choices":[{"not_picked":["Iron Wave","Perfected Strike","Bloodletting"],"picked":"SKIP","floor":1},{"not_picked":["Wild Strike","Dual Wield","Burning Pact"],"picked":"SKIP","floor":2},{"not_picked":["Sentinel","Warcry"],"picked":"Whirlwind","floor":3},{"not_picked":["True Grit","Fire Breathing"],"picked":"Shrug It Off","floor":4},{"not_picked":["Perfected Strike","Iron Wave"],"picked":"Flex","floor":7},{"not_picked":["Headbutt","Dual Wield","Carnage"],"picked":"SKIP","floor":8},{"not_picked":["Headbutt","Iron Wave"],"picked":"Flex+1","floor":13},{"not_picked":["Iron Wave","Shrug It Off+1"],"picked":"Spot Weakness+1","floor":14},{"not_picked":["Feed","Fiend Fire"],"picked":"Limit Break+1","floor":16},{"not_picked":["Flex+1","Clothesline"],"picked":"Heavy Blade+1","floor":18},{"not_picked":["Sever Soul","Headbutt","Perfected Strike+1"],"picked":"SKIP","floor":19},{"not_picked":["Bloodletting+1","Clothesline"],"picked":"Havoc+1","floor":22},{"not_picked":["Flex+1","Rupture","Dual Wield+1"],"picked":"SKIP","floor":24},{"not_picked":["Whirlwind","Seeing Red+1","Body Slam+1"],"picked":"Warcry+1","floor":27},{"not_picked":["Clash+1","Rage+1","Wild Strike","Berserk"],"picked":"SKIP","floor":28},{"not_picked":["Clothesline","Entrench+1","Sever Soul"],"picked":"Warcry+1","floor":29},{"not_picked":["Twin Strike+1","Body Slam","Evolve"],"picked":"Warcry+1","floor":32},{"not_picked":["Iron Wave","Clothesline+1","Reckless Charge+1","Clash+1"],"picked":"SKIP","floor":35},{"not_picked":["Sever Soul+1","Fire Breathing","Ghostly Armor+1"],"picked":"Corruption+1","floor":37},{"not_picked":["Sword Boomerang","Shrug It Off+1","Iron Wave+1","Clothesline"],"picked":"SKIP","floor":38},{"not_picked":["Headbutt+1","Hemokinesis","Iron Wave+1","Twin Strike"],"picked":"SKIP","floor":41},{"not_picked":["Bandage Up+1","Swift Strike","The Bomb+1"],"picked":"Thinking Ahead+1","floor":42},{"not_picked":["Headbutt+1","Sword Boomerang+1","Warcry+1","Twin Strike+1"],"picked":"SKIP","floor":44}],"player_experience":232629,"relics_obtained":[{"floor":8,"key":"Potion Belt"},{"floor":9,"key":"Toxic Egg 2"},{"floor":24,"key":"StoneCalendar"},{"floor":26,"key":"Question Card"},{"floor":37,"key":"Gambling Chip"},{"floor":43,"key":"Regal Pillow"}],"event_choices":[{"damage_healed":0,"gold_gain":0,"player_choice":"Left Gold","damage_taken":0,"max_hp_gain":0,"max_hp_loss":0,"event_name":"World of Goop","floor":10,"gold_loss":29},{"damage_healed":0,"gold_gain":0,"player_choice":"Success","damage_taken":25,"relics_obtained":["Dream Catcher"],"max_hp_gain":0,"max_hp_loss":0,"event_name":"Scrap Ooze","floor":12,"gold_loss":0},{"damage_healed":0,"gold_gain":0,"player_choice":"Ignored","damage_taken":0,"max_hp_gain":0,"max_hp_loss":0,"event_name":"Ghosts","floor":21,"gold_loss":0},{"damage_healed":0,"gold_gain":99,"player_choice":"Stole From Cult","damage_taken":0,"max_hp_gain":0,"max_hp_loss":0,"event_name":"Nest","floor":31,"gold_loss":0},{"damage_healed":0,"gold_gain":0,"player_choice":"Fight","damage_taken":0,"max_hp_gain":0,"max_hp_loss":0,"event_name":"MindBloom","floor":37,"gold_loss":0},{"damage_healed":0,"gold_gain":0,"player_choice":"Memory 1","damage_taken":0,"max_hp_gain":0,"max_hp_loss":0,"event_name":"SensoryStone","floor":42,"gold_loss":0},{"cards_removed":["Shrug It Off"],"damage_healed":0,"gold_gain":0,"player_choice":"Removed Skill","damage_taken":0,"max_hp_gain":0,"max_hp_loss":0,"event_name":"Falling","floor":45,"gold_loss":0}],"is_beta":false,"boss_relics":[{"not_picked":["Eternal Feather","Tiny House"],"picked":"Empty Cage"},{"not_picked":["Snecko Eye","Astrolabe"],"picked":"Velvet Choker"}],"items_purged_floors":[20,30,36],"is_endless":false,"potions_floor_spawned":[3,4,7,13,14,18,24,29,33,37,38],"killed_by":"Nemesis","ascension_level":10}