{"gold_per_floor":[112,112,130,144,38,38,58,58,82,82,82,97,97,117,117,215,215,225,235,247,172,87,87,35,35,35,35,48,68,68,27,27,27],"floor_reached":33,"playtime":3804,"items_purged":[],"score":237,"play_id":"987c21f7-3cee-4fba-b2ec-1e27f68451e2","local_time":"20190828191443","is_ascension_mode":false,"campfire_choices":[{"data":"Strike_R","floor":6.0,"key":"SMITH"},{"floor":8.0,"key":"REST"},{"floor":15.0,"key":"REST"},{"floor":23.0,"key":"REST"},{"data":"Flame Barrier","floor":25.0,"key":"SMITH"},{"data":"Iron Wave","floor":27.0,"key":"SMITH"},{"floor":32,"key":"REST"}],"neow_cost":"","seed_source_timestamp":0,"circlet_count":0,"master_deck":["Strike_R+1","Strike_R+1","Strike_R+1","Strike_R+1","Defend_R+1","Defend_R+1","Defend_R+1","Bash","Flame Barrier+1","Thunderclap+1","Hemokinesis+1","Metallicize","Seeing Red","Headbutt","Uppercut","Cleave","Dual Wield","Fiend Fire","Perfected Strike","Armaments","Perfected Strike+1","Iron Wave+1","Twin Strike","Shrug It Off+1","Dropkick"],"special_seed":0,"relics":["Burning Blood","Regal Pillow","Lizard Tail","Lantern","Matryoshka"],"potions_floor_usage":[33],"damage_taken":[{"damage":10.0,"enemies":"Jaw Worm","floor":1.0,"turns":5.0},{"damage":7.0,"enemies":"2 Louse","floor":3.0,"turns":3.0},{"damage":1.0,"enemies":"Cultist","floor":4.0,"turns":4.0},{"damage":20.0,"enemies":"Large Slime","floor":7.0,"turns":8.0},{"damage":16.0,"enemies":"Gremlin Gang","floor":12.0,"turns":3.0},{"damage":3.0,"enemies":"Exordium Wildlife","floor":14.0,"turns":2.0},{"damage":71.0,"enemies":"The Guardian","floor":16.0,"turns":16.0},{"damage":30.0,"enemies":"2 Thieves","floor":18.0,"turns":4.0},{"damage":23.0,"enemies":"Chosen","floor":19.0,"turns":5.0},{"damage":51.0,"enemies":"Sentry and Sphere","floor":20.0,"turns":7.0},{"damage":38.0,"enemies":"Snake Plant","floor":28.0,"turns":5.0},{"damage":16.0,"enemies":"Snecko","floor":29.0,"turns":5.0},{"damage":83,"enemies":"Champ","floor":33,"turns":11}],"seed_played":"1213578765599840313","potions_obtained":[{"floor":1.0,"key":"Weak Potion"},{"floor":4.0,"key":"AttackPotion"},{"floor":12.0,"key":"FearPotion"},{"floor":19.0,"key":"Fire Potion"},{"floor":20.0,"key":"Poison Potion"}],"is_trial":false,"path_per_floor":["M","?","M","M","$","R","M","R","T","?","?","M","?","M","R","B",null,"M","M","M","?","?","R","$","R","T","R","M","M","?","$","R","B"],"character_chosen":"IRONCLAD","items_purchased":["Metallicize","Seeing Red","Iron Wave","Dropkick"],"campfire_rested":4,"item_purchase_floors":[5,5,24,31],"current_hp_per_floor":[76,76,75,80,80,80,66,80,80,80,80,70,70,73,80,15,80,56,39,36,36,36,75,75,75,75,75,43,33,33,33,72,0],"gold":27,"neow_bonus":"","is_prod":false,"is_daily":false,"chose_seed":false,"campfire_upgraded":3,"win_rate":0.0,"timestamp":1567037683,"path_taken":["M","?","M","M","$","R","M","R","T","?","?","?","?","M","R","BOSS","M","?","M","?","?","R","$","R","T","R","M","M","?","?","R","BOSS"],"build_version":"2019-07-17","purchased_purges":0,"victory":false,"max_hp_per_floor":[80,80,80,80,80,80,80,80,80,80,80,80,80,80,80,80,80,80,80,80,80,80,80,80,80,80,80,80,80,80,80,80,80],"card_choices":[{"not_picked":["Rage","Reckless Charge"],"picked":"Flame Barrier","floor":1.0},{"not_picked":["Metallicize","Pommel Strike"],"picked":"Thunderclap","floor":3.0},{"not_picked":["Thunderclap","Corruption"],"picked":"Hemokinesis","floor":4.0},{"not_picked":["Anger","Shrug It Off"],"picked":"Headbutt","floor":7.0},{"not_picked":["Entrench","Inflame"],"picked":"Uppercut","floor":12.0},{"not_picked":["Fire Breathing","Shrug It Off"],"picked":"Dual Wield","floor":14.0},{"not_picked":["Offering","Berserk"],"picked":"Fiend Fire","floor":16.0},{"not_picked":["Thunderclap","Armaments"],"picked":"Perfected Strike","floor":18.0},{"not_picked":["Combust","Sword Boomerang"],"picked":"Armaments","floor":19.0},{"not_picked":["Thunderclap","Armaments"],"picked":"Perfected Strike+1","floor":20.0},{"not_picked":["Pummel","Perfected Strike"],"picked":"Twin Strike","floor":28.0},{"not_picked":["Bloodletting","Clash+1"],"picked":"Shrug It Off+1","floor":29.0}],"player_experience":0,"relics_obtained":[{"floor":9.0,"key":"Regal Pillow"},{"floor":26.0,"key":"Matryoshka"}],"event_choices":[{"damage_healed":0.0,"max_hp_gain":0.0,"max_hp_loss":0.0,"gold_gain":0.0,"event_name":"Golden Wing","player_choice":"Ignored","floor":2.0,"gold_loss":0.0,"damage_taken":0.0},{"damage_healed":0.0,"max_hp_gain":0.0,"max_hp_loss":0.0,"gold_gain":0.0,"event_name":"Living Wall","player_choice":"Grow","floor":10.0,"gold_loss":0.0,"damage_taken":0.0,"cards_upgraded":["Hemokinesis"]},{"damage_healed":0.0,"max_hp_gain":0.0,"max_hp_loss":0.0,"gold_gain":0.0,"event_name":"Accursed Blacksmith","player_choice":"Forge","floor":11.0,"gold_loss":0.0,"damage_taken":0.0,"cards_upgraded":["Thunderclap"]},{"damage_healed":0.0,"max_hp_gain":0.0,"max_hp_loss":0.0,"gold_gain":0.0,"cards_transformed":["Strike_R"],"event_name":"Transmorgrifier","player_choice":"Transformed","floor":13.0,"gold_loss":0.0,"damage_taken":0.0,"cards_obtained":["Cleave"]},{"cards_removed":["Defend_R"],"damage_healed":0.0,"max_hp_gain":0.0,"max_hp_loss":0.0,"gold_gain":0.0,"event_name":"Beggar","player_choice":"Gave Gold","floor":21.0,"gold_loss":75.0,"damage_taken":0.0},{"damage_healed":0.0,"max_hp_gain":0.0,"max_hp_loss":0.0,"gold_gain":0.0,"event_name":"Addict","player_choice":"Obtained Relic","floor":22.0,"gold_loss":85.0,"damage_taken":0.0,"relics_obtained":["Lantern"]},{"damage_healed":0.0,"max_hp_gain":0.0,"max_hp_loss":0.0,"gold_gain":0.0,"event_name":"Back to Basics","player_choice":"Simplicity","floor":30.0,"gold_loss":0.0,"damage_taken":0.0,"cards_upgraded":["Strike_R","Strike_R","Strike_R","Defend_R","Defend_R","Defend_R"]}],"is_beta":false,"boss_relics":[{"not_picked":["Ectoplasm","Sozu"],"picked":"Lizard Tail"}],"items_purged_floors":[],"is_endless":false,"potions_floor_spawned":[1,4,12,14,19,20],"killed_by":"Champ","ascension_level":0}