{"gold_per_floor":[118,118,137,153,26,26,38,38,112,126,150,161,84,101,101,196,196,211,211,71,89,89,89,101,101,101,101,1,1,1,19,19,19],"floor_reached":33,"playtime":1708,"items_purged":["Shame","Strike_R"],"score":237,"play_id":"b2be877b-c102-4a3f-876b-39abac2a8bb5","local_time":"20181227120557","is_ascension_mode":false,"campfire_choices":[{"data":"True Grit","floor":6,"key":"SMITH"},{"data":"Body Slam","floor":8,"key":"SMITH"},{"floor":15,"key":"REST"},{"floor":23,"key":"REST"},{"data":"Barricade","floor":25,"key":"SMITH"},{"data":"Berserk","floor":30,"key":"SMITH"},{"floor":32,"key":"REST"}],"neow_cost":"CURSE","seed_source_timestamp":230949100879035,"circlet_count":0,"master_deck":["Strike_R","Defend_R","Defend_R","Defend_R","Defend_R","Bash+1","Iron Wave","Brutality","Searing Blow","Cleave","Headbutt","True Grit+1","Body Slam+1","Berserk+1","Headbutt","Inflame","Clothesline","Bludgeon","Combust","RitualDagger","Barricade+1","Headbutt+1","Dual Wield+1","Warcry","Dark Embrace"],"relics":["Burning Blood","Pantograph","Odd Mushroom","Sozu","Omamori","Frozen Egg 2"],"potions_floor_usage":[14,24],"damage_taken":[{"damage":13,"enemies":"Small Slimes","floor":1,"turns":6},{"damage":5,"enemies":"Cultist","floor":3,"turns":4},{"damage":11,"enemies":"Jaw Worm","floor":4,"turns":3},{"damage":9,"enemies":"Blue Slaver","floor":7,"turns":4},{"damage":9,"enemies":"2 Fungi Beasts","floor":10,"turns":3},{"damage":15,"enemies":"The Mushroom Lair","floor":11,"turns":4},{"damage":15,"enemies":"3 Louse","floor":12,"turns":2},{"damage":14,"enemies":"Gremlin Gang","floor":14,"turns":5},{"damage":34,"enemies":"Slime Boss","floor":16,"turns":9},{"damage":9,"enemies":"Chosen","floor":18,"turns":4},{"damage":29,"enemies":"Spheric Guardian","floor":21,"turns":4},{"damage":24,"enemies":"Colosseum Slavers","floor":22,"turns":4},{"damage":22,"enemies":"Centurion and Healer","floor":24,"turns":6},{"damage":40,"enemies":"Snecko","floor":31,"turns":5},{"damage":41,"enemies":"Collector","floor":33,"turns":5}],"seed_played":"6784593604809587933","potions_obtained":[{"floor":1,"key":"BloodPotion"},{"floor":4,"key":"LiquidBronze"},{"floor":10,"key":"Regen Potion"}],"is_trial":false,"path_per_floor":["M","?","M","M","$","R","M","R","T","M","?","M","$","M","R","B",null,"M","?","$","M","?","R","M","R","T","?","$","T","R","M","R","B"],"character_chosen":"IRONCLAD","items_purchased":["True Grit","Inflame","Barricade"],"campfire_rested":3,"item_purchase_floors":[5,13,20],"current_hp_per_floor":[73,73,74,69,69,69,66,66,66,63,54,45,45,45,69,52,80,77,71,71,48,30,54,47,47,47,47,47,47,47,13,37,21],"gold":19,"neow_bonus":"TRANSFORM_TWO_CARDS","is_prod":false,"is_daily":false,"chose_seed":false,"campfire_upgraded":4,"win_rate":0,"timestamp":1545879957,"path_taken":["M","?","M","M","$","R","?","R","T","M","?","M","$","M","R","BOSS","M","?","$","M","?","R","M","R","T","?","$","?","R","M","R","BOSS"],"build_version":"2018-12-20","purchased_purges":2,"victory":false,"max_hp_per_floor":[80,80,80,80,80,80,80,80,80,80,80,80,80,80,80,80,80,80,80,80,80,80,80,80,80,80,80,80,80,80,80,80,80],"card_choices":[{"not_picked":["Anger","Disarm"],"picked":"Searing Blow","floor":1},{"not_picked":["Sword Boomerang","Clash"],"picked":"Cleave","floor":3},{"not_picked":["Twin Strike","Heavy Blade"],"picked":"Headbutt","floor":4},{"not_picked":["Thunderclap","Rage"],"picked":"Body Slam","floor":7},{"not_picked":["Iron Wave","Pummel"],"picked":"Berserk","floor":10},{"not_picked":["Twin Strike","Corruption"],"picked":"Perfected Strike","floor":11},{"not_picked":["Warcry","Twin Strike"],"picked":"Headbutt","floor":12},{"not_picked":["Anger","Feed"],"picked":"Clothesline","floor":14},{"not_picked":["Fiend Fire","Brutality"],"picked":"Bludgeon","floor":16},{"not_picked":["Cleave","Sword Boomerang"],"picked":"Combust","floor":18},{"not_picked":["Warcry","Bludgeon"],"picked":"Headbutt+1","floor":21},{"not_picked":["Heavy Blade","Headbutt+1"],"picked":"Dual Wield+1","floor":24},{"not_picked":["Rupture+1","Fire Breathing+1","Sword Boomerang+1"],"picked":"SKIP","floor":31}],"player_experience":8815,"relics_obtained":[{"floor":9,"key":"Pantograph"},{"floor":11,"key":"Odd Mushroom"},{"floor":26,"key":"Omamori"},{"floor":29,"key":"Frozen Egg 2"}],"event_choices":[{"damage_healed":0,"gold_gain":0,"player_choice":"Forge","damage_taken":0,"max_hp_gain":0,"max_hp_loss":0,"event_name":"Accursed Blacksmith","floor":2,"gold_loss":0,"cards_upgraded":["Bash"]},{"damage_healed":0,"gold_gain":0,"player_choice":"Fought Mushrooms","damage_taken":0,"max_hp_gain":0,"max_hp_loss":0,"event_name":"Mushrooms","floor":11,"gold_loss":0},{"damage_healed":0,"gold_gain":0,"player_choice":"Joined the Cult","damage_taken":6,"max_hp_gain":0,"max_hp_loss":0,"event_name":"Nest","floor":19,"gold_loss":0,"cards_obtained":["RitualDagger"]},{"damage_healed":0,"gold_gain":0,"player_choice":"Fight","damage_taken":0,"max_hp_gain":0,"max_hp_loss":0,"event_name":"Colosseum","floor":22,"gold_loss":0},{"damage_healed":0,"gold_gain":0,"player_choice":"Fled From Nobs","damage_taken":0,"max_hp_gain":0,"max_hp_loss":0,"event_name":"Colosseum","floor":22,"gold_loss":0},{"damage_healed":0,"gold_gain":0,"cards_transformed":["Perfected Strike","Strike_R"],"player_choice":"Became Test Subject","damage_taken":0,"max_hp_gain":0,"max_hp_loss":0,"event_name":"Drug Dealer","floor":27,"gold_loss":0,"cards_obtained":["Warcry","Dark Embrace"]}],"is_beta":false,"boss_relics":[{"not_picked":["Ectoplasm","Tiny House"],"picked":"Sozu"}],"items_purged_floors":[5,28],"is_endless":false,"potions_floor_spawned":[1,4,10,11,12,21,22],"killed_by":"Collector","ascension_level":0}