{"gold_per_floor":[114,129,144,159,174,204,204,219,244,244,259,274,274,304,304,404,404,419,434,449,484,157,187,202,217,217,232,32,32,47,62,62,162,162,177,277,33,48,63,78,108,108,108,138,165,192,204,220,232,244],"floor_reached":51,"playtime":5051,"items_purged":["Defend_R","Strike_R"],"score":726,"play_id":"9a5e3bcf-f02a-4794-98d4-a1cbe0550765","local_time":"20190718090438","daily_mods":["Allstar","Diverse","Lethality"],"is_ascension_mode":false,"campfire_choices":[{"data":"Secret Weapon","floor":7,"key":"SMITH"},{"data":"Bash","floor":10,"key":"SMITH"},{"data":"Blind","floor":15,"key":"SMITH"},{"data":"Panacea","floor":29,"key":"SMITH"},{"data":"Riddle With Holes","floor":32,"key":"SMITH"},{"data":"Bludgeon","floor":42,"key":"SMITH"},{"floor":49,"key":"REST"}],"neow_cost":"","seed_source_timestamp":528456051821371,"circlet_count":0,"master_deck":["Strike_R","Strike_R","Strike_R","Defend_R","Defend_R","Defend_R+1","Bash+1","Jack Of All Trades+1","Blind+1","Panacea+1","Enlightenment","Secret Weapon+1","Melter","Dagger Spray","Riddle With Holes+1","Dagger Spray","Sweeping Beam","Flex+1","Phantasmal Killer+1","Dropkick+1","Havoc+1","Thunderclap+1","PiercingWail+1","Bludgeon+1","Flex+1","Adrenaline+1"],"special_seed":18094,"relics":["Burning Blood","Toxic Egg 2","Art of War","Pen Nib","War Paint","Philosopher\u0027s Stone","MealTicket","Dream Catcher","Potion Belt","HandDrill","White Beast Statue","FossilizedHelix","Kunai","Pantograph","MawBank","Bird Faced Urn"],"potions_floor_usage":[16,16,18,31,36,41,44,45,46,46,50],"damage_taken":[{"damage":3,"enemies":"Cultist","floor":1,"turns":4},{"damage":3,"enemies":"2 Louse","floor":2,"turns":2},{"damage":3,"enemies":"Small Slimes","floor":3,"turns":2},{"damage":8,"enemies":"2 Fungi Beasts","floor":4,"turns":3},{"damage":0,"enemies":"Exordium Wildlife","floor":5,"turns":2},{"damage":19,"enemies":"3 Sentries","floor":6,"turns":4},{"damage":0,"enemies":"3 Louse","floor":8,"turns":1},{"damage":19,"enemies":"Large Slime","floor":11,"turns":2},{"damage":0,"enemies":"2 Fungi Beasts","floor":12,"turns":1},{"damage":11,"enemies":"Gremlin Nob","floor":14,"turns":3},{"damage":52,"enemies":"Hexaghost","floor":16,"turns":5},{"damage":12,"enemies":"Shell Parasite","floor":18,"turns":2},{"damage":0,"enemies":"3 Byrds","floor":19,"turns":1},{"damage":16,"enemies":"Centurion and Healer","floor":20,"turns":2},{"damage":6,"enemies":"Snecko","floor":21,"turns":3},{"damage":27,"enemies":"Gremlin Leader","floor":23,"turns":4},{"damage":24,"enemies":"Snake Plant","floor":24,"turns":2},{"damage":5,"enemies":"Sentry and Sphere","floor":25,"turns":3},{"damage":0,"enemies":"3 Cultists","floor":27,"turns":2},{"damage":4,"enemies":"Shelled Parasite and Fungi","floor":30,"turns":2},{"damage":0,"enemies":"Cultist and Chosen","floor":31,"turns":2},{"damage":40,"enemies":"Automaton","floor":33,"turns":5},{"damage":11,"enemies":"Orb Walker","floor":35,"turns":2},{"damage":26,"enemies":"Mind Bloom Boss Battle","floor":36,"turns":4},{"damage":0,"enemies":"3 Darklings","floor":38,"turns":2},{"damage":25,"enemies":"Sphere and 2 Shapes","floor":39,"turns":3},{"damage":0,"enemies":"Spire Growth","floor":40,"turns":3},{"damage":2,"enemies":"Nemesis","floor":41,"turns":3},{"damage":0,"enemies":"Reptomancer","floor":44,"turns":3},{"damage":0,"enemies":"Transient","floor":45,"turns":5},{"damage":13,"enemies":"4 Shapes","floor":46,"turns":2},{"damage":19,"enemies":"2 Orb Walkers","floor":48,"turns":2},{"damage":44,"enemies":"Awakened One","floor":50,"turns":6}],"seed_played":"4053552727642725669","potions_obtained":[{"floor":1,"key":"SpeedPotion"},{"floor":5,"key":"Dexterity Potion"},{"floor":8,"key":"Poison Potion"},{"floor":11,"key":"Fire Potion"},{"floor":18,"key":"SpeedPotion"},{"floor":19,"key":"SkillPotion"},{"floor":21,"key":"SkillPotion"},{"floor":30,"key":"Block Potion"},{"floor":33,"key":"Block Potion"},{"floor":35,"key":"GamblersBrew"},{"floor":36,"key":"SkillPotion"},{"floor":39,"key":"Strength Potion"},{"floor":40,"key":"PowerPotion"},{"floor":41,"key":"Energy Potion"},{"floor":44,"key":"Swift Potion"},{"floor":45,"key":"Swift Potion"},{"floor":46,"key":"BloodPotion"},{"floor":48,"key":"Explosive Potion"}],"is_trial":false,"path_per_floor":["M","M","M","M","M","E","R","M","T","R","M","M","?","E","R","B",null,"M","M","M","M","$","E","M","M","T","M","$","R","M","M","R","B",null,"M","?","$","M","M","M","E","R","T","E","M","M","?","?","R","B",null],"character_chosen":"IRONCLAD","items_purchased":["MealTicket","Havoc+1","HandDrill","Bludgeon"],"campfire_rested":1,"item_purchase_floors":[22,22,28,37],"current_hp_per_floor":[80,80,80,78,80,67,67,73,73,73,60,66,59,54,54,8,80,74,80,70,70,70,49,31,32,32,38,53,53,55,61,61,27,80,75,55,70,76,57,63,67,67,67,73,79,72,72,59,80,42],"gold":256,"neow_bonus":"","is_prod":false,"is_daily":true,"chose_seed":false,"campfire_upgraded":6,"win_rate":0,"timestamp":1563408278,"path_taken":["M","M","M","M","M","E","R","M","T","R","M","?","?","E","R","BOSS","M","M","M","M","$","E","M","M","T","M","$","R","M","M","R","BOSS","M","?","$","M","M","M","E","R","T","E","M","M","?","?","R","BOSS"],"build_version":"2019-07-05","purchased_purges":2,"victory":true,"max_hp_per_floor":[80,80,80,80,80,80,80,80,80,80,80,80,80,80,80,80,80,80,80,80,80,80,80,80,80,80,80,80,80,80,80,80,80,80,80,80,80,80,80,80,80,80,80,80,80,80,80,80,80,80],"card_choices":[{"not_picked":["Quick Slash","Deadly Poison"],"picked":"Melter","floor":1},{"not_picked":["Heel Hook","Warcry"],"picked":"Dagger Spray","floor":2},{"not_picked":["Dash","Noxious Fumes"],"picked":"Riddle With Holes","floor":3},{"not_picked":["Consume","Barrage"],"picked":"Dagger Spray","floor":4},{"not_picked":["Outmaneuver","Beam Cell"],"picked":"Sweeping Beam","floor":5},{"not_picked":["Anger","Dagger Throw","Tactician"],"picked":"SKIP","floor":6},{"not_picked":["Slice","Turbo+1","Outmaneuver+1"],"picked":"SKIP","floor":8},{"not_picked":["Hello World","Intimidate+1","Rip and Tear"],"picked":"SKIP","floor":11},{"not_picked":["Cloak And Dagger+1","Barrage","Go for the Eyes"],"picked":"SKIP","floor":12},{"not_picked":["Defragment","Hemokinesis"],"picked":"Flex+1","floor":14},{"not_picked":["Reboot+1","Die Die Die"],"picked":"Phantasmal Killer+1","floor":16},{"not_picked":["Escape Plan+1","Anger"],"picked":"Dropkick+1","floor":18},{"not_picked":["All Out Attack+1","Dropkick+1","Sword Boomerang"],"picked":"SKIP","floor":19},{"not_picked":["Steam+1","Headbutt","Wild Strike"],"picked":"SKIP","floor":20},{"not_picked":["Searing Blow","Clash","Rebound"],"picked":"SKIP","floor":21},{"not_picked":["Sucker Punch","Wraith Form v2"],"picked":"Thunderclap+1","floor":23},{"not_picked":["Leg Sweep+1","Thunderclap+1","Prepared+1"],"picked":"SKIP","floor":24},{"not_picked":["Entrench+1","Second Wind+1","Caltrops+1"],"picked":"SKIP","floor":25},{"not_picked":["Turbo+1","Anger","White Noise+1"],"picked":"SKIP","floor":27},{"not_picked":["Sentinel+1","Rebound","Skewer+1"],"picked":"SKIP","floor":30},{"not_picked":["Iron Wave+1","True Grit+1","Leg Sweep+1"],"picked":"SKIP","floor":31},{"not_picked":["Slice+1","Lockon","Blade Dance+1"],"picked":"SKIP","floor":35},{"not_picked":["Coolheaded+1","Bloodletting+1"],"picked":"PiercingWail+1","floor":36},{"not_picked":["Static Discharge+1","Calculated Gamble+1","Catalyst+1"],"picked":"SKIP","floor":38},{"not_picked":["Blade Dance+1","Sweeping Beam"],"picked":"Flex+1","floor":39},{"not_picked":["True Grit+1","Redo+1","Slice"],"picked":"SKIP","floor":40},{"not_picked":["Compile Driver+1","Anger+1"],"picked":"Adrenaline+1","floor":41},{"not_picked":["Thunderclap","Searing Blow","Endless Agony"],"picked":"SKIP","floor":44},{"not_picked":["Dodge and Roll+1","Lockon+1","Eviscerate"],"picked":"SKIP","floor":45},{"not_picked":["Tempest+1","Aggregate+1","Slice"],"picked":"SKIP","floor":46},{"not_picked":["Tempest+1","Aggregate+1","Slice"],"picked":"SKIP","floor":46}],"player_experience":280168,"relics_obtained":[{"floor":6,"key":"Toxic Egg 2"},{"floor":9,"key":"Art of War"},{"floor":14,"key":"War Paint"},{"floor":23,"key":"Dream Catcher"},{"floor":26,"key":"Potion Belt"},{"floor":36,"key":"FossilizedHelix"},{"floor":41,"key":"Kunai"},{"floor":43,"key":"Pantograph"},{"floor":44,"key":"MawBank"},{"floor":48,"key":"Bird Faced Urn"}],"event_choices":[{"damage_healed":0,"gold_gain":0,"player_choice":"Success","damage_taken":7,"relics_obtained":["Pen Nib"],"max_hp_gain":0,"max_hp_loss":0,"event_name":"Scrap Ooze","floor":13,"gold_loss":0},{"damage_healed":0,"gold_gain":0,"player_choice":"Fight","damage_taken":0,"max_hp_gain":0,"max_hp_loss":0,"event_name":"MindBloom","floor":36,"gold_loss":0},{"cards_removed":["Strike_R"],"damage_healed":0,"gold_gain":0,"player_choice":"Removed Attack","damage_taken":0,"max_hp_gain":0,"max_hp_loss":0,"event_name":"Falling","floor":47,"gold_loss":0},{"damage_healed":0,"gold_gain":0,"player_choice":"Fight","damage_taken":0,"max_hp_gain":0,"max_hp_loss":0,"event_name":"Mysterious Sphere","floor":48,"gold_loss":0}],"is_beta":false,"boss_relics":[{"not_picked":["Orrery","Calling Bell"],"picked":"Philosopher\u0027s Stone"},{"not_picked":["Velvet Choker","Runic Dome"],"picked":"White Beast Statue"}],"items_purged_floors":[22,37],"is_endless":false,"potions_floor_spawned":[1,5,8,11,18,19,21,30,33,35,36,38,39,40,41,44,45,46,48],"ascension_level":0}