{"gold_per_floor":[114,114,127,127,127,161,161,81,81,91,103,131,306,317,317,412,412,424,19,0,10,10,10,22,32,32,46,46,64,64,14,14,14],"floor_reached":33,"playtime":1421,"items_purged":["Doubt","Shame"],"score":333,"play_id":"b25ec677-bc68-4c83-8296-55a7acf9be15","local_time":"20181118180728","is_ascension_mode":true,"campfire_choices":[{"data":"Neutralize","floor":7,"key":"SMITH"},{"floor":15,"key":"REST"},{"floor":23,"key":"REST"},{"floor":28,"key":"REST"},{"floor":32,"key":"REST"}],"neow_cost":"NONE","seed_source_timestamp":63713737806824,"circlet_count":0,"master_deck":["Defend_G","Defend_G","Defend_G","Defend_G","Defend_G","Strike_G","Strike_G","Strike_G","Strike_G","Strike_G","Survivor","Neutralize+1","Dagger Spray","Venomology+1","Deadly Poison","Footwork","Well Laid Plans","Deadly Poison","All Out Attack","Bouncing Flask","A Thousand Cuts","Catalyst+1","Caltrops","Poisoned Stab+1","Escape Plan"],"relics":["Ring of the Snake","Potion Belt","Unceasing Top","Tough Bandages","Darkstone Periapt","White Beast Statue","Membership Card","Meat on the Bone","Ancient Tea Set","Pear"],"potions_floor_usage":[3,6,6,10,11,12,16,16,16,18,18,21,24,25,25,27,27,27,29,33,33,33,33],"damage_taken":[{"damage":0,"enemies":"2 Louse","floor":1,"turns":3},{"damage":0,"enemies":"Jaw Worm","floor":3,"turns":2},{"damage":12,"enemies":"Lagavulin","floor":6,"turns":5},{"damage":0,"enemies":"Cultist","floor":10,"turns":4},{"damage":0,"enemies":"3 Louse","floor":11,"turns":1},{"damage":18,"enemies":"Gremlin Nob","floor":12,"turns":4},{"damage":5,"enemies":"Looter","floor":14,"turns":3},{"damage":22,"enemies":"The Guardian","floor":16,"turns":7},{"damage":56,"enemies":"2 Thieves","floor":18,"turns":4},{"damage":32,"enemies":"Spheric Guardian","floor":21,"turns":6},{"damage":37,"enemies":"Snake Plant","floor":24,"turns":3},{"damage":0,"enemies":"Chosen and Byrds","floor":25,"turns":4},{"damage":31,"enemies":"Shelled Parasite and Fungi","floor":27,"turns":5},{"damage":30,"enemies":"Snecko","floor":29,"turns":5},{"damage":94,"enemies":"Automaton","floor":33,"turns":8}],"seed_played":"7594858862726911612","potions_obtained":[{"floor":0,"key":"Block Potion"},{"floor":0,"key":"Strength Potion"},{"floor":0,"key":"Energy Potion"},{"floor":6,"key":"Ancient Potion"},{"floor":11,"key":"LiquidBronze"},{"floor":14,"key":"LiquidBronze"},{"floor":18,"key":"PowerPotion"},{"floor":21,"key":"Regen Potion"},{"floor":24,"key":"Poison Potion"},{"floor":25,"key":"AttackPotion"},{"floor":27,"key":"Strength Potion"},{"floor":29,"key":"Poison Potion"}],"is_trial":false,"path_per_floor":["M","?","M","?","?","E","R","$","T","M","M","E","?","M","R","B",null,"M","$","?","M","?","R","M","M","T","M","R","M","?","$","R","B"],"character_chosen":"THE_SILENT","items_purchased":["Footwork","Membership Card","Meat on the Bone","Caltrops"],"campfire_rested":4,"item_purchase_floors":[8,19,19,19],"current_hp_per_floor":[70,75,75,72,72,60,60,60,60,60,60,42,48,43,67,45,81,34,34,34,14,20,46,33,45,55,51,80,50,50,50,79,0],"gold":14,"neow_bonus":"THREE_SMALL_POTIONS","is_prod":false,"is_daily":false,"chose_seed":false,"campfire_upgraded":1,"win_rate":0,"timestamp":1542560848,"path_taken":["M","?","M","?","?","E","R","$","T","M","?","E","?","M","R","BOSS","M","$","?","M","?","R","M","M","T","M","R","?","?","?","R","BOSS"],"build_version":"2018-11-15","purchased_purges":2,"victory":false,"max_hp_per_floor":[70,75,75,75,75,75,75,75,75,75,75,75,81,81,81,81,81,81,81,81,81,87,87,87,87,97,97,97,97,97,97,97,97],"card_choices":[{"not_picked":["Bane","PiercingWail"],"picked":"Dagger Spray","floor":1},{"not_picked":["Prepared","Cloak And Dagger"],"picked":"Venomology","floor":3},{"not_picked":["Venomology","Tactician"],"picked":"Deadly Poison","floor":6},{"not_picked":["Outmaneuver","Quick Slash"],"picked":"Well Laid Plans","floor":10},{"not_picked":["Dagger Throw","Blade Dance"],"picked":"Deadly Poison","floor":11},{"not_picked":["Riddle With Holes","Bullet Time"],"picked":"All Out Attack","floor":12},{"not_picked":["Quick Slash","Backflip"],"picked":"Bouncing Flask","floor":14},{"not_picked":["Wraith Form v2","Unload"],"picked":"A Thousand Cuts","floor":16},{"not_picked":["Escape Plan","Underhanded Strike"],"picked":"Catalyst+1","floor":18},{"not_picked":["Eviscerate","Outmaneuver"],"picked":"Poisoned Stab+1","floor":21},{"not_picked":["Acrobatics","Concentrate","Cloak And Dagger"],"picked":"SKIP","floor":24},{"not_picked":["Distraction","Endless Agony+1","Quick Slash"],"picked":"SKIP","floor":25},{"not_picked":["Calculated Gamble+1","Terror+1"],"picked":"Escape Plan","floor":27},{"not_picked":["Sucker Punch","Blur","Bullet Time"],"picked":"SKIP","floor":29}],"player_experience":282697,"relics_obtained":[{"floor":6,"key":"Unceasing Top"},{"floor":9,"key":"Tough Bandages"},{"floor":12,"key":"Darkstone Periapt"},{"floor":26,"key":"Pear"}],"event_choices":[{"damage_healed":0,"gold_gain":0,"player_choice":"Donut","damage_taken":0,"max_hp_gain":5,"max_hp_loss":0,"event_name":"Big Fish","floor":2,"gold_loss":0},{"damage_healed":0,"gold_gain":0,"player_choice":"Success","damage_taken":3,"relics_obtained":["Potion Belt"],"max_hp_gain":0,"max_hp_loss":0,"event_name":"Scrap Ooze","floor":4,"gold_loss":0},{"damage_healed":0,"gold_gain":0,"player_choice":"Upgraded","damage_taken":0,"max_hp_gain":0,"max_hp_loss":0,"event_name":"Upgrade Shrine","floor":5,"gold_loss":0,"cards_upgraded":["Venomology"]},{"damage_healed":0,"gold_gain":175,"player_choice":"AGREE","damage_taken":0,"max_hp_gain":0,"max_hp_loss":0,"event_name":"Liars Game","floor":13,"gold_loss":0,"cards_obtained":["Doubt"]},{"damage_healed":0,"gold_gain":0,"player_choice":"Paid Fearfully","damage_taken":0,"max_hp_gain":0,"max_hp_loss":0,"event_name":"Masked Bandits","floor":20,"gold_loss":19},{"damage_healed":0,"gold_gain":0,"player_choice":"Stole Relic","damage_taken":0,"relics_obtained":["Ancient Tea Set"],"max_hp_gain":0,"max_hp_loss":0,"event_name":"Addict","floor":22,"gold_loss":0,"cards_obtained":["Shame"]},{"damage_healed":0,"gold_gain":0,"player_choice":"Bought 0 Potions","damage_taken":0,"max_hp_gain":0,"max_hp_loss":0,"event_name":"The Woman in Blue","floor":30,"gold_loss":0}],"is_beta":false,"boss_relics":[{"not_picked":["Runic Dome","Philosopher\u0027s Stone"],"picked":"White Beast Statue"}],"items_purged_floors":[19,31],"is_endless":false,"potions_floor_spawned":[6,11,14,18,21,24,25,27,29],"killed_by":"Automaton","ascension_level":4}