{"gold_per_floor":[114,129,144,159,159,159,174,189,214,214,229,259,274,289,289,389,389,404,404,419,116,116,116,116,116],"floor_reached":25,"playtime":2417,"items_purged":["Strike_G"],"score":227,"play_id":"4213dbf8-8864-4da5-b6ec-4060034bc4a1","local_time":"20190627003147","daily_mods":["Heirloom","Flight","Lethality"],"is_ascension_mode":false,"campfire_choices":[{"data":"Infinite Blades","floor":6,"key":"SMITH"},{"data":"Infinite Blades","floor":10,"key":"SMITH"},{"floor":15,"key":"REST"},{"floor":23,"key":"REST"}],"neow_cost":"","seed_source_timestamp":669799911136487,"circlet_count":0,"master_deck":["Defend_G","Defend_G","Defend_G","Defend_G","Defend_G","Strike_G","Strike_G","Strike_G","Strike_G","Survivor","Neutralize","Infinite Blades+1","Infinite Blades+1","Blade Dance","Slice","Well Laid Plans","Slice","Slice","Tools of the Trade","Footwork+1","Accuracy","Accuracy","Skewer"],"special_seed":18073,"relics":["Ring of the Snake","Unceasing Top","Centennial Puzzle","Dream Catcher","Black Star","MutagenicStrength","Orichalcum"],"potions_floor_usage":[13,13,16,24],"damage_taken":[{"damage":0,"enemies":"Jaw Worm","floor":1,"turns":5},{"damage":0,"enemies":"Small Slimes","floor":2,"turns":2},{"damage":4,"enemies":"2 Louse","floor":3,"turns":3},{"damage":2,"enemies":"Exordium Wildlife","floor":4,"turns":4},{"damage":0,"enemies":"Large Slime","floor":7,"turns":3},{"damage":14,"enemies":"2 Fungi Beasts","floor":8,"turns":3},{"damage":0,"enemies":"Looter","floor":11,"turns":3},{"damage":8,"enemies":"Lagavulin","floor":12,"turns":5},{"damage":1,"enemies":"3 Louse","floor":13,"turns":2},{"damage":5,"enemies":"Blue Slaver","floor":14,"turns":3},{"damage":43,"enemies":"Hexaghost","floor":16,"turns":7},{"damage":27,"enemies":"2 Thieves","floor":18,"turns":4},{"damage":40,"enemies":"3 Byrds","floor":20,"turns":4},{"damage":19,"enemies":"Slavers","floor":24,"turns":2},{"damage":5,"enemies":"Sentry and Sphere","floor":25,"turns":2}],"seed_played":"4741971329667515529","potions_obtained":[{"floor":1,"key":"Block Potion"},{"floor":3,"key":"Weak Potion"},{"floor":7,"key":"SteroidPotion"},{"floor":12,"key":"Block Potion"},{"floor":20,"key":"SmokeBomb"}],"is_trial":false,"path_per_floor":["M","M","M","M","?","R","M","M","T","R","M","E","M","M","R","B",null,"M","?","M","$","?","R","E","M"],"character_chosen":"THE_SILENT","items_purchased":["Accuracy","Orichalcum"],"campfire_rested":2,"item_purchase_floors":[21,21],"current_hp_per_floor":[70,70,66,64,64,64,64,50,50,50,50,42,41,36,57,14,70,43,43,3,3,3,24,5,0],"gold":116,"neow_bonus":"","is_prod":false,"is_daily":true,"chose_seed":false,"campfire_upgraded":2,"win_rate":0.0,"timestamp":1561563107,"path_taken":["M","M","M","M","?","R","M","M","T","R","M","E","M","M","R","BOSS","M","?","M","$","?","R","E","M"],"build_version":"2019-01-23","purchased_purges":1,"victory":false,"max_hp_per_floor":[70,70,70,70,70,70,70,70,70,70,70,70,70,70,70,70,70,70,70,70,70,70,70,70,70],"card_choices":[{"not_picked":["Calculated Gamble","PiercingWail"],"picked":"Infinite Blades","floor":1},{"not_picked":["Prepared","Predator"],"picked":"Infinite Blades","floor":2},{"not_picked":["Crippling Poison","Tactician","Skewer"],"picked":"SKIP","floor":3},{"not_picked":["Dodge and Roll","PiercingWail"],"picked":"Blade Dance","floor":4},{"not_picked":["Predator","Bouncing Flask"],"picked":"Slice","floor":7},{"not_picked":["Bane","Predator"],"picked":"Well Laid Plans","floor":8},{"not_picked":["Bane","Quick Slash","Sucker Punch"],"picked":"SKIP","floor":11},{"not_picked":["Eviscerate","Deadly Poison"],"picked":"Slice","floor":12},{"not_picked":["Crippling Poison","Underhanded Strike","Flechettes"],"picked":"SKIP","floor":13},{"not_picked":["Flechettes","Deadly Poison","Flying Knee"],"picked":"SKIP","floor":14},{"not_picked":["Cloak And Dagger","Poisoned Stab"],"picked":"Slice","floor":15},{"not_picked":["Venomology","Malaise"],"picked":"Tools of the Trade","floor":16},{"not_picked":["Dodge and Roll","Sucker Punch","Poisoned Stab"],"picked":"SKIP","floor":18},{"not_picked":["Dodge and Roll","Sucker Punch","Poisoned Stab"],"picked":"SKIP","floor":18},{"not_picked":["Caltrops","Crippling Poison"],"picked":"Footwork+1","floor":20},{"not_picked":["Terror","Outmaneuver+1"],"picked":"Skewer","floor":23}],"player_experience":40805,"relics_obtained":[{"floor":9,"key":"Centennial Puzzle"},{"floor":12,"key":"Dream Catcher"}],"event_choices":[{"damage_healed":0,"gold_gain":0,"player_choice":"Ignored","damage_taken":0,"max_hp_gain":0,"max_hp_loss":0,"event_name":"Liars Game","floor":5,"gold_loss":0},{"damage_healed":0,"gold_gain":0,"player_choice":"Inject Mutagens","damage_taken":0,"relics_obtained":["MutagenicStrength"],"max_hp_gain":0,"max_hp_loss":0,"event_name":"Drug Dealer","floor":19,"gold_loss":0},{"damage_healed":0,"gold_gain":0,"player_choice":"Read","damage_taken":0,"max_hp_gain":0,"max_hp_loss":0,"event_name":"The Library","floor":22,"gold_loss":0,"cards_obtained":["Accuracy"]}],"is_beta":false,"boss_relics":[{"not_picked":["Sozu","White Beast Statue"],"picked":"Black Star"}],"items_purged_floors":[21],"is_endless":false,"potions_floor_spawned":[1,3,7,11,12,20,24],"killed_by":"Sentry and Sphere","ascension_level":0}