{"gold_per_floor":[12,28,47,61,61,61,87,98,98,98,115,45,56,71,71,174,174,193,208,208,208,218,218],"floor_reached":23,"playtime":1830,"items_purged":[],"score":197,"play_id":"de030308-04c6-408e-9c2f-81cd479cea86","local_time":"20190827185644","is_ascension_mode":false,"campfire_choices":[{"data":"Sweeping Beam","floor":6,"key":"SMITH"},{"data":"Hello World","floor":10,"key":"SMITH"},{"data":"Echo Form","floor":15,"key":"SMITH"}],"neow_cost":"NO_GOLD","seed_source_timestamp":1081435240903900,"circlet_count":0,"master_deck":["Strike_B","Strike_B","Strike_B","Strike_B","Defend_B","Defend_B","Defend_B","Defend_B","Zap","Dualcast","Cold Snap","Sweeping Beam+1","Undo","Beam Cell","Barrage","Hello World+1","Echo Form+1","Self Repair","Streamline","Sunder","Machine Learning","Beam Cell","Conserve Battery","Chill","Sweeping Beam","Sunder","Genetic Algorithm+1","Ball Lightning","Tempest"],"relics":["Cracked Core","FossilizedHelix","Thread and Needle","Sundial","Peace Pipe","Orrery","Bird Faced Urn","Boot"],"potions_floor_usage":[16,16],"damage_taken":[{"damage":0,"enemies":"Small Slimes","floor":1,"turns":3},{"damage":0,"enemies":"Jaw Worm","floor":2,"turns":4},{"damage":0,"enemies":"Cultist","floor":3,"turns":3},{"damage":0,"enemies":"3 Louse","floor":4,"turns":3},{"damage":1,"enemies":"3 Sentries","floor":7,"turns":6},{"damage":0,"enemies":"Large Slime","floor":8,"turns":5},{"damage":0,"enemies":"2 Fungi Beasts","floor":11,"turns":3},{"damage":17,"enemies":"Exordium Thugs","floor":13,"turns":5},{"damage":10,"enemies":"Exordium Wildlife","floor":14,"turns":3},{"damage":13,"enemies":"The Guardian","floor":16,"turns":11},{"damage":10,"enemies":"Spheric Guardian","floor":18,"turns":4},{"damage":3,"enemies":"Shell Parasite","floor":19,"turns":6},{"damage":21,"enemies":"Snecko","floor":22,"turns":6},{"damage":62,"enemies":"Gremlin Leader","floor":23,"turns":7}],"seed_played":"4873829175002449533","potions_obtained":[{"floor":1,"key":"Swift Potion"},{"floor":8,"key":"SkillPotion"},{"floor":11,"key":"FocusPotion"},{"floor":22,"key":"Dexterity Potion"}],"is_trial":false,"path_per_floor":["M","M","M","M","?","R","E","M","T","R","M","$","M","M","R","B",null,"M","M","?","?","M","E"],"character_chosen":"DEFECT","items_purchased":["Self Repair"],"campfire_rested":0,"item_purchase_floors":[12],"current_hp_per_floor":[75,75,75,75,63,63,62,62,62,62,62,62,59,63,63,57,75,65,69,69,69,50,0],"gold":218,"neow_bonus":"ONE_RARE_RELIC","is_prod":false,"is_daily":false,"chose_seed":false,"campfire_upgraded":3,"win_rate":0.0,"timestamp":1566957404,"path_taken":["M","M","M","M","?","R","E","M","T","R","M","?","M","M","R","BOSS","M","M","?","?","M","E"],"build_version":"2019-07-17","purchased_purges":0,"victory":false,"max_hp_per_floor":[75,75,75,75,75,75,75,75,75,75,75,75,75,75,75,75,75,75,75,75,75,75,75],"card_choices":[{"not_picked":["Blizzard","Rebound"],"picked":"Cold Snap","floor":1},{"not_picked":["Force Field","Gash"],"picked":"Sweeping Beam","floor":2},{"not_picked":["Barrage","Hologram"],"picked":"Undo","floor":3},{"not_picked":["Go for the Eyes","Compile Driver"],"picked":"Beam Cell","floor":4},{"not_picked":["Steam","Steam Power"],"picked":"Barrage","floor":7},{"not_picked":["Streamline","Hologram"],"picked":"Hello World","floor":8},{"not_picked":["Redo","Loop"],"picked":"Echo Form","floor":11},{"not_picked":["Go for the Eyes","Redo"],"picked":"Streamline","floor":13},{"not_picked":["Go for the Eyes","Force Field"],"picked":"Sunder","floor":14},{"not_picked":["Seek","All For One"],"picked":"Machine Learning","floor":16},{"not_picked":["Stack","Skim"],"picked":"Beam Cell","floor":17},{"not_picked":["Hello World","Leap"],"picked":"Conserve Battery","floor":17},{"not_picked":["Cold Snap","Turbo"],"picked":"Chill","floor":17},{"not_picked":["Undo","Streamline"],"picked":"Sweeping Beam","floor":17},{"not_picked":["Reboot","Streamline"],"picked":"Sunder","floor":17},{"not_picked":["Streamline","Aggregate"],"picked":"Genetic Algorithm+1","floor":18},{"not_picked":["Coolheaded","Hello World"],"picked":"Ball Lightning","floor":19},{"not_picked":["Go for the Eyes","Coolheaded"],"picked":"Tempest","floor":22}],"player_experience":87278,"relics_obtained":[{"floor":7,"key":"Sundial"},{"floor":9,"key":"Peace Pipe"}],"event_choices":[{"damage_healed":0,"gold_gain":0,"player_choice":"Success","damage_taken":12,"relics_obtained":["Thread and Needle"],"max_hp_gain":0,"max_hp_loss":0,"event_name":"Scrap Ooze","floor":5,"gold_loss":0},{"damage_healed":0,"gold_gain":0,"player_choice":"Opened","damage_taken":0,"relics_obtained":["Bird Faced Urn"],"max_hp_gain":0,"max_hp_loss":0,"event_name":"The Mausoleum","floor":20,"gold_loss":0},{"damage_healed":0,"gold_gain":0,"player_choice":"Gave Potion","damage_taken":0,"relics_obtained":["Boot"],"max_hp_gain":0,"max_hp_loss":0,"event_name":"WeMeetAgain","floor":21,"gold_loss":0}],"is_beta":false,"boss_relics":[{"not_picked":["Runic Pyramid","White Beast Statue"],"picked":"Orrery"}],"items_purged_floors":[],"is_endless":false,"potions_floor_spawned":[1,8,11,14,22],"killed_by":"Gremlin Leader","ascension_level":0}