{"path_per_floor":["M","M","?","?","M","R","$","M","T","M","M","E","M","M","R","B",null,"M","?","M","$","M","R","M","?","T","M","M","R","M","M","R","B",null,"M","?","?","M"],"character_chosen":"THE_SILENT","items_purchased":["Dream Catcher","Skewer","Snake Skull"],"gold_per_floor":[212,224,224,224,237,237,11,26,26,40,52,86,106,126,126,230,230,241,241,261,144,160,160,172,172,197,210,230,230,242,260,260,361,361,373,373,373,385,385],"floor_reached":39,"campfire_rested":2,"playtime":1964,"item_purchase_floors":[7,7,21],"current_hp_per_floor":[68,68,68,68,66,66,66,66,66,64,64,61,57,52,52,27,70,63,63,58,58,58,58,39,62,62,50,46,67,66,54,70,7,70,45,63,63,50,0],"items_purged":[],"gold":385,"score":436,"play_id":"700093b3-d67a-4ba3-83d7-4fd272cf99ba","local_time":"20180602172126","is_prod":false,"is_daily":false,"chose_seed":false,"is_ascension_mode":true,"campfire_upgraded":3,"win_rate":0,"timestamp":1527952886,"campfire_choices":[{"data":"Terror","floor":6,"key":"SMITH"},{"data":"Skewer","floor":15,"key":"SMITH"},{"data":"Phantasmal Killer","floor":23,"key":"SMITH"},{"floor":29,"key":"REST"},{"floor":32,"key":"REST"}],"path_taken":["M","M","?","?","M","R","$","?","T","?","?","E","?","?","R","BOSS","M","?","M","?","M","R","?","?","T","M","M","R","M","M","R","BOSS","M","?","?","M","M"],"build_version":"2018-05-31","seed_source_timestamp":164551484578777,"purchased_purges":0,"victory":false,"master_deck":["Defend_G","Defend_G","Defend_G","Defend_G","Defend_G","Strike_G","Strike_G","Strike_G","Strike_G","Strike_G","Survivor","Neutralize+1","Terror+1","Quick Slash","Skewer+1","Poisoned Stab","Poisoned Stab","Backstab","Quick Slash","Bane","Phantasmal Killer+1","Dagger Throw","Dodge and Roll+1","Accuracy","Infinite Blades","Cloak And Dagger+1","Blur","Bouncing Flask","Masterful Stab","Phantasmal Killer","Wraith Form v2+1","Flechettes+1","Night Terror+1","Prepared+1","Writhe","Neutralize","Purity","PiercingWail"],"max_hp_per_floor":[70,70,70,70,70,70,70,70,70,70,70,70,70,70,70,70,70,70,70,70,70,70,70,70,70,70,70,70,70,70,70,70,70,70,70,70,70,70,70],"relics":["Ring of the Snake","Dream Catcher","Shuriken","The Courier","Velvet Choker","Snake Skull","Juzu Bracelet","Astrolabe"],"card_choices":[{"not_picked":["All Out Attack","Prepared"],"picked":"Flying Knee","floor":1},{"not_picked":["Dodge and Roll","Flying Knee"],"picked":"Terror","floor":2},{"not_picked":["Sucker Punch","PiercingWail"],"picked":"Quick Slash","floor":5},{"not_picked":["Eviscerate","Bullet Time"],"picked":"Poisoned Stab","floor":8},{"not_picked":["Outmaneuver","Deflect"],"picked":"Poisoned Stab","floor":10},{"not_picked":["PiercingWail","Quick Slash"],"picked":"Flying Knee","floor":11},{"not_picked":["Riddle With Holes","Leg Sweep"],"picked":"Backstab","floor":12},{"not_picked":["Backflip","Glass Knife"],"picked":"Quick Slash","floor":13},{"not_picked":["Deflect","Quick Slash"],"picked":"Bane","floor":14},{"not_picked":["Burst","Wraith Form v2"],"picked":"Phantasmal Killer","floor":16},{"not_picked":["Slice","Backflip"],"picked":"Dagger Throw","floor":18},{"not_picked":["Poisoned Stab","PiercingWail"],"picked":"Dodge and Roll+1","floor":20},{"not_picked":["Backflip","Acrobatics"],"picked":"Accuracy","floor":22},{"not_picked":["Reflex","Predator"],"picked":"Infinite Blades","floor":24},{"not_picked":["Deadly Poison","Well Laid Plans"],"picked":"Cloak And Dagger+1","floor":27},{"not_picked":["Flying Knee+1","Cloak And Dagger"],"picked":"Blur","floor":28},{"not_picked":["Bane","Outmaneuver"],"picked":"Bouncing Flask","floor":29},{"not_picked":["Storm of Steel","Underhanded Strike+1"],"picked":"Flying Knee","floor":30},{"not_picked":["Heel Hook","Prepared","Outmaneuver"],"picked":"SKIP","floor":31},{"not_picked":["Flying Knee","Dodge and Roll"],"picked":"Masterful Stab","floor":32},{"not_picked":["Night Terror","Wraith Form v2"],"picked":"Phantasmal Killer","floor":33},{"not_picked":["Dagger Spray","Sucker Punch"],"picked":"Prepared+1","floor":35},{"not_picked":["Deflect+1","Underhanded Strike+1"],"picked":"PiercingWail","floor":38}],"player_experience":146328,"potions_floor_usage":[8,12,13,14,18,22,33,33,39],"damage_taken":[{"damage":2,"enemies":"Jaw Worm","floor":1,"turns":4},{"damage":0,"enemies":"2 Louse","floor":2,"turns":3},{"damage":2,"enemies":"Small Slimes","floor":5,"turns":4},{"damage":0,"enemies":"3 Louse","floor":8,"turns":3},{"damage":2,"enemies":"Looter","floor":10,"turns":3},{"damage":0,"enemies":"Red Slaver","floor":11,"turns":3},{"damage":3,"enemies":"3 Sentries","floor":12,"turns":6},{"damage":4,"enemies":"Exordium Thugs","floor":13,"turns":3},{"damage":5,"enemies":"Lots of Slimes","floor":14,"turns":2},{"damage":25,"enemies":"Hexaghost","floor":16,"turns":6},{"damage":7,"enemies":"Shell Parasite","floor":18,"turns":2},{"damage":5,"enemies":"3 Byrds","floor":20,"turns":4},{"damage":0,"enemies":"Sentry and Sphere","floor":22,"turns":3},{"damage":19,"enemies":"Snake Plant","floor":24,"turns":4},{"damage":12,"enemies":"Cultist and Chosen","floor":27,"turns":5},{"damage":4,"enemies":"Sentry and Sphere","floor":28,"turns":3},{"damage":1,"enemies":"Snecko","floor":30,"turns":3},{"damage":12,"enemies":"Snake Plant","floor":31,"turns":4},{"damage":71,"enemies":"Automaton","floor":33,"turns":7},{"damage":25,"enemies":"Orb Walker","floor":35,"turns":4},{"damage":13,"enemies":"3 Darklings","floor":38,"turns":5},{"damage":50,"enemies":"Sphere and 2 Shapes","floor":39,"turns":5}],"relics_obtained":[{"floor":9,"key":"Shuriken"},{"floor":12,"key":"The Courier"},{"floor":26,"key":"Juzu Bracelet"}],"event_choices":[{"event_name":"Living Wall","player_choice":"Grow","floor":3,"damage_taken":0},{"event_name":"The Cleric","player_choice":"Leave","floor":4,"damage_taken":0},{"event_name":"Vampires","player_choice":"Ignored","floor":19,"damage_taken":0},{"event_name":"The Library","player_choice":"Heal","floor":25,"damage_taken":0},{"event_name":"Winding Halls","player_choice":"Writhe","floor":36,"damage_taken":0},{"event_name":"Match and Keep!","player_choice":"2 cards matched","floor":37,"damage_taken":0}],"boss_relics":[{"not_picked":["Runic Pyramid","Tiny House"],"picked":"Velvet Choker"},{"not_picked":["Sozu","Eternal Feather"],"picked":"Astrolabe"}],"items_purged_floors":[],"potions_floor_spawned":[5,8,11,13,14,18,20,27,30,33,38],"seed_played":"-3764778337848229589","killed_by":"Sphere and 2 Shapes","ascension_level":1,"potions_obtained":[{"floor":5,"key":"Fire Potion"},{"floor":8,"key":"Energy Potion"},{"floor":11,"key":"GhostInAJar"},{"floor":13,"key":"SteroidPotion"},{"floor":14,"key":"Fire Potion"},{"floor":18,"key":"FairyPotion"},{"floor":20,"key":"Fire Potion"},{"floor":27,"key":"FearPotion"},{"floor":30,"key":"Explosive Potion"},{"floor":33,"key":"Swift Potion"},{"floor":38,"key":"Poison Potion"}],"is_trial":false}