{"path_per_floor":["M","?","?","M","$","R","E","R","T","R","E","M","M","E","R","B",null,"M","T","M","M","?","R","M","R","T","R","E","M","T","$","R"],"character_chosen":"DEFECT","items_purchased":["Membership Card","Omamori","Fission","Heatsinks"],"gold_per_floor":[109,109,109,127,127,127,153,153,153,153,180,197,214,275,275,370,370,380,405,422,432,432,432,450,450,474,474,503,519,519,17,17,17],"floor_reached":33,"campfire_rested":6,"playtime":1458,"item_purchase_floors":[31,31,31,31],"current_hp_per_floor":[75,80,73,73,73,73,65,90,90,90,72,72,71,45,72,45,90,84,84,70,35,35,62,39,66,66,90,65,32,39,39,68,0],"items_purged":[],"gold":17,"score":336,"play_id":"8b405a3c-3451-4423-95bd-6f4c69ffeae8","local_time":"20180619211113","is_prod":false,"is_daily":false,"chose_seed":false,"is_ascension_mode":true,"campfire_upgraded":2,"win_rate":0,"timestamp":1529435473,"campfire_choices":[{"data":"Loop","floor":6,"key":"SMITH"},{"floor":8,"key":"REST"},{"data":"Lockon","floor":10,"key":"SMITH"},{"floor":15,"key":"REST"},{"floor":23,"key":"REST"},{"floor":25,"key":"REST"},{"floor":27,"key":"REST"},{"floor":32,"key":"REST"}],"path_taken":["M","?","?","M","$","R","E","R","T","R","E","M","?","E","R","BOSS","M","?","?","M","?","R","M","R","T","R","E","M","?","$","R","BOSS"],"build_version":"2018-06-14v2","seed_source_timestamp":682580285441016,"purchased_purges":0,"victory":false,"master_deck":["Strike_B","Strike_B","Strike_B","Strike_B","Defend_B","Defend_B","Defend_B","Defend_B","Zap","Dualcast","Conserve Battery","Loop+1","Lockon+1","Static Discharge","Ball Lightning","Tempest","Steam","Rainbow","Tempest","Lockon","Steam","Redo","Self Repair","Defragment","Sweeping Beam","Sweeping Beam+1","Aggregate+1","Streamline+1","Fission","Heatsinks"],"max_hp_per_floor":[75,80,80,80,80,80,90,90,90,90,90,90,90,90,90,90,90,90,90,90,90,90,90,90,90,90,90,90,90,97,97,97,97],"relics":["Cracked Core","Pen Nib","Pear","Bottled Flame","Gambling Chip","Tiny Chest","Orrery","Potion Belt","Boot","Vajra","Strawberry","Membership Card","Omamori"],"card_choices":[{"not_picked":["Force Field","Glacier"],"picked":"Conserve Battery","floor":1},{"not_picked":["Fusion","Hello World"],"picked":"Loop","floor":4},{"not_picked":["Beam Cell","Chill"],"picked":"Lockon","floor":7},{"not_picked":["Beam Cell","Ball Lightning"],"picked":"Static Discharge","floor":11},{"not_picked":["Leap","Chill"],"picked":"Ball Lightning","floor":12},{"not_picked":["Capacitor","Barrage"],"picked":"Tempest","floor":13},{"not_picked":["Chaos","Recycle"],"picked":"Steam","floor":14},{"not_picked":["Biased Cognition","Machine Learning"],"picked":"Rainbow","floor":16},{"not_picked":["Barrage","Skim"],"picked":"Tempest","floor":17},{"not_picked":["Leap","Steam"],"picked":"Lockon","floor":17},{"not_picked":["Force Field","Gash"],"picked":"Steam","floor":17},{"not_picked":["Steam","Chaos"],"picked":"Redo","floor":17},{"not_picked":["Beam Cell","Doom and Gloom"],"picked":"Self Repair","floor":18},{"not_picked":["Tempest","Reinforced Body"],"picked":"Defragment","floor":20},{"not_picked":["Consume","Undo"],"picked":"Sweeping Beam","floor":21},{"not_picked":["Chaos","Glacier"],"picked":"Sweeping Beam+1","floor":24},{"not_picked":["Beam Cell","Genetic Algorithm"],"picked":"Aggregate+1","floor":28},{"not_picked":["Ball Lightning","Go for the Eyes"],"picked":"Streamline+1","floor":29}],"player_experience":163957,"potions_floor_usage":[13,14,21,21,24,33],"damage_taken":[{"damage":0,"enemies":"Small Slimes","floor":1,"turns":3},{"damage":0,"enemies":"Jaw Worm","floor":4,"turns":3},{"damage":18,"enemies":"3 Sentries","floor":7,"turns":7},{"damage":18,"enemies":"Gremlin Nob","floor":11,"turns":4},{"damage":0,"enemies":"2 Louse","floor":12,"turns":2},{"damage":1,"enemies":"Blue Slaver","floor":13,"turns":2},{"damage":26,"enemies":"Lagavulin","floor":14,"turns":4},{"damage":27,"enemies":"The Guardian","floor":16,"turns":8},{"damage":6,"enemies":"Spheric Guardian","floor":18,"turns":3},{"damage":21,"enemies":"3 Byrds","floor":20,"turns":2},{"damage":42,"enemies":"3 Cultists","floor":21,"turns":6},{"damage":30,"enemies":"Snecko","floor":24,"turns":5},{"damage":32,"enemies":"Gremlin Leader","floor":28,"turns":8},{"damage":40,"enemies":"Centurion and Healer","floor":29,"turns":5},{"damage":71,"enemies":"Automaton","floor":33,"turns":6}],"relics_obtained":[{"floor":7,"key":"Pear"},{"floor":9,"key":"Bottled Flame"},{"floor":11,"key":"Gambling Chip"},{"floor":14,"key":"Tiny Chest"},{"floor":19,"key":"Potion Belt"},{"floor":26,"key":"Boot"},{"floor":28,"key":"Vajra"},{"floor":30,"key":"Strawberry"}],"event_choices":[{"event_name":"Big Fish","player_choice":"Donut","floor":2,"damage_taken":0},{"event_name":"Scrap Ooze","player_choice":"success","floor":3,"damage_taken":7},{"event_name":"Vampires","player_choice":"Ignored","floor":22,"damage_taken":0}],"boss_relics":[{"not_picked":["Snecko Eye","Busted Crown"],"picked":"Orrery"}],"items_purged_floors":[],"is_endless":false,"potions_floor_spawned":[1,12,13,16,20,21],"seed_played":"-6131939672888361967","killed_by":"Automaton","ascension_level":2,"potions_obtained":[{"floor":1,"key":"SpeedPotion"},{"floor":12,"key":"SkillPotion"},{"floor":13,"key":"SpeedPotion"},{"floor":16,"key":"Strength Potion"},{"floor":20,"key":"Poison Potion"},{"floor":21,"key":"LiquidBronze"}],"is_trial":false}