{"gold_per_floor":[115,127,145,157,157,185,185,19,19,19,19,19,35,89,89,194,194,209,209,225,236,107,126,126,143,169,169],"floor_reached":27,"playtime":1255,"items_purged":[],"score":247,"play_id":"584fb2fd-376a-4a3b-bbec-77da22135a6d","local_time":"20181104184022","is_ascension_mode":true,"campfire_choices":[{"data":"All Out Attack","floor":7,"key":"SMITH"},{"data":"Transmutation","floor":10,"key":"SMITH"},{"data":"Blur","floor":12,"key":"SMITH"},{"floor":15,"key":"REST"},{"floor":24,"key":"REST"}],"neow_cost":"NONE","seed_source_timestamp":83528102884659,"circlet_count":0,"master_deck":["Defend_G","Defend_G","Defend_G","Defend_G","Defend_G","Strike_G","Strike_G","Strike_G","Strike_G","Strike_G","Survivor","Neutralize","Dagger Spray","Blur+1","PiercingWail","All Out Attack+1","Slice","Transmutation+1","Prepared","Tools of the Trade","Bouncing Flask","Venomology","Flying Knee","Blade Dance+1","Cloak And Dagger","Slice","Infinite Blades","Backstab","Slice"],"relics":["Ring of the Snake","NeowsBlessing","Bronze Scales","Dodecahedron","Torii","WristBlade","Vajra"],"potions_floor_usage":[6,6,21,21,23],"damage_taken":[{"damage":0,"enemies":"Cultist","floor":1,"turns":1},{"damage":0,"enemies":"Jaw Worm","floor":2,"turns":1},{"damage":0,"enemies":"Small Slimes","floor":3,"turns":1},{"damage":0,"enemies":"Blue Slaver","floor":4,"turns":7},{"damage":36,"enemies":"3 Sentries","floor":6,"turns":8},{"damage":6,"enemies":"Red Slaver","floor":13,"turns":3},{"damage":3,"enemies":"The Guardian","floor":16,"turns":15},{"damage":12,"enemies":"2 Thieves","floor":18,"turns":5},{"damage":12,"enemies":"3 Byrds","floor":20,"turns":2},{"damage":27,"enemies":"Snake Plant","floor":21,"turns":4},{"damage":14,"enemies":"Shelled Parasite and Fungi","floor":23,"turns":3},{"damage":19,"enemies":"3 Cultists","floor":25,"turns":3},{"damage":33,"enemies":"Cultist and Chosen","floor":27,"turns":4}],"seed_played":"1755228347243689015","potions_obtained":[{"floor":2,"key":"GamblersBrew"},{"floor":3,"key":"Regen Potion"},{"floor":6,"key":"Ancient Potion"},{"floor":20,"key":"GamblersBrew"}],"is_trial":false,"path_per_floor":["M","M","M","M","?","E","R","$","T","R","T","R","M","?","R","B",null,"M","?","M","M","$","M","R","M","T","M"],"character_chosen":"THE_SILENT","items_purchased":["Transmutation","Slice","Infinite Blades"],"campfire_rested":2,"item_purchase_floors":[8,22,22],"current_hp_per_floor":[70,70,70,70,75,54,54,54,54,54,54,54,48,48,70,67,75,63,63,51,24,24,10,32,13,13,0],"gold":169,"neow_bonus":"THREE_ENEMY_KILL","is_prod":false,"is_daily":false,"chose_seed":false,"campfire_upgraded":3,"win_rate":0,"timestamp":1541353222,"path_taken":["M","M","?","M","?","E","R","$","T","R","?","R","M","?","R","BOSS","M","?","?","M","?","?","R","M","T","?"],"build_version":"2018-11-01","purchased_purges":0,"victory":false,"max_hp_per_floor":[70,70,70,70,75,75,75,75,75,75,75,75,75,75,75,75,75,75,75,75,75,75,75,75,75,75,75],"card_choices":[{"not_picked":["Backflip","PiercingWail"],"picked":"Dagger Spray","floor":1},{"not_picked":["Dagger Throw","PiercingWail"],"picked":"Blur","floor":2},{"not_picked":["Underhanded Strike","Slice"],"picked":"PiercingWail","floor":3},{"not_picked":["Blade Dance","Heel Hook"],"picked":"All Out Attack","floor":4},{"not_picked":["Deadly Poison","Sucker Punch"],"picked":"Slice","floor":6},{"not_picked":["Slice","Riddle With Holes"],"picked":"Prepared","floor":13},{"not_picked":["Adrenaline","Glass Knife"],"picked":"Tools of the Trade","floor":16},{"not_picked":["Deadly Poison","Dash"],"picked":"Bouncing Flask","floor":18},{"not_picked":["Eviscerate+1","Riddle With Holes+1"],"picked":"Blade Dance+1","floor":20},{"not_picked":["Sucker Punch","Underhanded Strike"],"picked":"Cloak And Dagger","floor":21},{"not_picked":["Well Laid Plans","Infinite Blades"],"picked":"Backstab","floor":23},{"not_picked":["Grand Finale","Blade Dance"],"picked":"Slice","floor":25}],"player_experience":240776,"relics_obtained":[{"floor":6,"key":"Bronze Scales"},{"floor":9,"key":"Dodecahedron"},{"floor":11,"key":"Torii"},{"floor":26,"key":"Vajra"}],"event_choices":[{"damage_healed":0,"gold_gain":0,"player_choice":"Donut","damage_taken":0,"max_hp_gain":5,"max_hp_loss":0,"event_name":"Big Fish","floor":5,"gold_loss":0},{"damage_healed":0,"gold_gain":54,"player_choice":"Gained Gold","damage_taken":0,"max_hp_gain":0,"max_hp_loss":0,"event_name":"Golden Wing","floor":14,"gold_loss":0},{"damage_healed":0,"gold_gain":0,"player_choice":"2 cards matched","damage_taken":0,"max_hp_gain":0,"max_hp_loss":0,"event_name":"Match and Keep!","floor":19,"gold_loss":0,"cards_obtained":["Venomology","Flying Knee"]}],"is_beta":false,"boss_relics":[{"not_picked":["HoveringKite","Ectoplasm"],"picked":"WristBlade"}],"items_purged_floors":[],"is_endless":false,"potions_floor_spawned":[2,3,6,20],"killed_by":"Cultist and Chosen","ascension_level":3}