{"gold_per_floor":[113,113,130,130,130,130,165,165,192,204,233,307,637,653,653,755,755,771,771,771,771,782,814,826,838,850,890,919,960,985,1027,1039,1152,1164,1190,1202,1214,1242,1270,1311,1342,1354,1390,1427,602,633,644,678,678,678],"floor_reached":50,"playtime":2207,"items_purged":["Pain"],"score":1083,"play_id":"3daa7ec2-dd87-4f37-aaa5-3b817961123b","local_time":"20190316180630","is_ascension_mode":true,"campfire_choices":[{"floor":6,"key":"RECALL"},{"data":"Armaments","floor":8,"key":"SMITH"},{"data":"Infernal Blade","floor":15,"key":"SMITH"},{"floor":25,"key":"REST"},{"floor":32,"key":"REST"},{"floor":42,"key":"REST"},{"data":"Entrench","floor":49,"key":"SMITH"}],"neow_cost":"NONE","seed_source_timestamp":700222959802911,"circlet_count":0,"master_deck":["Strike_R+1","Strike_R+1","Strike_R+1","Strike_R+1","Strike_R+1","Defend_R+1","Defend_R+1","Defend_R+1","Defend_R+1","Bash+1","Armaments+1","Twin Strike","Spot Weakness+1","Immolate","Infernal Blade+1","Infernal Blade","Bludgeon","Seeing Red+1","RitualDagger","Iron Wave+1","Shrug It Off+1","Twin Strike+1","Clash+1","Limit Break","Shrug It Off+1","Rage+1","Armaments+1","Warcry+1","Pommel Strike+1","Entrench+1","Iron Wave+1"],"relics":["Black Blood","NeowsBlessing","Blood Vial","PreservedInsect","Pen Nib","Old Coin","Black Star","Bag of Marbles","MawBank","Oddly Smooth Stone","Anchor","StoneCalendar","Strawberry","Shuriken","Happy Flower","Bronze Scales","Dodecahedron","WarpedTongs","Meat on the Bone","Smiling Mask","Boot","Orichalcum","War Paint","HandDrill","Incense Burner","Lantern","Mummified Hand","Whetstone","Regal Pillow","Gremlin Horn"],"potions_floor_usage":[13,16,18,27,29,29,30,39,40,47,50,50,50],"damage_taken":[{"damage":0,"enemies":"Small Slimes","floor":1,"turns":1},{"damage":0,"enemies":"Jaw Worm","floor":3,"turns":1},{"damage":0,"enemies":"Lagavulin","floor":7,"turns":1},{"damage":6,"enemies":"2 Louse","floor":10,"turns":2},{"damage":15,"enemies":"Gremlin Nob","floor":11,"turns":3},{"damage":20,"enemies":"3 Sentries","floor":13,"turns":4},{"damage":0,"enemies":"2 Fungi Beasts","floor":14,"turns":2},{"damage":0,"enemies":"Slime Boss","floor":16,"turns":6},{"damage":7,"enemies":"Chosen","floor":18,"turns":3},{"damage":37,"enemies":"Shell Parasite","floor":22,"turns":5},{"damage":13,"enemies":"Gremlin Leader","floor":23,"turns":2},{"damage":4,"enemies":"Book of Stabbing","floor":27,"turns":3},{"damage":14,"enemies":"Sentry and Sphere","floor":28,"turns":4},{"damage":3,"enemies":"Gremlin Leader","floor":29,"turns":3},{"damage":0,"enemies":"Shelled Parasite and Fungi","floor":30,"turns":2},{"damage":4,"enemies":"Book of Stabbing","floor":31,"turns":3},{"damage":85,"enemies":"Champ","floor":33,"turns":9},{"damage":0,"enemies":"3 Shapes","floor":35,"turns":1},{"damage":5,"enemies":"3 Darklings","floor":38,"turns":3},{"damage":4,"enemies":"Jaw Worm Horde","floor":39,"turns":2},{"damage":38,"enemies":"Nemesis","floor":40,"turns":3},{"damage":12,"enemies":"4 Shapes","floor":41,"turns":4},{"damage":3,"enemies":"Giant Head","floor":44,"turns":5},{"damage":9,"enemies":"Nemesis","floor":46,"turns":3},{"damage":0,"enemies":"Writhing Mass","floor":47,"turns":2},{"damage":0,"enemies":"Reptomancer","floor":48,"turns":2},{"damage":96,"enemies":"Time Eater","floor":50,"turns":9}],"seed_played":"-6571674497529302598","potions_obtained":[{"floor":10,"key":"Explosive Potion"},{"floor":13,"key":"FearPotion"},{"floor":14,"key":"Poison Potion"},{"floor":16,"key":"AttackPotion"},{"floor":22,"key":"Swift Potion"},{"floor":28,"key":"Fire Potion"},{"floor":29,"key":"Swift Potion"},{"floor":35,"key":"Poison Potion"},{"floor":38,"key":"Poison Potion"},{"floor":40,"key":"Fire Potion"},{"floor":46,"key":"SteroidPotion"},{"floor":47,"key":"Fire Potion"}],"is_trial":false,"path_per_floor":["M","?","M","T","$","R","E","R","T","M","E","?","E","M","R","B",null,"M","?","?","?","M","E","?","R","T","E","M","E","M","E","R","B",null,"M","?","?","M","M","E","M","R","T","E","$","E","M","E","R","B"],"character_chosen":"IRONCLAD","items_purchased":["HandDrill","Incense Burner","Lantern","Entrench","AttackPotion"],"campfire_rested":3,"item_purchase_floors":[45,45,45,45,45],"current_hp_per_floor":[80,80,80,80,80,80,80,80,80,80,71,71,59,67,67,75,79,79,64,58,58,29,24,24,49,49,60,54,59,67,71,92,13,72,84,84,84,91,92,64,64,91,91,92,92,92,92,92,92,0],"gold":678,"neow_bonus":"THREE_ENEMY_KILL","is_prod":false,"is_daily":false,"chose_seed":false,"campfire_upgraded":3,"win_rate":0,"timestamp":1552755990,"path_taken":["M","?","M","?","$","R","E","R","T","M","E","?","E","M","R","BOSS","M","?","?","?","?","E","?","R","T","E","M","E","M","E","R","BOSS","M","?","?","?","?","E","M","R","T","E","$","E","M","E","R","BOSS"],"build_version":"2019-01-23","purchased_purges":1,"victory":false,"max_hp_per_floor":[80,80,80,80,80,80,80,80,80,80,80,80,80,80,80,80,80,80,85,85,85,85,85,85,85,85,92,92,92,92,92,92,92,92,92,92,92,92,92,92,92,92,92,92,92,92,92,92,92,92],"card_choices":[{"not_picked":["Wild Strike","Sword Boomerang"],"picked":"Armaments","floor":1},{"not_picked":["Metallicize","Intimidate"],"picked":"Twin Strike","floor":3},{"not_picked":["Flex","Heavy Blade"],"picked":"Spot Weakness","floor":7},{"not_picked":["Sever Soul","Cleave","Havoc"],"picked":"SKIP","floor":10},{"not_picked":["Seeing Red","Dual Wield"],"picked":"Immolate","floor":11},{"not_picked":["Flame Barrier","Uppercut"],"picked":"Infernal Blade","floor":13},{"not_picked":["Corruption","Flex"],"picked":"Infernal Blade","floor":14},{"not_picked":["Brutality","Fiend Fire"],"picked":"Bludgeon","floor":16},{"not_picked":["Body Slam","Uppercut"],"picked":"Seeing Red+1","floor":18},{"not_picked":["Anger","Pommel Strike+1"],"picked":"Iron Wave","floor":22},{"not_picked":["Infernal Blade","Power Through+1"],"picked":"Shrug It Off","floor":23},{"not_picked":["Heavy Blade","Sword Boomerang"],"picked":"Twin Strike+1","floor":27},{"not_picked":["Armaments","Clothesline+1"],"picked":"Clash+1","floor":28},{"not_picked":["True Grit+1","Perfected Strike","Whirlwind"],"picked":"SKIP","floor":29},{"not_picked":["Twin Strike","Whirlwind","Heavy Blade"],"picked":"SKIP","floor":30},{"not_picked":["Wild Strike+1","Pommel Strike+1"],"picked":"Limit Break","floor":31},{"not_picked":["Bludgeon","Dark Embrace"],"picked":"Berserk","floor":33},{"not_picked":["Cleave","Iron Wave"],"picked":"Shrug It Off+1","floor":35},{"not_picked":["Hemokinesis","Whirlwind"],"picked":"Rage+1","floor":38},{"not_picked":["Anger","Pummel+1"],"picked":"Armaments+1","floor":39},{"not_picked":["Thunderclap+1","Fire Breathing+1"],"picked":"Warcry+1","floor":40},{"not_picked":["Cleave+1","Body Slam"],"picked":"Pommel Strike+1","floor":41},{"not_picked":["Bludgeon","Havoc","Headbutt"],"picked":"SKIP","floor":44},{"not_picked":["Twin Strike+1","Pommel Strike","Clothesline"],"picked":"SKIP","floor":46},{"not_picked":["Combust+1","Carnage","Flex"],"picked":"SKIP","floor":47},{"not_picked":["Thunderclap","Twin Strike"],"picked":"Iron Wave+1","floor":48}],"player_experience":345123,"relics_obtained":[{"floor":7,"key":"Blood Vial"},{"floor":9,"key":"PreservedInsect"},{"floor":11,"key":"Pen Nib"},{"floor":13,"key":"Old Coin"},{"floor":23,"key":"MawBank"},{"floor":23,"key":"Oddly Smooth Stone"},{"floor":26,"key":"Anchor"},{"floor":27,"key":"StoneCalendar"},{"floor":27,"key":"Strawberry"},{"floor":29,"key":"Shuriken"},{"floor":29,"key":"Happy Flower"},{"floor":31,"key":"Bronze Scales"},{"floor":31,"key":"Dodecahedron"},{"floor":40,"key":"Meat on the Bone"},{"floor":40,"key":"Smiling Mask"},{"floor":43,"key":"Boot"},{"floor":44,"key":"Orichalcum"},{"floor":44,"key":"War Paint"},{"floor":46,"key":"Mummified Hand"},{"floor":46,"key":"Whetstone"},{"floor":48,"key":"Regal Pillow"},{"floor":48,"key":"Gremlin Horn"}],"event_choices":[{"damage_healed":0,"gold_gain":0,"player_choice":"Leave","damage_taken":0,"max_hp_gain":0,"max_hp_loss":0,"event_name":"The Cleric","floor":2,"gold_loss":0},{"damage_healed":0,"gold_gain":74,"player_choice":"Gained Gold","damage_taken":0,"max_hp_gain":0,"max_hp_loss":0,"event_name":"Golden Wing","floor":12,"gold_loss":0},{"damage_healed":0,"gold_gain":0,"player_choice":"Shed Blood","damage_taken":20,"max_hp_gain":5,"max_hp_loss":0,"event_name":"Forgotten Altar","floor":19,"gold_loss":0},{"damage_healed":0,"gold_gain":0,"player_choice":"Joined the Cult","damage_taken":6,"max_hp_gain":0,"max_hp_loss":0,"event_name":"Nest","floor":20,"gold_loss":0,"cards_obtained":["RitualDagger"]},{"damage_healed":0,"gold_gain":0,"player_choice":"Opened","damage_taken":0,"relics_obtained":["Bag of Marbles"],"max_hp_gain":0,"max_hp_loss":0,"event_name":"The Mausoleum","floor":21,"gold_loss":0},{"damage_healed":0,"gold_gain":0,"player_choice":"Simplicity","damage_taken":0,"max_hp_gain":0,"max_hp_loss":0,"event_name":"Back to Basics","floor":24,"gold_loss":0,"cards_upgraded":["Strike_R","Strike_R","Strike_R","Strike_R","Strike_R","Defend_R","Defend_R","Defend_R","Defend_R"]},{"cards_removed":["Berserk"],"damage_healed":0,"gold_gain":0,"player_choice":"Removed Power","damage_taken":0,"max_hp_gain":0,"max_hp_loss":0,"event_name":"Falling","floor":36,"gold_loss":0},{"damage_healed":0,"gold_gain":0,"player_choice":"Rummage","damage_taken":0,"relics_obtained":["WarpedTongs"],"max_hp_gain":0,"max_hp_loss":0,"event_name":"Accursed Blacksmith","floor":37,"gold_loss":0,"cards_obtained":["Pain"]}],"is_beta":false,"boss_relics":[{"not_picked":["Orrery","Lizard Tail"],"picked":"Black Star"},{"not_picked":["Runic Cube","Philosopher\u0027s Stone"],"picked":"Black Blood"}],"items_purged_floors":[45],"is_endless":false,"potions_floor_spawned":[10,13,14,16,22,28,29,35,38,40,46,47],"killed_by":"Time Eater","ascension_level":5}