{"gold_per_floor":[112,125,144,144,163,491,491,504,504,176,188,199,299,311,311,413,413,426,437,450,476,489,489,504,519,519,553,570,570,121,135,135,240,240,258,358,368,36,36,0,0,0,69,85,96,96,107,123,123,123],"floor_reached":51,"playtime":2304,"items_purged":["Strike_R","Strike_R"],"score":830,"play_id":"60422068-dea1-48a0-b97e-2bd6b211ecec","local_time":"20181127203814","is_ascension_mode":true,"campfire_choices":[{"data":"Reaper","floor":7,"key":"SMITH"},{"data":"Inflame","floor":15,"key":"SMITH"},{"data":"Combust","floor":23,"key":"SMITH"},{"floor":29,"key":"REST"},{"floor":32,"key":"REST"},{"data":"Apotheosis","floor":41,"key":"SMITH"},{"data":"Combust","floor":49,"key":"SMITH"}],"neow_cost":"TEN_PERCENT_HP_LOSS","seed_source_timestamp":849474093694740,"circlet_count":0,"master_deck":["Defend_R","Defend_R","Defend_R","Defend_R","Bash","Bludgeon","Warcry","Immolate","Immolate","Reaper+1","Combust+1","Inflame+1","Reaper","Rage+1","Spot Weakness","Combust+1","Rupture+1","Brutality+1","Inflame+1","Cleave","Juggernaut+1","Rupture+1","Metallicize+1","Apotheosis+1","Rupture+1","Rage+1"],"relics":["Burning Blood","Old Coin","Mummified Hand","Meat on the Bone","Philosopher\u0027s Stone","Dream Catcher","Frozen Egg 2","Self Forming Clay","Bird Faced Urn","Empty Cage","Du-Vu Doll","Anchor","Red Mask","Blue Candle"],"potions_floor_usage":[6,12,16,20,24,24,37,45,45,47,50],"damage_taken":[{"damage":0,"enemies":"Cultist","floor":1,"turns":2},{"damage":3,"enemies":"2 Louse","floor":2,"turns":3},{"damage":7,"enemies":"Jaw Worm","floor":3,"turns":2},{"damage":0,"enemies":"Exordium Wildlife","floor":5,"turns":1},{"damage":35,"enemies":"Lagavulin","floor":6,"turns":4},{"damage":10,"enemies":"3 Louse","floor":8,"turns":2},{"damage":6,"enemies":"Blue Slaver","floor":11,"turns":3},{"damage":7,"enemies":"Looter","floor":12,"turns":3},{"damage":0,"enemies":"Large Slime","floor":14,"turns":3},{"damage":78,"enemies":"Hexaghost","floor":16,"turns":9},{"damage":5,"enemies":"Spheric Guardian","floor":18,"turns":3},{"damage":3,"enemies":"Shell Parasite","floor":19,"turns":2},{"damage":16,"enemies":"Snecko","floor":20,"turns":3},{"damage":20,"enemies":"Cultist and Chosen","floor":22,"turns":4},{"damage":18,"enemies":"Snake Plant","floor":24,"turns":3},{"damage":26,"enemies":"Chosen and Byrds","floor":25,"turns":5},{"damage":50,"enemies":"Book of Stabbing","floor":27,"turns":4},{"damage":26,"enemies":"Sentry and Sphere","floor":28,"turns":4},{"damage":25,"enemies":"Snake Plant","floor":31,"turns":4},{"damage":54,"enemies":"Automaton","floor":33,"turns":6},{"damage":12,"enemies":"3 Darklings","floor":35,"turns":2},{"damage":10,"enemies":"Mind Bloom Boss Battle","floor":36,"turns":5},{"damage":22,"enemies":"3 Shapes","floor":37,"turns":2},{"damage":4,"enemies":"3 Darklings","floor":44,"turns":3},{"damage":28,"enemies":"Writhing Mass","floor":45,"turns":3},{"damage":19,"enemies":"Transient","floor":47,"turns":5},{"damage":14,"enemies":"Maw","floor":48,"turns":5},{"damage":85,"enemies":"Time Eater","floor":50,"turns":9}],"seed_played":"-1172033927910377456","potions_obtained":[{"floor":2,"key":"FearPotion"},{"floor":11,"key":"Block Potion"},{"floor":12,"key":"FairyPotion"},{"floor":14,"key":"AttackPotion"},{"floor":16,"key":"Weak Potion"},{"floor":19,"key":"BloodPotion"},{"floor":22,"key":"AttackPotion"},{"floor":25,"key":"SpeedPotion"},{"floor":33,"key":"Energy Potion"},{"floor":44,"key":"Fire Potion"},{"floor":45,"key":"EssenceOfSteel"},{"floor":47,"key":"Ancient Potion"}],"is_trial":false,"path_per_floor":["M","M","M","?","M","E","R","M","T","$","M","M","?","M","R","B",null,"M","M","M","T","M","R","M","M","T","E","M","R","$","M","R","B",null,"M","?","M","$","?","?","R","$","T","M","M","$","M","M","R","B",null],"character_chosen":"IRONCLAD","items_purchased":["Meat on the Bone","Combust","Bird Faced Urn","Inflame+1","Anchor","Metallicize+1"],"campfire_rested":2,"item_purchase_floors":[10,10,30,30,38,38],"current_hp_per_floor":[72,72,71,71,72,43,43,54,54,54,54,53,53,69,69,21,72,72,72,70,70,64,64,64,56,56,32,24,45,45,47,68,45,72,72,72,72,72,72,72,72,72,72,72,67,67,72,72,72,53],"gold":123,"neow_bonus":"THREE_RARE_CARDS","is_prod":false,"is_daily":false,"chose_seed":false,"campfire_upgraded":5,"win_rate":0,"timestamp":1543347494,"path_taken":["M","M","?","?","?","E","R","M","T","?","?","M","?","M","R","BOSS","M","M","?","?","M","R","M","?","T","E","M","R","$","M","R","BOSS","M","?","M","$","?","?","R","?","T","M","M","?","M","M","R","BOSS"],"build_version":"2018-11-15","purchased_purges":2,"victory":true,"max_hp_per_floor":[72,72,72,72,72,72,72,72,72,72,72,72,72,72,72,72,72,72,72,72,72,72,72,72,72,72,72,72,72,72,72,72,72,72,72,72,72,72,72,72,72,72,72,72,72,72,72,72,72,72],"card_choices":[{"not_picked":["Impervious","Offering"],"picked":"Bludgeon","floor":0},{"not_picked":["Clothesline","Armaments"],"picked":"Warcry","floor":1},{"not_picked":["Sword Boomerang","Pommel Strike"],"picked":"Immolate","floor":2},{"not_picked":["Cleave","Wild Strike","Infernal Blade"],"picked":"SKIP","floor":3},{"not_picked":["True Grit","Shrug It Off","Heavy Blade"],"picked":"SKIP","floor":5},{"not_picked":["Burning Pact","Anger"],"picked":"Reaper","floor":6},{"not_picked":["Sword Boomerang","Reckless Charge","Twin Strike"],"picked":"SKIP","floor":8},{"not_picked":["Flame Barrier","Clothesline","Disarm"],"picked":"SKIP","floor":11},{"not_picked":["Power Through","Clothesline","Disarm"],"picked":"SKIP","floor":12},{"not_picked":["Pommel Strike","Blood for Blood"],"picked":"Inflame","floor":14},{"not_picked":["Immolate","Exhume"],"picked":"Reaper","floor":16},{"not_picked":["Shrug It Off","Clothesline+1"],"picked":"Rage+1","floor":18},{"not_picked":["Searing Blow","Whirlwind"],"picked":"Spot Weakness","floor":19},{"not_picked":["Carnage","Cleave","Perfected Strike"],"picked":"SKIP","floor":20},{"not_picked":["Whirlwind+1","Disarm","Hemokinesis"],"picked":"SKIP","floor":22},{"not_picked":["Shockwave","Pommel Strike"],"picked":"Combust","floor":24},{"not_picked":["Thunderclap","Perfected Strike","Headbutt"],"picked":"SKIP","floor":25},{"not_picked":["Body Slam+1","Twin Strike"],"picked":"Rupture+1","floor":27},{"not_picked":["Headbutt","Heavy Blade","Corruption+1"],"picked":"SKIP","floor":28},{"not_picked":["Clash+1","True Grit+1"],"picked":"Brutality+1","floor":29},{"not_picked":["Clothesline","Thunderclap","Corruption+1"],"picked":"SKIP","floor":31},{"not_picked":["Feel No Pain+1","Seeing Red+1"],"picked":"Cleave","floor":32},{"not_picked":["Limit Break","Impervious"],"picked":"Juggernaut+1","floor":33},{"not_picked":["Fire Breathing+1","Iron Wave+1"],"picked":"Rupture+1","floor":35},{"not_picked":["Flex","Clothesline+1","Wild Strike+1"],"picked":"SKIP","floor":37},{"not_picked":["Panacea","Finesse"],"picked":"Apotheosis","floor":39},{"not_picked":["Pommel Strike","Sword Boomerang"],"picked":"Rupture+1","floor":44},{"not_picked":["Battle Trance+1","Spot Weakness","Combust+1"],"picked":"SKIP","floor":45},{"not_picked":["Armaments+1","Heavy Blade","Anger+1"],"picked":"SKIP","floor":47},{"not_picked":["Flex","Heavy Blade"],"picked":"Rage+1","floor":48}],"player_experience":317284,"relics_obtained":[{"floor":6,"key":"Old Coin"},{"floor":9,"key":"Mummified Hand"},{"floor":21,"key":"Dream Catcher"},{"floor":26,"key":"Frozen Egg 2"},{"floor":27,"key":"Self Forming Clay"},{"floor":36,"key":"Du-Vu Doll"},{"floor":43,"key":"Blue Candle"}],"event_choices":[{"damage_healed":0,"gold_gain":0,"cards_transformed":["Strike_R"],"player_choice":"Transformed","damage_taken":0,"max_hp_gain":0,"max_hp_loss":0,"event_name":"Transmorgrifier","floor":4,"gold_loss":0,"cards_obtained":["Immolate"]},{"damage_healed":0,"gold_gain":100,"player_choice":"Pray","damage_taken":0,"max_hp_gain":0,"max_hp_loss":0,"event_name":"Golden Shrine","floor":13,"gold_loss":0},{"damage_healed":0,"gold_gain":0,"player_choice":"Fight","damage_taken":0,"max_hp_gain":0,"max_hp_loss":0,"event_name":"MindBloom","floor":36,"gold_loss":0},{"damage_healed":0,"gold_gain":0,"player_choice":"Memory 1","damage_taken":0,"max_hp_gain":0,"max_hp_loss":0,"event_name":"SensoryStone","floor":39,"gold_loss":0},{"damage_healed":0,"gold_gain":0,"player_choice":"Paid","damage_taken":0,"relics_obtained":["Red Mask"],"max_hp_gain":0,"max_hp_loss":0,"event_name":"Tomb of Lord Red Mask","floor":40,"gold_loss":36}],"is_beta":false,"boss_relics":[{"not_picked":["Black Blood","Coffee Dripper"],"picked":"Philosopher\u0027s Stone"},{"not_picked":["Eternal Feather","Calling Bell"],"picked":"Empty Cage"}],"items_purged_floors":[30,38],"is_endless":false,"potions_floor_spawned":[2,11,12,14,16,19,22,25,33,35,44,45,47],"ascension_level":4}