{"gold_per_floor":[119,119,119,138,138,138,47,47,47,66,94,114,189,201,201,201],"floor_reached":16,"playtime":555,"items_purged":[],"score":125,"play_id":"b14f7929-3846-4c48-bdb8-6795f91da7c9","local_time":"20190316172925","is_ascension_mode":true,"campfire_choices":[{"floor":6,"key":"RECALL"},{"data":"Bash","floor":8,"key":"SMITH"},{"floor":15,"key":"REST"}],"neow_cost":"NONE","seed_source_timestamp":699651375509283,"circlet_count":0,"master_deck":["Strike_R","Strike_R","Strike_R","Strike_R","Strike_R","Defend_R","Defend_R","Defend_R","Defend_R","Bash+1","Twin Strike","Ghostly Armor","Bandage Up","Shrug It Off","Flex","Brutality"],"relics":["Burning Blood","FossilizedHelix","Du-Vu Doll","Anchor"],"potions_floor_usage":[14,16],"damage_taken":[{"damage":15,"enemies":"Small Slimes","floor":1,"turns":3},{"damage":0,"enemies":"Jaw Worm","floor":4,"turns":3},{"damage":0,"enemies":"2 Louse","floor":10,"turns":3},{"damage":33,"enemies":"Lagavulin","floor":11,"turns":7},{"damage":0,"enemies":"Blue Slaver","floor":12,"turns":3},{"damage":28,"enemies":"Large Slime","floor":14,"turns":6},{"damage":73,"enemies":"Slime Boss","floor":16,"turns":10}],"seed_played":"-3209190695875322666","potions_obtained":[{"floor":12,"key":"BloodPotion"},{"floor":14,"key":"Dexterity Potion"}],"is_trial":false,"path_per_floor":["M","?","T","M","$","R","$","R","T","M","E","M","?","M","R","B"],"character_chosen":"IRONCLAD","items_purchased":["Bandage Up"],"campfire_rested":1,"item_purchase_floors":[7],"current_hp_per_floor":[79,54,54,60,60,60,60,60,60,70,47,57,46,36,62,0],"gold":201,"neow_bonus":"TEN_PERCENT_HP_BONUS","is_prod":false,"is_daily":false,"chose_seed":false,"campfire_upgraded":1,"win_rate":0,"timestamp":1552753765,"path_taken":["M","?","?","M","$","R","?","R","T","M","E","M","?","?","R","BOSS"],"build_version":"2019-01-23","purchased_purges":0,"victory":false,"max_hp_per_floor":[88,88,88,88,88,88,88,88,88,88,88,88,88,88,88,88],"card_choices":[{"not_picked":["Clothesline","Headbutt"],"picked":"Twin Strike","floor":1},{"not_picked":["Clothesline","Heavy Blade"],"picked":"Ghostly Armor","floor":4},{"not_picked":["Pommel Strike","Sword Boomerang"],"picked":"Shrug It Off","floor":10},{"not_picked":["Heavy Blade","Thunderclap"],"picked":"Flex","floor":11},{"not_picked":["Pummel","Battle Trance"],"picked":"Brutality","floor":12},{"not_picked":["Clothesline","True Grit","Shockwave"],"picked":"SKIP","floor":14}],"player_experience":344568,"relics_obtained":[{"floor":3,"key":"Du-Vu Doll"},{"floor":11,"key":"Anchor"}],"event_choices":[{"damage_healed":0,"gold_gain":0,"player_choice":"Success","damage_taken":25,"relics_obtained":["FossilizedHelix"],"max_hp_gain":0,"max_hp_loss":0,"event_name":"Scrap Ooze","floor":2,"gold_loss":0},{"damage_healed":0,"gold_gain":75,"player_choice":"Gather Gold","damage_taken":11,"max_hp_gain":0,"max_hp_loss":0,"event_name":"World of Goop","floor":13,"gold_loss":0}],"is_beta":false,"boss_relics":[],"items_purged_floors":[],"is_endless":false,"potions_floor_spawned":[12,14],"killed_by":"Slime Boss","ascension_level":5}