{"gold_per_floor":[119,194,214,228,240,272,272,303,303,326,346,346,366,204,204,308,308,327,338,95,108,108],"floor_reached":22,"playtime":2715,"items_purged":["Strike_B","Strike_B"],"score":198,"play_id":"bb6c3ed3-109a-4a1d-bd2d-a0d2efe4a1c9","local_time":"20190626235107","is_ascension_mode":false,"campfire_choices":[{"data":"Streamline","floor":7,"key":"SMITH"},{"data":"Loop","floor":12,"key":"SMITH"},{"data":"Self Repair","floor":15,"key":"SMITH"}],"neow_cost":"NONE","seed_source_timestamp":669799911136487,"circlet_count":0,"master_deck":["Strike_B","Strike_B","Defend_B","Defend_B","Defend_B","Defend_B","Zap","Dualcast","Streamline+1","Cold Snap","Auto Shields","Self Repair+1","Loop+1","Streamline+1","Redo","Streamline+1","Capacitor","Ball Lightning+1","Amplify","Compile Driver+1","Compile Driver+1","Coolheaded+1"],"relics":["Cracked Core","Molten Egg 2","Juzu Bracelet","Meat on the Bone","Odd Mushroom","Dream Catcher"],"potions_floor_usage":[8],"damage_taken":[{"damage":0,"enemies":"Small Slimes","floor":1,"turns":3},{"damage":2,"enemies":"2 Louse","floor":3,"turns":4},{"damage":0,"enemies":"Cultist","floor":4,"turns":3},{"damage":29,"enemies":"Exordium Thugs","floor":5,"turns":5},{"damage":33,"enemies":"Lagavulin","floor":6,"turns":8},{"damage":7,"enemies":"3 Sentries","floor":8,"turns":7},{"damage":18,"enemies":"The Mushroom Lair","floor":10,"turns":5},{"damage":16,"enemies":"Large Slime","floor":11,"turns":4},{"damage":12,"enemies":"Blue Slaver","floor":13,"turns":4},{"damage":23,"enemies":"Hexaghost","floor":16,"turns":9},{"damage":22,"enemies":"Chosen","floor":18,"turns":6},{"damage":37,"enemies":"2 Thieves","floor":19,"turns":4},{"damage":30,"enemies":"Snake Plant","floor":21,"turns":6},{"damage":27,"enemies":"Snecko","floor":22,"turns":5}],"seed_played":"3210748058711239459","potions_obtained":[{"floor":3,"key":"Swift Potion"},{"floor":6,"key":"Regen Potion"},{"floor":8,"key":"LiquidBronze"},{"floor":10,"key":"Strength Potion"},{"floor":18,"key":"Ancient Potion"}],"is_trial":false,"path_per_floor":["M","?","M","M","M","E","R","E","T","?","M","R","M","$","R","B",null,"M","M","$","M","M"],"character_chosen":"DEFECT","items_purchased":["Capacitor","Ball Lightning+1","Dream Catcher"],"campfire_rested":0,"item_purchase_floors":[14,14,20],"current_hp_per_floor":[82,71,69,69,40,14,14,29,29,30,26,26,33,33,33,22,82,60,35,35,27,0],"gold":108,"neow_bonus":"TEN_PERCENT_HP_BONUS","is_prod":false,"is_daily":false,"chose_seed":false,"campfire_upgraded":3,"win_rate":0.0,"timestamp":1561560667,"path_taken":["M","?","M","M","M","E","R","E","T","?","M","R","M","$","R","BOSS","M","M","$","M","M"],"build_version":"2019-01-23","purchased_purges":2,"victory":false,"max_hp_per_floor":[82,82,82,82,82,82,82,82,82,82,82,82,82,82,82,82,82,82,82,82,82,82],"card_choices":[{"not_picked":["Sweeping Beam","Gash"],"picked":"Streamline","floor":1},{"not_picked":["Go for the Eyes","Fusion"],"picked":"Cold Snap","floor":3},{"not_picked":["Leap","Go for the Eyes"],"picked":"Auto Shields","floor":4},{"not_picked":["Multi-Cast","Gash"],"picked":"Self Repair","floor":5},{"not_picked":["Gash","Blizzard","Rainbow"],"picked":"SKIP","floor":6},{"not_picked":["Gash+1","Static Discharge"],"picked":"Loop","floor":8},{"not_picked":["Coolheaded","Hologram"],"picked":"Streamline+1","floor":10},{"not_picked":["Coolheaded","BootSequence"],"picked":"Redo","floor":11},{"not_picked":["Go for the Eyes+1","Double Energy"],"picked":"Streamline+1","floor":13},{"not_picked":["Thunder Strike+1","Reboot"],"picked":"Amplify","floor":16},{"not_picked":["Glacier","Conserve Battery+1"],"picked":"Compile Driver+1","floor":18},{"not_picked":["Go for the Eyes+1","BootSequence"],"picked":"Compile Driver+1","floor":19},{"not_picked":["Barrage+1","Genetic Algorithm"],"picked":"Coolheaded+1","floor":21}],"player_experience":38090,"relics_obtained":[{"floor":6,"key":"Molten Egg 2"},{"floor":8,"key":"Juzu Bracelet"},{"floor":9,"key":"Meat on the Bone"},{"floor":10,"key":"Odd Mushroom"}],"event_choices":[{"damage_healed":0,"gold_gain":75,"player_choice":"Gather Gold","damage_taken":11,"max_hp_gain":0,"max_hp_loss":0,"event_name":"World of Goop","floor":2,"gold_loss":0},{"damage_healed":0,"gold_gain":0,"player_choice":"Fought Mushrooms","damage_taken":0,"max_hp_gain":0,"max_hp_loss":0,"event_name":"Mushrooms","floor":10,"gold_loss":0}],"is_beta":false,"boss_relics":[{"not_picked":["Busted Crown","Runic Pyramid","Cursed Key"]}],"items_purged_floors":[14,20],"is_endless":false,"potions_floor_spawned":[3,6,8,10,13,18],"killed_by":"Snecko","ascension_level":0}