{"gold_per_floor":[116,116,136,136,150,178,137,151,151,13,42,42,59,74,74,171,171,185,185,125,125],"floor_reached":21,"playtime":3058,"items_purged":[],"score":189,"play_id":"a2177c51-ece2-4c2f-879e-6eb1f7a0c5d0","local_time":"20190818202853","is_ascension_mode":false,"campfire_choices":[{"floor":12,"key":"REST"},{"floor":15,"key":"REST"}],"neow_cost":"NONE","seed_source_timestamp":10202059264276,"circlet_count":0,"master_deck":["Strike_R","Strike_R","Strike_R","Strike_R","Strike_R","Defend_R","Defend_R","Defend_R","Defend_R","Headbutt","Anger","Pommel Strike","Dual Wield","Second Wind","Armaments","True Grit","Inflame","Barricade","Feel No Pain+1","Impervious+1","Brutality+1","Iron Wave+1","Strike_R","Rampage"],"relics":["Burning Blood","Blood Vial","Kunai","Paper Frog","Pear","Astrolabe"],"potions_floor_usage":[14,16,16,21],"damage_taken":[{"damage":2,"enemies":"Small Slimes","floor":1,"turns":5},{"damage":8,"enemies":"Jaw Worm","floor":3,"turns":5},{"damage":1,"enemies":"Cultist","floor":5,"turns":3},{"damage":24,"enemies":"Gremlin Nob","floor":6,"turns":4},{"damage":5,"enemies":"Looter","floor":8,"turns":3},{"damage":44,"enemies":"3 Sentries","floor":11,"turns":8},{"damage":18,"enemies":"3 Louse","floor":13,"turns":4},{"damage":0,"enemies":"Large Slime","floor":14,"turns":4},{"damage":58,"enemies":"The Guardian","floor":16,"turns":11},{"damage":49,"enemies":"Shell Parasite","floor":18,"turns":10},{"damage":21,"enemies":"2 Thieves","floor":20,"turns":4},{"damage":38,"enemies":"Cultist and Chosen","floor":21,"turns":6}],"seed_played":"7576020555043759503","potions_obtained":[{"floor":3,"key":"Swift Potion"},{"floor":8,"key":"Fire Potion"},{"floor":11,"key":"Strength Potion"},{"floor":16,"key":"Block Potion"}],"is_trial":false,"path_per_floor":["M","?","M","?","M","E","?","M","T","$","E","R","M","M","R","B",null,"M","?","M","M"],"character_chosen":"IRONCLAD","items_purchased":["Armaments","Whirlwind","Twin Strike"],"campfire_rested":2,"item_purchase_floors":[10,10,10],"current_hp_per_floor":[80,80,78,78,80,62,62,65,65,65,39,66,56,64,90,38,90,47,47,34,0],"gold":125,"neow_bonus":"RANDOM_COMMON_RELIC","is_prod":false,"is_daily":false,"chose_seed":false,"campfire_upgraded":0,"win_rate":0.0,"timestamp":1566131333,"path_taken":["M","?","M","?","M","E","?","M","T","$","E","R","M","M","R","BOSS","M","?","M","M"],"build_version":"2019-07-17","purchased_purges":0,"victory":false,"max_hp_per_floor":[80,80,80,80,80,80,80,80,80,80,90,90,90,90,90,90,90,90,90,90,90],"card_choices":[{"not_picked":["Shrug It Off","Rampage"],"picked":"Headbutt","floor":1},{"not_picked":["Disarm","Sword Boomerang"],"picked":"Anger","floor":3},{"not_picked":["Flex","Battle Trance"],"picked":"Pommel Strike","floor":5},{"not_picked":["Flex","Perfected Strike"],"picked":"Dual Wield","floor":6},{"not_picked":["Dark Embrace","Clothesline"],"picked":"Second Wind","floor":8},{"not_picked":["Combust","Perfected Strike"],"picked":"Iron Wave","floor":11},{"not_picked":["Blood for Blood","Headbutt"],"picked":"True Grit","floor":13},{"not_picked":["Power Through","Headbutt"],"picked":"Inflame","floor":14},{"not_picked":["Dark Embrace","Berserk"],"picked":"Barricade","floor":16},{"not_picked":["Headbutt","Sword Boomerang"],"picked":"Iron Wave+1","floor":18},{"not_picked":["True Grit","Hemokinesis"],"picked":"Rampage","floor":20}],"player_experience":11933,"relics_obtained":[{"floor":6,"key":"Kunai"},{"floor":9,"key":"Paper Frog"},{"floor":11,"key":"Pear"}],"event_choices":[{"damage_healed":0,"gold_gain":0,"player_choice":"Leave","damage_taken":0,"max_hp_gain":0,"max_hp_loss":0,"event_name":"The Cleric","floor":2,"gold_loss":0},{"damage_healed":0,"gold_gain":0,"player_choice":"Ignored","damage_taken":0,"max_hp_gain":0,"max_hp_loss":0,"event_name":"Golden Wing","floor":4,"gold_loss":0},{"damage_healed":0,"gold_gain":0,"player_choice":"Left Gold","damage_taken":0,"max_hp_gain":0,"max_hp_loss":0,"event_name":"World of Goop","floor":7,"gold_loss":41},{"cards_removed":["Bash"],"damage_healed":0,"gold_gain":0,"player_choice":"Took Card","damage_taken":0,"max_hp_gain":0,"max_hp_loss":0,"event_name":"NoteForYourself","floor":19,"gold_loss":0,"cards_obtained":["Strike_R"]}],"is_beta":false,"boss_relics":[{"not_picked":["Snecko Eye","Runic Pyramid"],"picked":"Astrolabe"}],"items_purged_floors":[],"is_endless":false,"potions_floor_spawned":[3,8,11,16],"killed_by":"Cultist and Chosen","ascension_level":0}