{"gold_per_floor":[109,109,125,135,310,310,339,309,309,371,371],"floor_reached":11,"playtime":762,"items_purged":[],"score":89,"play_id":"f2ae92ba-06c1-4363-ac6d-da9cfb733b7b","local_time":"20190104113338","is_ascension_mode":true,"campfire_choices":[{"floor":6,"key":"REST"}],"neow_cost":"NONE","seed_source_timestamp":439833143197012,"circlet_count":0,"master_deck":["Defend_G","Defend_G","Defend_G","Defend_G","Defend_G","Strike_G","Strike_G","Strike_G","Strike_G","Survivor","Neutralize","A Thousand Cuts","Predator","Backflip","Outmaneuver","Doubt","Cloak And Dagger","Quick Slash","Choke"],"relics":["Ring of the Snake","Shuriken","Omamori","Letter Opener"],"potions_floor_usage":[7,10],"damage_taken":[{"damage":9,"enemies":"Small Slimes","floor":1,"turns":3},{"damage":0,"enemies":"Jaw Worm","floor":3,"turns":3},{"damage":0,"enemies":"Cultist","floor":4,"turns":3},{"damage":30,"enemies":"3 Sentries","floor":7,"turns":12},{"damage":9,"enemies":"Looter","floor":8,"turns":4},{"damage":21,"enemies":"3 Sentries","floor":10,"turns":9},{"damage":27,"enemies":"Lagavulin","floor":11,"turns":3}],"seed_played":"-3619976193529047493","potions_obtained":[{"floor":4,"key":"AttackPotion"},{"floor":7,"key":"Poison Potion"},{"floor":10,"key":"Weak Potion"}],"is_trial":false,"path_per_floor":["M","?","M","M","?","R","E","M","T","?","E"],"character_chosen":"THE_SILENT","items_purchased":[],"campfire_rested":1,"item_purchase_floors":[],"current_hp_per_floor":[61,54,54,54,54,70,40,31,31,10,0],"gold":371,"neow_bonus":"ONE_RANDOM_RARE_CARD","is_prod":false,"is_daily":false,"chose_seed":false,"campfire_upgraded":0,"win_rate":0,"timestamp":1546569218,"path_taken":["M","?","M","M","?","R","E","?","T","?","E"],"build_version":"2019-01-03","purchased_purges":0,"victory":false,"max_hp_per_floor":[70,70,70,70,70,70,70,70,70,70,70],"card_choices":[{"not_picked":["Slice","Well Laid Plans"],"picked":"Predator","floor":1},{"not_picked":["Terror","Expertise"],"picked":"Backflip","floor":3},{"not_picked":["Slice","Expertise"],"picked":"Outmaneuver","floor":4},{"not_picked":["Underhanded Strike","Flechettes"],"picked":"Cloak And Dagger","floor":7},{"not_picked":["Bouncing Flask","After Image"],"picked":"Quick Slash","floor":8},{"not_picked":["Setup","Deadly Poison"],"picked":"Choke","floor":10}],"player_experience":140267,"relics_obtained":[{"floor":7,"key":"Shuriken"},{"floor":9,"key":"Omamori"},{"floor":10,"key":"Letter Opener"}],"event_choices":[{"cards_removed":["Strike_G"],"damage_healed":0,"gold_gain":0,"player_choice":"Card Removal","damage_taken":7,"max_hp_gain":0,"max_hp_loss":0,"event_name":"Golden Wing","floor":2,"gold_loss":0},{"damage_healed":0,"gold_gain":175,"player_choice":"AGREE","damage_taken":0,"max_hp_gain":0,"max_hp_loss":0,"event_name":"Liars Game","floor":5,"gold_loss":0,"cards_obtained":["Doubt"]},{"damage_healed":0,"gold_gain":0,"player_choice":"Searched \u00271\u0027 times","damage_taken":0,"max_hp_gain":0,"max_hp_loss":0,"event_name":"Dead Adventurer","floor":10,"gold_loss":0}],"is_beta":false,"boss_relics":[],"items_purged_floors":[],"is_endless":false,"potions_floor_spawned":[4,7,10],"killed_by":"Lagavulin","ascension_level":5}