{"gold_per_floor":[109,184,184,184,208,208,252,271,317,317,336,10,28,44,44,168,168,168,108,27,27,27,27,27,27,27,27,27,27,27,27,27,27,27,27,27,27,27,27,27,27,27,27,27,27,27,27,27,27,27],"floor_reached":51,"playtime":4527,"items_purged":[],"score":1151,"play_id":"b1bb5e50-fcc0-41be-8236-c462187f4bf3","local_time":"20190825171506","is_ascension_mode":true,"campfire_choices":[{"floor":6,"key":"REST"},{"floor":10,"key":"REST"},{"data":"Body Slam","floor":15,"key":"SMITH"},{"floor":23,"key":"REST"},{"data":"Metallicize","floor":27,"key":"SMITH"},{"data":"Flame Barrier","floor":32,"key":"SMITH"},{"floor":42,"key":"REST"},{"floor":49,"key":"REST"}],"neow_cost":"NONE","seed_source_timestamp":498464988315700,"circlet_count":0,"master_deck":["AscendersBane","Strike_R","Strike_R","Strike_R","Strike_R","Strike_R","Defend_R","Defend_R","Defend_R+1","Bash","Impervious+1","Perfected Strike","Cleave","Anger+1","Reaper","Flame Barrier+1","Armaments+1","Disarm+1","Body Slam+1","Barricade+1","True Grit+1","Enlightenment+1","Metallicize+1","Carnage+1","Power Through+1","Exhume+1","Iron Wave+1","True Grit+1","Warcry+1","True Grit+1","Body Slam","Second Wind+1","Body Slam+1"],"relics":["Burning Blood","Golden Idol","War Paint","Vajra","Toxic Egg 2","Ectoplasm","Happy Flower","Fusion Hammer","Dead Branch","Omamori","Meat on the Bone","Bronze Scales"],"potions_floor_usage":[16,16,21,24,24,24,29,31,33,33,38,44,47,48],"damage_taken":[{"damage":9,"enemies":"2 Louse","floor":1,"turns":4},{"damage":8,"enemies":"Small Slimes","floor":5,"turns":4},{"damage":50,"enemies":"3 Sentries","floor":7,"turns":9},{"damage":0,"enemies":"Jaw Worm","floor":8,"turns":3},{"damage":6,"enemies":"Gremlin Gang","floor":11,"turns":2},{"damage":15,"enemies":"Large Slime","floor":13,"turns":6},{"damage":6,"enemies":"Lots of Slimes","floor":14,"turns":4},{"damage":12,"enemies":"Hexaghost","floor":16,"turns":9},{"damage":46,"enemies":"Shell Parasite","floor":18,"turns":6},{"damage":9,"enemies":"2 Thieves","floor":19,"turns":3},{"damage":23,"enemies":"Shelled Parasite and Fungi","floor":21,"turns":4},{"damage":18,"enemies":"Centurion and Healer","floor":24,"turns":8},{"damage":9,"enemies":"Cultist and Chosen","floor":25,"turns":8},{"damage":20,"enemies":"3 Cultists","floor":29,"turns":7},{"damage":0,"enemies":"Centurion and Healer","floor":30,"turns":5},{"damage":28,"enemies":"Chosen and Byrds","floor":31,"turns":10},{"damage":0,"enemies":"Champ","floor":33,"turns":12},{"damage":3,"enemies":"3 Shapes","floor":35,"turns":5},{"damage":17,"enemies":"Orb Walker","floor":36,"turns":5},{"damage":0,"enemies":"Mind Bloom Boss Battle","floor":38,"turns":8},{"damage":28,"enemies":"Spire Growth","floor":39,"turns":6},{"damage":8,"enemies":"Nemesis","floor":40,"turns":5},{"damage":20,"enemies":"Transient","floor":44,"turns":5},{"damage":14,"enemies":"Reptomancer","floor":45,"turns":8},{"damage":42,"enemies":"3 Darklings","floor":46,"turns":5},{"damage":25,"enemies":"4 Shapes","floor":47,"turns":6},{"damage":12,"enemies":"Transient","floor":48,"turns":5},{"damage":35,"enemies":"Donu and Deca","floor":50,"turns":6}],"seed_played":"5954845617001711417","potions_obtained":[{"floor":8,"key":"Strength Potion"},{"floor":13,"key":"SteroidPotion"},{"floor":14,"key":"LiquidBronze"},{"floor":16,"key":"FearPotion"},{"floor":21,"key":"EntropicBrew"},{"floor":24,"key":"Dexterity Potion"},{"floor":25,"key":"Regen Potion"},{"floor":31,"key":"Swift Potion"},{"floor":35,"key":"Explosive Potion"},{"floor":36,"key":"AttackPotion"},{"floor":45,"key":"FairyPotion"},{"floor":46,"key":"Poison Potion"},{"floor":47,"key":"Block Potion"}],"is_trial":false,"path_per_floor":["M","?","?","?","M","R","E","M","T","R","M","$","M","M","R","B",null,"M","M","$","M","?","R","M","M","T","R","$","M","M","M","R","B",null,"M","M","$","?","M","E","?","R","T","M","E","M","M","M","R","B",null],"character_chosen":"IRONCLAD","items_purchased":["Toxic Egg 2","Armaments+1","Disarm+1","Enlightenment+1"],"campfire_rested":5,"item_purchase_floors":[12,12,12,20],"current_hp_per_floor":[69,58,38,31,29,53,9,15,15,39,39,39,40,60,60,54,74,43,40,40,23,23,47,62,69,69,69,69,65,76,72,72,80,80,80,76,76,80,58,61,61,80,80,66,72,57,55,61,80,51],"gold":27,"neow_bonus":"ONE_RANDOM_RARE_CARD","is_prod":false,"is_daily":false,"chose_seed":false,"campfire_upgraded":3,"win_rate":0,"timestamp":1566778506,"path_taken":["M","?","?","?","M","R","E","M","T","R","M","$","M","?","R","BOSS","M","?","$","M","?","R","M","M","T","R","$","M","M","M","R","BOSS","M","M","?","?","M","E","?","R","T","M","E","M","M","?","R","BOSS"],"build_version":"2019-07-17","purchased_purges":0,"victory":true,"max_hp_per_floor":[80,80,80,80,80,80,80,80,80,80,80,80,80,80,80,80,80,80,80,80,80,80,80,80,80,80,80,80,80,80,80,80,80,80,80,80,80,80,80,80,80,80,80,80,80,80,80,80,80,80],"card_choices":[{"not_picked":["Havoc","Pommel Strike"],"picked":"Perfected Strike","floor":1},{"not_picked":["Clothesline","Sword Boomerang"],"picked":"Cleave","floor":5},{"not_picked":["Clash","Hemokinesis"],"picked":"Anger","floor":7},{"not_picked":["Twin Strike","Corruption"],"picked":"Reaper","floor":8},{"not_picked":["Burning Pact","Shockwave"],"picked":"Flame Barrier","floor":11},{"not_picked":["Anger","Thunderclap"],"picked":"Body Slam","floor":13},{"not_picked":["Pommel Strike","Havoc+1","Clothesline"],"picked":"SKIP","floor":14},{"not_picked":["Bludgeon","Immolate"],"picked":"Barricade","floor":16},{"not_picked":["Pommel Strike","Flex+1"],"picked":"True Grit+1","floor":18},{"not_picked":["Cleave","Havoc+1","Clash"],"picked":"SKIP","floor":19},{"not_picked":["Clothesline","Cleave","Thunderclap+1"],"picked":"SKIP","floor":21},{"not_picked":["Thunderclap+1","Pommel Strike"],"picked":"Metallicize","floor":24},{"not_picked":["Flex+1","Rage+1","Heavy Blade"],"picked":"SKIP","floor":25},{"not_picked":["Heavy Blade","Armaments+1","Double Tap+1"],"picked":"SKIP","floor":29},{"not_picked":["Sword Boomerang","Rage+1"],"picked":"Carnage+1","floor":30},{"not_picked":["Shrug It Off+1","Warcry+1"],"picked":"Power Through+1","floor":31},{"not_picked":["Fiend Fire","Double Tap+1"],"picked":"Exhume+1","floor":33},{"not_picked":["Perfected Strike","Pommel Strike"],"picked":"Iron Wave+1","floor":35},{"not_picked":["Sword Boomerang+1","Carnage","Whirlwind+1"],"picked":"SKIP","floor":36},{"not_picked":["Sword Boomerang","Flex+1"],"picked":"True Grit+1","floor":38},{"not_picked":["Twin Strike","Burning Pact+1"],"picked":"Warcry+1","floor":39},{"not_picked":["Thunderclap","Second Wind+1"],"picked":"True Grit+1","floor":40},{"not_picked":["Armaments+1","Clothesline+1","Sever Soul+1"],"picked":"SKIP","floor":44},{"not_picked":["Cleave","Bloodletting+1"],"picked":"Body Slam","floor":45},{"not_picked":["Thunderclap+1","Brutality"],"picked":"Second Wind+1","floor":46},{"not_picked":["Second Wind+1","Thunderclap","Sword Boomerang"],"picked":"SKIP","floor":47},{"not_picked":["Sentinel+1","Sword Boomerang+1"],"picked":"Body Slam+1","floor":48}],"player_experience":177680,"relics_obtained":[{"floor":7,"key":"War Paint"},{"floor":9,"key":"Vajra"},{"floor":26,"key":"Happy Flower"},{"floor":38,"key":"Dead Branch"},{"floor":40,"key":"Omamori"},{"floor":43,"key":"Meat on the Bone"},{"floor":45,"key":"Bronze Scales"}],"event_choices":[{"damage_healed":0,"gold_gain":75,"player_choice":"Gather Gold","damage_taken":11,"max_hp_gain":0,"max_hp_loss":0,"event_name":"World of Goop","floor":2,"gold_loss":0},{"damage_healed":0,"gold_gain":0,"player_choice":"Take Damage","damage_taken":20,"relics_obtained":["Golden Idol"],"max_hp_gain":0,"max_hp_loss":0,"event_name":"Golden Idol","floor":3,"gold_loss":0},{"cards_removed":["Defend_R"],"damage_healed":0,"gold_gain":0,"player_choice":"Card Removal","damage_taken":7,"max_hp_gain":0,"max_hp_loss":0,"event_name":"Golden Wing","floor":4,"gold_loss":0},{"damage_healed":0,"gold_gain":0,"player_choice":"Forge","damage_taken":0,"max_hp_gain":0,"max_hp_loss":0,"event_name":"Accursed Blacksmith","floor":22,"gold_loss":0,"cards_upgraded":["Barricade"]},{"damage_healed":0,"gold_gain":0,"player_choice":"Fight","damage_taken":0,"max_hp_gain":0,"max_hp_loss":0,"event_name":"MindBloom","floor":38,"gold_loss":0},{"damage_healed":0,"gold_gain":0,"player_choice":"Upgraded","damage_taken":0,"max_hp_gain":0,"max_hp_loss":0,"event_name":"Upgrade Shrine","floor":41,"gold_loss":0,"cards_upgraded":["Anger"]}],"is_beta":false,"boss_relics":[{"not_picked":["Calling Bell","Eternal Feather"],"picked":"Ectoplasm"},{"not_picked":["White Beast Statue","Velvet Choker"],"picked":"Fusion Hammer"}],"items_purged_floors":[],"is_endless":false,"potions_floor_spawned":[8,13,14,16,21,24,25,31,35,36,45,46,47],"ascension_level":10}