{"gold_per_floor":[114,114,114,129,145,172,172,189,242,266,284,284,302,23,23,118,118,133,56,0,0,0,35,35,48,48,60,60,10,26,26,26,26],"floor_reached":33,"playtime":1346,"items_purged":["Writhe"],"score":292,"play_id":"ab1913f8-c5cc-4e3f-9bb7-f0086a4e6baf","local_time":"20180703181350","is_ascension_mode":true,"campfire_choices":[{"floor":7,"key":"REST"},{"floor":12,"key":"REST"},{"data":"Storm","floor":15,"key":"SMITH"},{"floor":24,"key":"REST"},{"floor":32,"key":"REST"}],"neow_cost":"NONE","seed_source_timestamp":200398499420641,"circlet_count":0,"master_deck":["Strike_B","Strike_B+1","Defend_B","Defend_B","Defend_B+1","Zap","Dualcast","Genetic Algorithm","Sweeping Beam","Doom and Gloom","Gash","Static Discharge","Sweeping Beam","FTL","FTL","Storm+1","All For One","Melter+1","Cold Snap+1","Beam Cell+1","Tempest","J.A.X.","Parasite","Zap","Rebound","Go for the Eyes","Ball Lightning+1"],"relics":["Cracked Core","Singing Bowl","Tiny Chest","Anchor","Mummified Hand","Astrolabe","Potion Belt","Smiling Mask","Toxic Egg 2"],"potions_floor_usage":[6,6,16,23,30,30,33],"damage_taken":[{"damage":10,"enemies":"2 Louse","floor":1,"turns":3},{"damage":3,"enemies":"Jaw Worm","floor":4,"turns":3},{"damage":12,"enemies":"Small Slimes","floor":5,"turns":2},{"damage":17,"enemies":"3 Sentries","floor":6,"turns":4},{"damage":4,"enemies":"Red Slaver","floor":8,"turns":4},{"damage":0,"enemies":"Exordium Wildlife","floor":11,"turns":2},{"damage":0,"enemies":"Gremlin Gang","floor":13,"turns":2},{"damage":32,"enemies":"The Guardian","floor":16,"turns":8},{"damage":22,"enemies":"2 Thieves","floor":18,"turns":3},{"damage":47,"enemies":"Slavers","floor":23,"turns":4},{"damage":0,"enemies":"Chosen","floor":25,"turns":3},{"damage":24,"enemies":"Snake Plant","floor":27,"turns":4},{"damage":5,"enemies":"Snecko","floor":30,"turns":4},{"damage":37,"enemies":"Champ","floor":33,"turns":7}],"seed_played":"62326953396377145","potions_obtained":[{"floor":4,"key":"Swift Potion"},{"floor":5,"key":"PowerPotion"},{"floor":8,"key":"SteroidPotion"},{"floor":13,"key":"LiquidBronze"},{"floor":23,"key":"Block Potion"},{"floor":25,"key":"LiquidBronze"},{"floor":27,"key":"Block Potion"}],"is_trial":false,"path_per_floor":["M","?","?","M","M","E","R","M","T","T","M","R","M","$","R","B",null,"M","?","?","?","?","E","R","M","T","M","?","$","M","$","R"],"character_chosen":"DEFECT","items_purchased":["Mummified Hand","Storm"],"campfire_rested":4,"item_purchase_floors":[14,14],"current_hp_per_floor":[65,50,50,47,35,18,40,36,36,36,36,58,58,58,58,26,75,53,53,53,53,53,6,28,30,30,8,8,8,3,3,26,0],"gold":26,"neow_bonus":"THREE_CARDS","is_prod":false,"is_daily":false,"chose_seed":false,"campfire_upgraded":1,"win_rate":0,"timestamp":1530634430,"path_taken":["M","?","?","?","M","E","R","M","T","?","M","R","?","?","R","BOSS","M","?","?","?","?","E","R","M","T","M","?","$","M","$","R","BOSS"],"build_version":"2018-06-28","purchased_purges":1,"victory":false,"max_hp_per_floor":[75,75,75,75,75,75,75,75,75,75,75,75,75,75,75,75,75,75,75,75,75,75,75,75,77,77,79,79,79,79,79,79,79],"card_choices":[{"not_picked":["Fusion","Consume"],"picked":"Genetic Algorithm","floor":0},{"not_picked":["Hologram","Leap"],"picked":"Sweeping Beam","floor":1},{"not_picked":["Stack","Turbo"],"picked":"Doom and Gloom","floor":4},{"not_picked":["Barrage","Cold Snap"],"picked":"Gash","floor":5},{"not_picked":["Fusion","Barrage"],"picked":"Static Discharge","floor":6},{"not_picked":["Cold Snap","Stack"],"picked":"Sweeping Beam","floor":8},{"not_picked":["Beam Cell","Buffer"],"picked":"FTL","floor":11},{"not_picked":["Redo","Genetic Algorithm"],"picked":"FTL","floor":13},{"not_picked":["Biased Cognition","Electrodynamics"],"picked":"All For One","floor":16},{"not_picked":["Leap","Darkness"],"picked":"Tempest","floor":18},{"not_picked":["Steam","Sunder"],"picked":"Go for the Eyes","floor":23},{"not_picked":["Force Field","Rip and Tear","Rebound"],"picked":"Singing Bowl","floor":25},{"not_picked":["Barrage","Darkness","Compile Driver"],"picked":"Singing Bowl","floor":27},{"not_picked":["Go for the Eyes","Aggregate+1"],"picked":"Ball Lightning+1","floor":30}],"player_experience":165415,"relics_obtained":[{"floor":6,"key":"Singing Bowl"},{"floor":9,"key":"Tiny Chest"},{"floor":10,"key":"Anchor"},{"floor":23,"key":"Potion Belt"},{"floor":26,"key":"Smiling Mask"}],"event_choices":[{"event_name":"Shining Light","player_choice":"Entered Light","floor":2,"damage_taken":0},{"event_name":"Golden Wing","player_choice":"Ignored","floor":3,"damage_taken":0},{"event_name":"Drug Dealer","player_choice":"Got JAXXED","floor":19,"damage_taken":0},{"event_name":"Masked Bandits","player_choice":"Paid Bandits 56 gold","floor":20,"damage_taken":0},{"event_name":"Match and Keep!","player_choice":"3 cards matched","floor":21,"damage_taken":0},{"event_name":"Beggar","player_choice":"Ignored","floor":22,"damage_taken":0},{"event_name":"The Mausoleum","player_choice":"Yes","floor":28,"damage_taken":0}],"boss_relics":[{"not_picked":["Velvet Choker","Tiny House"],"picked":"Astrolabe"}],"items_purged_floors":[29],"is_endless":false,"potions_floor_spawned":[4,5,8,13,23,25,27],"killed_by":"Champ","ascension_level":2}