{"gold_per_floor":[117,392,407,17,32,60,60,70,70,433,468,480,480,507,507,583,583,595,615,141,141],"floor_reached":21,"playtime":1257,"items_purged":["Regret","Decay"],"score":378,"play_id":"59015fc6-4851-4761-93ac-57453feb487b","local_time":"20190830122805","is_ascension_mode":true,"campfire_choices":[{"floor":13,"key":"REST"},{"data":"Clothesline","floor":15,"key":"SMITH"}],"neow_cost":"CURSE","seed_source_timestamp":916545064296700,"circlet_count":0,"master_deck":["AscendersBane","Strike_R","Strike_R","Strike_R","Strike_R","Strike_R","Defend_R","Defend_R","Defend_R","Defend_R","Bash","Anger","Immolate","Evolve","Clothesline+1","Headbutt","Feel No Pain","Feed","Dark Embrace","Exhume","True Grit","Wild Strike","Corruption","Transmutation","Bandage Up"],"relics":["Burning Blood","Champion Belt","Orichalcum","Centennial Puzzle","Sundial","Old Coin","Art of War","Bronze Scales","Mark of Pain"],"potions_floor_usage":[7,11,12,14],"damage_taken":[{"damage":6,"enemies":"Cultist","floor":1,"turns":4},{"damage":9,"enemies":"Small Slimes","floor":3,"turns":3},{"damage":0,"enemies":"2 Louse","floor":5,"turns":1},{"damage":36,"enemies":"Gremlin Nob","floor":6,"turns":5},{"damage":10,"enemies":"Blue Slaver","floor":8,"turns":4},{"damage":24,"enemies":"3 Sentries","floor":10,"turns":6},{"damage":6,"enemies":"Lagavulin","floor":11,"turns":5},{"damage":7,"enemies":"3 Louse","floor":12,"turns":3},{"damage":8,"enemies":"Gremlin Nob","floor":14,"turns":4},{"damage":30,"enemies":"Hexaghost","floor":16,"turns":10},{"damage":8,"enemies":"3 Byrds","floor":18,"turns":5},{"damage":43,"enemies":"Spheric Guardian","floor":19,"turns":6},{"damage":43,"enemies":"3 Cultists","floor":21,"turns":5}],"seed_played":"-3839083885651221102","potions_obtained":[{"floor":1,"key":"SteroidPotion"},{"floor":5,"key":"Weak Potion"},{"floor":6,"key":"Fruit Juice"},{"floor":11,"key":"AttackPotion"},{"floor":12,"key":"Block Potion"}],"is_trial":false,"path_per_floor":["M","?","M","$","M","E","?","M","T","?","E","M","R","E","R","B",null,"M","M","$","M"],"character_chosen":"IRONCLAD","items_purchased":["Immolate","Orichalcum","Corruption","Transmutation","Bandage Up"],"campfire_rested":1,"item_purchase_floors":[4,4,20,20,20],"current_hp_per_floor":[68,68,65,65,71,41,51,47,47,29,29,31,57,55,55,31,74,72,35,35,0],"gold":141,"neow_bonus":"ONE_RARE_RELIC","is_prod":false,"is_daily":false,"chose_seed":false,"campfire_upgraded":1,"win_rate":0,"timestamp":1567193285,"path_taken":["M","?","M","$","?","E","?","M","T","?","E","M","R","E","R","BOSS","M","M","$","M"],"build_version":"2019-07-17","purchased_purges":2,"victory":false,"max_hp_per_floor":[75,75,75,75,75,75,85,85,85,85,85,88,88,88,88,88,88,88,88,88,91],"card_choices":[{"not_picked":["Pommel Strike","Searing Blow"],"picked":"Anger","floor":1},{"not_picked":["Sever Soul","Sentinel","Cleave"],"picked":"SKIP","floor":3},{"not_picked":["Bloodletting","Clothesline"],"picked":"Evolve","floor":5},{"not_picked":["Spot Weakness","Sentinel"],"picked":"Clothesline","floor":6},{"not_picked":["Iron Wave","True Grit"],"picked":"Headbutt","floor":8},{"not_picked":["True Grit","Clash"],"picked":"Feel No Pain","floor":10},{"not_picked":["Armaments","Body Slam"],"picked":"Feed","floor":11},{"not_picked":["Headbutt","Iron Wave","Hemokinesis"],"picked":"SKIP","floor":12},{"not_picked":["Combust","Rupture"],"picked":"Dark Embrace","floor":14},{"not_picked":["Double Tap","Brutality"],"picked":"Exhume","floor":16},{"not_picked":["Sword Boomerang","Iron Wave"],"picked":"True Grit","floor":18},{"not_picked":["Rampage","Sword Boomerang+1"],"picked":"Wild Strike","floor":19}],"player_experience":320945,"relics_obtained":[{"floor":6,"key":"Centennial Puzzle"},{"floor":9,"key":"Sundial"},{"floor":10,"key":"Old Coin"},{"floor":11,"key":"Art of War"},{"floor":14,"key":"Bronze Scales"}],"event_choices":[{"damage_healed":0,"gold_gain":275,"player_choice":"Desecrate","damage_taken":0,"max_hp_gain":0,"max_hp_loss":0,"event_name":"Golden Shrine","floor":2,"gold_loss":0,"cards_obtained":["Regret"]},{"damage_healed":0,"gold_gain":0,"player_choice":"Donut","damage_taken":0,"max_hp_gain":5,"max_hp_loss":0,"event_name":"Big Fish","floor":7,"gold_loss":0},{"damage_healed":0,"gold_gain":0,"player_choice":"Searched \u00271\u0027 times","damage_taken":0,"max_hp_gain":0,"max_hp_loss":0,"event_name":"Dead Adventurer","floor":10,"gold_loss":0}],"is_beta":false,"boss_relics":[{"not_picked":["Runic Cube","Orrery"],"picked":"Mark of Pain"}],"items_purged_floors":[4,20],"is_endless":false,"potions_floor_spawned":[1,5,6,11,12],"killed_by":"3 Cultists","ascension_level":18}