{"gold_per_floor":[114,129,129,144,144,144,144,144,144,149,199,134,164,179,179,279,279,294,120,120,62,62,92,107,122,122,222,252,252,267,282,282,382,382,397,397,412,412,232,262,277,277,277,197,197,97,112,127,127,127],"floor_reached":51,"playtime":2600,"items_purged":["Flying Knee","Endless Agony","Outmaneuver"],"score":888,"play_id":"a0ce5807-4407-4832-8832-c71a1208bacc","local_time":"20190829204558","daily_mods":["Draft","Vintage","Lethality"],"is_ascension_mode":false,"campfire_choices":[{"data":"Accuracy","floor":6,"key":"SMITH"},{"data":"Blade Dance","floor":8,"key":"SMITH"},{"data":"Blade Dance","floor":15,"key":"SMITH"},{"data":"Skewer","floor":29,"key":"SMITH"},{"floor":32,"key":"REST"},{"floor":42,"key":"REST"},{"data":"Phantasmal Killer","floor":49,"key":"SMITH"}],"neow_cost":"","seed_source_timestamp":0,"circlet_count":0,"master_deck":["Blade Dance+1","Dodge and Roll","Slice+1","Skewer+1","Dash","Blade Dance+1","Well Laid Plans","Slice","Endless Agony+1","Dash+1","Blade Dance+1","Slice+1","Accuracy+1","Blur","Backstab+1","Slice+1","Adrenaline","Finisher+1","Phantasmal Killer+1","Infinite Blades+1","Backstab+1"],"special_seed":18138,"relics":["Ring of the Snake","Darkstone Periapt","Question Card","Molten Egg 2","The Courier","Odd Mushroom","Ninja Scroll","Frozen Egg 2","Sozu","Nunchaku","Strawberry","Oddly Smooth Stone","Happy Flower","Lantern","Singing Bowl","Tough Bandages","Paper Crane","Mummified Hand","Bottled Lightning","Pear","Black Star","Whetstone","Omamori","Art of War","Dream Catcher","Gremlin Horn","Mercury Hourglass","Boot"],"potions_floor_usage":[50],"damage_taken":[{"damage":0,"enemies":"Jaw Worm","floor":1,"turns":1},{"damage":0,"enemies":"Small Slimes","floor":2,"turns":2},{"damage":0,"enemies":"2 Louse","floor":4,"turns":1},{"damage":0,"enemies":"The Mushroom Lair","floor":10,"turns":2},{"damage":0,"enemies":"Lagavulin","floor":13,"turns":2},{"damage":0,"enemies":"2 Fungi Beasts","floor":14,"turns":1},{"damage":33,"enemies":"The Guardian","floor":16,"turns":5},{"damage":0,"enemies":"2 Thieves","floor":18,"turns":1},{"damage":8,"enemies":"Book of Stabbing","floor":23,"turns":2},{"damage":0,"enemies":"Shell Parasite","floor":24,"turns":1},{"damage":0,"enemies":"3 Cultists","floor":25,"turns":3},{"damage":0,"enemies":"Colosseum Slavers","floor":27,"turns":1},{"damage":0,"enemies":"Colosseum Nobs","floor":27,"turns":1},{"damage":10,"enemies":"Slavers","floor":28,"turns":2},{"damage":0,"enemies":"Snake Plant","floor":30,"turns":1},{"damage":0,"enemies":"Snecko","floor":31,"turns":2},{"damage":3,"enemies":"Automaton","floor":33,"turns":3},{"damage":1,"enemies":"Orb Walker","floor":35,"turns":2},{"damage":12,"enemies":"3 Darklings","floor":37,"turns":2},{"damage":2,"enemies":"Giant Head","floor":40,"turns":4},{"damage":0,"enemies":"Maw","floor":41,"turns":4},{"damage":0,"enemies":"Jaw Worm Horde","floor":47,"turns":1},{"damage":10,"enemies":"4 Shapes","floor":48,"turns":1},{"damage":42,"enemies":"Donu and Deca","floor":50,"turns":3}],"seed_played":"4996878877352325643","potions_obtained":[{"floor":4,"key":"Strength Potion"},{"floor":14,"key":"SpeedPotion"}],"is_trial":false,"path_per_floor":["M","M","?","M","?","R","?","R","T","?","?","$","E","M","R","B",null,"M","$","?","$","$","E","M","M","T","?","E","R","M","M","R","B",null,"M","?","M","?","$","E","M","R","T","$","?","$","M","M","R","B",null],"character_chosen":"THE_SILENT","items_purchased":["Backstab+1","Strawberry","Finisher+1","Infinite Blades+1","Omamori"],"campfire_rested":2,"item_purchase_floors":[12,19,19,21,39],"current_hp_per_floor":[70,70,70,70,56,56,61,61,61,61,61,61,61,61,61,28,75,75,82,82,82,82,74,74,74,74,76,68,68,68,78,96,95,98,97,97,85,85,85,85,85,102,102,102,104,104,104,94,94,52],"gold":127,"neow_bonus":"","is_prod":false,"is_daily":true,"chose_seed":false,"campfire_upgraded":5,"win_rate":0,"timestamp":1567136758,"path_taken":["M","M","?","M","?","R","?","R","T","?","?","?","E","M","R","BOSS","M","$","?","?","$","E","M","M","T","?","E","R","M","?","R","BOSS","M","?","?","?","$","E","M","R","T","$","?","?","?","M","R","BOSS"],"build_version":"2019-07-17","purchased_purges":3,"victory":true,"max_hp_per_floor":[70,70,70,70,70,70,75,75,75,75,75,75,75,75,75,75,75,75,82,82,82,82,82,82,82,82,84,86,86,86,96,96,98,98,98,98,98,98,98,100,100,102,102,102,104,104,104,104,104,104],"card_choices":[{"not_picked":["Cloak And Dagger","Sucker Punch"],"picked":"Blade Dance","floor":0},{"not_picked":["PiercingWail","Poisoned Stab"],"picked":"Dodge and Roll","floor":0},{"not_picked":["Sucker Punch","Bane"],"picked":"Slice","floor":0},{"not_picked":["Deadly Poison","Sucker Punch"],"picked":"Skewer","floor":0},{"not_picked":["Calculated Gamble","Flying Knee"],"picked":"Dash","floor":0},{"not_picked":["Flying Knee","Dash"],"picked":"Blade Dance","floor":0},{"not_picked":["Prepared","Poisoned Stab"],"picked":"Well Laid Plans","floor":0},{"not_picked":["Leg Sweep","Concentrate"],"picked":"Slice","floor":0},{"not_picked":["Deadly Poison","Leg Sweep"],"picked":"Flying Knee","floor":0},{"not_picked":["Flying Knee","Tactician"],"picked":"Endless Agony","floor":0},{"not_picked":["Acrobatics","Calculated Gamble"],"picked":"Endless Agony","floor":0},{"not_picked":["Bane","Poisoned Stab"],"picked":"Dash","floor":0},{"not_picked":["Bane","Poisoned Stab"],"picked":"Blade Dance","floor":0},{"not_picked":["Well Laid Plans","Crippling Poison"],"picked":"Slice","floor":0},{"not_picked":["Noxious Fumes","Backflip"],"picked":"Accuracy","floor":0},{"not_picked":["Dagger Throw+1","Leg Sweep","Sucker Punch+1"],"picked":"Blur","floor":10},{"not_picked":["Dagger Spray+1","Flechettes+1","Escape Plan"],"picked":"Slice+1","floor":13},{"not_picked":["Envenom+1","Wraith Form v2+1","Bullet Time"],"picked":"Adrenaline","floor":16},{"not_picked":["Tactician","Escape Plan+1","Finisher+1"],"picked":"Backstab+1","floor":23},{"not_picked":["Heel Hook+1","Dagger Spray+1","Blade Dance","Flechettes+1"],"picked":"Singing Bowl","floor":27},{"not_picked":["Endless Agony+1","Crippling Poison","Quick Slash+1","Bane+1"],"picked":"Singing Bowl","floor":28},{"not_picked":["Venomology","A Thousand Cuts+1","Phantasmal Killer","Bullet Time"],"picked":"Singing Bowl","floor":33},{"not_picked":["Concentrate","Leg Sweep","Bouncing Flask+1","Masterful Stab+1"],"picked":"Singing Bowl","floor":40},{"not_picked":["Slice+1","Blade Dance+1","Footwork+1","Eviscerate+1"],"picked":"Singing Bowl","floor":42},{"not_picked":["Chrysalis","Good Instincts","Dark Shackles","Blind"],"picked":"Singing Bowl","floor":45}],"player_experience":91629,"relics_obtained":[{"floor":1,"key":"Darkstone Periapt"},{"floor":2,"key":"Question Card"},{"floor":4,"key":"Molten Egg 2"},{"floor":9,"key":"The Courier"},{"floor":10,"key":"Odd Mushroom"},{"floor":13,"key":"Ninja Scroll"},{"floor":14,"key":"Frozen Egg 2"},{"floor":18,"key":"Nunchaku"},{"floor":23,"key":"Oddly Smooth Stone"},{"floor":24,"key":"Happy Flower"},{"floor":25,"key":"Lantern"},{"floor":26,"key":"Singing Bowl"},{"floor":27,"key":"Tough Bandages"},{"floor":27,"key":"Paper Crane"},{"floor":28,"key":"Mummified Hand"},{"floor":30,"key":"Bottled Lightning"},{"floor":31,"key":"Pear"},{"floor":37,"key":"Whetstone"},{"floor":40,"key":"Art of War"},{"floor":41,"key":"Dream Catcher"},{"floor":43,"key":"Gremlin Horn"},{"floor":47,"key":"Mercury Hourglass"},{"floor":48,"key":"Boot"}],"event_choices":[{"damage_healed":0,"gold_gain":0,"player_choice":"Ignored","damage_taken":0,"max_hp_gain":0,"max_hp_loss":0,"event_name":"Liars Game","floor":3,"gold_loss":0},{"damage_healed":0,"gold_gain":0,"player_choice":"Entered Light","damage_taken":14,"max_hp_gain":0,"max_hp_loss":0,"event_name":"Shining Light","floor":5,"gold_loss":0,"cards_upgraded":["Blade Dance","Slice"]},{"damage_healed":0,"gold_gain":0,"player_choice":"Donut","damage_taken":0,"max_hp_gain":5,"max_hp_loss":0,"event_name":"Big Fish","floor":7,"gold_loss":0},{"damage_healed":0,"gold_gain":0,"player_choice":"Fought Mushrooms","damage_taken":0,"max_hp_gain":0,"max_hp_loss":0,"event_name":"Mushrooms","floor":10,"gold_loss":0},{"damage_healed":0,"gold_gain":50,"player_choice":"Gained Gold","damage_taken":0,"max_hp_gain":0,"max_hp_loss":0,"event_name":"Golden Wing","floor":11,"gold_loss":0},{"damage_healed":0,"gold_gain":0,"player_choice":"2 cards matched","damage_taken":0,"max_hp_gain":0,"max_hp_loss":0,"event_name":"Match and Keep!","floor":20,"gold_loss":0,"cards_obtained":["Phantasmal Killer","Outmaneuver"]},{"damage_healed":0,"gold_gain":0,"player_choice":"Fight","damage_taken":0,"max_hp_gain":0,"max_hp_loss":0,"event_name":"Colosseum","floor":27,"gold_loss":0},{"damage_healed":0,"gold_gain":0,"player_choice":"Fought Nobs","damage_taken":0,"max_hp_gain":0,"max_hp_loss":0,"event_name":"Colosseum","floor":27,"gold_loss":0},{"damage_healed":0,"gold_gain":0,"player_choice":"Upgraded","damage_taken":0,"max_hp_gain":0,"max_hp_loss":0,"event_name":"Upgrade Shrine","floor":36,"gold_loss":0,"cards_upgraded":["Slice"]},{"damage_healed":0,"gold_gain":0,"player_choice":"Ignored","damage_taken":0,"max_hp_gain":0,"max_hp_loss":0,"event_name":"Tomb of Lord Red Mask","floor":38,"gold_loss":0},{"damage_healed":0,"gold_gain":0,"player_choice":"Memory 1","damage_taken":0,"max_hp_gain":0,"max_hp_loss":0,"event_name":"SensoryStone","floor":45,"gold_loss":0}],"is_beta":false,"boss_relics":[{"not_picked":["Coffee Dripper","HoveringKite"],"picked":"Sozu"},{"not_picked":["White Beast Statue","Astrolabe"],"picked":"Black Star"}],"items_purged_floors":[39,44,46],"is_endless":false,"potions_floor_spawned":[4,14,18,23,25,27,35,47,48],"ascension_level":0}