{"gold_per_floor":[119,294,304,304,316,351,351,371,371,446,446,460,479,479],"floor_reached":14,"playtime":953,"items_purged":[],"score":115,"play_id":"ab69c96e-3c4b-4d7c-8e68-efa6f3f07244","local_time":"20190824112957","is_ascension_mode":true,"campfire_choices":[{"data":"Berserk","floor":7,"key":"SMITH"},{"floor":11,"key":"REST"}],"neow_cost":"CURSE","seed_source_timestamp":394941220774000,"circlet_count":0,"master_deck":["Strike_R","Strike_R","Strike_R","Strike_R","Strike_R","Defend_R","Defend_R","Defend_R","Defend_R","Bash","Regret","Berserk+1","Shrug It Off","Doubt","Anger","Blind","Brutality","Dropkick","Shrug It Off","Sword Boomerang","Intimidate","Entrench","Rampage"],"special_seed":0,"relics":["Burning Blood","Bottled Flame","Question Card"],"potions_floor_usage":[6,6,14],"damage_taken":[{"damage":8.0,"enemies":"Jaw Worm","floor":1.0,"turns":3.0},{"damage":10.0,"enemies":"Small Slimes","floor":3.0,"turns":4.0},{"damage":2,"enemies":"Cultist","floor":5,"turns":3},{"damage":43,"enemies":"Lagavulin","floor":6,"turns":10},{"damage":14,"enemies":"Exordium Wildlife","floor":8,"turns":5},{"damage":33,"enemies":"Lots of Slimes","floor":12,"turns":6},{"damage":12,"enemies":"3 Louse","floor":13,"turns":6},{"damage":8,"enemies":"Exordium Thugs","floor":14,"turns":2}],"seed_played":"-3824391284940365766","potions_obtained":[{"floor":3.0,"key":"PowerPotion"},{"floor":5,"key":"Dexterity Potion"},{"floor":8,"key":"Block Potion"}],"is_trial":false,"path_per_floor":["M","?","M","?","M","E","R","M","T","?","R","M","M","M"],"character_chosen":"IRONCLAD","items_purchased":[],"campfire_rested":1,"item_purchase_floors":[],"current_hp_per_floor":[78,78,74,74,78,41,41,33,33,25,49,22,16,8],"gold":479,"neow_bonus":"THREE_RARE_CARDS","is_prod":false,"is_daily":false,"chose_seed":false,"campfire_upgraded":1,"win_rate":0,"timestamp":1566671397,"path_taken":["M","?","M","?","M","E","R","?","T","?","R","M","M","M"],"build_version":"2019-07-17","purchased_purges":0,"victory":false,"max_hp_per_floor":[80,80,80,80,80,80,80,80,80,80,80,80,80,80],"card_choices":[{"not_picked":["Brutality","Exhume"],"picked":"Berserk","floor":0.0},{"not_picked":["Warcry","Clothesline"],"picked":"Shrug It Off","floor":1.0},{"not_picked":["Pummel","Sword Boomerang"],"picked":"Anger","floor":3.0},{"not_picked":["Rampage","Perfected Strike"],"picked":"Shrug It Off","floor":5},{"not_picked":["Offering","Searing Blow"],"picked":"Sword Boomerang","floor":6},{"not_picked":["Clothesline","True Grit"],"picked":"Intimidate","floor":8},{"not_picked":["Spot Weakness","Twin Strike","Headbutt"],"picked":"Entrench","floor":12},{"not_picked":["Clash","Pummel","Twin Strike"],"picked":"Rampage","floor":13}],"player_experience":126573,"relics_obtained":[{"floor":6,"key":"Bottled Flame"},{"floor":9,"key":"Question Card"}],"event_choices":[{"damage_healed":0.0,"max_hp_gain":0.0,"max_hp_loss":0.0,"gold_gain":175.0,"event_name":"Liars Game","player_choice":"AGREE","floor":2.0,"gold_loss":0.0,"damage_taken":0.0,"cards_obtained":["Doubt"]},{"damage_healed":0,"gold_gain":0,"player_choice":"3 cards matched","damage_taken":0,"max_hp_gain":0,"max_hp_loss":0,"event_name":"Match and Keep!","floor":4,"gold_loss":0,"cards_obtained":["Blind","Brutality","Dropkick"]},{"damage_healed":0,"gold_gain":0,"player_choice":"3 cards matched","damage_taken":0,"max_hp_gain":0,"max_hp_loss":0,"event_name":"Match and Keep!","floor":4,"gold_loss":0,"cards_obtained":["Blind","Brutality","Dropkick"]},{"damage_healed":0,"gold_gain":75,"player_choice":"Touch","damage_taken":8,"max_hp_gain":0,"max_hp_loss":0,"event_name":"FaceTrader","floor":10,"gold_loss":0}],"is_beta":false,"boss_relics":[],"items_purged_floors":[],"is_endless":false,"potions_floor_spawned":[3,5,8],"killed_by":"Exordium Thugs","ascension_level":5}