{"gold_per_floor":[115,128,144,159,12,12,43,63,140,140,151,151,161,336,336,440,440,452,452,27,46,58,58,20,20,47,61,73,73,91,102,102,199,199,209,223,223],"floor_reached":37,"playtime":3933,"items_purged":[],"score":427,"play_id":"d31bb58f-5958-4536-88d3-5293d9fc5466","local_time":"20190821133947","is_ascension_mode":false,"campfire_choices":[{"data":"Blood for Blood","floor":6,"key":"SMITH"},{"floor":10,"key":"REST"},{"floor":12,"key":"REST"},{"floor":15,"key":"REST"},{"floor":23,"key":"REST"},{"floor":25,"key":"REST"},{"floor":32,"key":"REST"}],"neow_cost":"NONE","seed_source_timestamp":243990723874640,"circlet_count":0,"master_deck":["Strike_R","Strike_R","Strike_R","Strike_R","Strike_R","Defend_R","Defend_R","Defend_R","Defend_R","Bash","Feed","Spot Weakness","Bloodletting","Blood for Blood+1","Pommel Strike","Inflame","Heavy Blade","Cleave","Immolate","Warcry","Battle Trance","Flex","Demon Form","Cleave","Panache","Rupture","Shrug It Off","Burning Pact","Armaments+1","Infernal Blade+1","Limit Break","Inflame","Reaper","Thunderclap+1","Evolve+1"],"relics":["Black Blood","Bottled Flame","Mercury Hourglass","Lizard Tail","Question Card","Orichalcum"],"potions_floor_usage":[11,16,18,22,28,31,33,35],"damage_taken":[{"damage":5,"enemies":"Cultist","floor":1,"turns":4},{"damage":12,"enemies":"2 Louse","floor":2,"turns":3},{"damage":1,"enemies":"Jaw Worm","floor":3,"turns":3},{"damage":21,"enemies":"Blue Slaver","floor":4,"turns":4},{"damage":34,"enemies":"Gremlin Nob","floor":7,"turns":4},{"damage":12,"enemies":"3 Louse","floor":8,"turns":3},{"damage":16,"enemies":"Large Slime","floor":11,"turns":3},{"damage":23,"enemies":"Exordium Thugs","floor":13,"turns":3},{"damage":74,"enemies":"Hexaghost","floor":16,"turns":7},{"damage":25,"enemies":"2 Thieves","floor":18,"turns":3},{"damage":13,"enemies":"3 Byrds","floor":21,"turns":3},{"damage":58,"enemies":"Shelled Parasite and Fungi","floor":22,"turns":5},{"damage":18,"enemies":"Centurion and Healer","floor":27,"turns":5},{"damage":10,"enemies":"Cultist and Chosen","floor":28,"turns":6},{"damage":20,"enemies":"Colosseum Slavers","floor":29,"turns":4},{"damage":5,"enemies":"3 Cultists","floor":30,"turns":3},{"damage":34,"enemies":"Centurion and Healer","floor":31,"turns":5},{"damage":88,"enemies":"Automaton","floor":33,"turns":10},{"damage":21,"enemies":"3 Darklings","floor":35,"turns":5},{"damage":34,"enemies":"3 Shapes","floor":36,"turns":3},{"damage":69,"enemies":"Transient","floor":37,"turns":5}],"seed_played":"-7297704632056331441","potions_obtained":[{"floor":1,"key":"SpeedPotion"},{"floor":8,"key":"PowerPotion"},{"floor":11,"key":"Swift Potion"},{"floor":21,"key":"PowerPotion"},{"floor":27,"key":"Weak Potion"},{"floor":30,"key":"AttackPotion"},{"floor":31,"key":"Energy Potion"},{"floor":33,"key":"Fire Potion"}],"is_trial":false,"path_per_floor":["M","M","M","M","$","R","E","M","T","R","M","R","M","?","R","B",null,"M","?","$","M","M","R","$","R","T","M","M","?","M","M","R","B",null,"M","M","M"],"character_chosen":"IRONCLAD","items_purchased":["Inflame","Heavy Blade","Cleave","Panache","Question Card","Burning Pact"],"campfire_rested":6,"item_purchase_floors":[5,5,5,20,20,24],"current_hp_per_floor":[83,80,85,70,70,70,42,39,39,65,55,81,64,64,89,21,89,70,70,70,63,11,37,37,63,63,51,50,36,37,12,40,33,95,92,68,0],"gold":223,"neow_bonus":"ONE_RANDOM_RARE_CARD","is_prod":false,"is_daily":false,"chose_seed":false,"campfire_upgraded":1,"win_rate":0.0,"timestamp":1566365987,"path_taken":["M","M","M","M","$","R","E","M","T","R","M","R","M","?","R","BOSS","M","?","$","M","?","R","$","R","T","M","?","?","M","M","R","BOSS","M","M","M"],"build_version":"2019-07-17","purchased_purges":0,"victory":false,"max_hp_per_floor":[83,86,86,86,86,86,86,89,89,89,89,89,89,89,89,89,89,89,89,89,89,89,89,89,89,89,89,92,92,92,95,95,95,95,95,95,95],"card_choices":[{"not_picked":["Iron Wave","Twin Strike"],"picked":"Spot Weakness","floor":1},{"not_picked":["Carnage","Warcry"],"picked":"Bloodletting","floor":2},{"not_picked":["Disarm","Rage"],"picked":"Blood for Blood","floor":3},{"not_picked":["Perfected Strike","Sword Boomerang"],"picked":"Pommel Strike","floor":4},{"not_picked":["Iron Wave","Feel No Pain"],"picked":"Immolate","floor":7},{"not_picked":["Hemokinesis","Power Through"],"picked":"Warcry","floor":8},{"not_picked":["Combust","Shockwave"],"picked":"Battle Trance","floor":11},{"not_picked":["Heavy Blade","Corruption"],"picked":"Flex","floor":13},{"not_picked":["Bludgeon","Offering"],"picked":"Demon Form","floor":16},{"not_picked":["Heavy Blade","Twin Strike"],"picked":"Cleave","floor":18},{"not_picked":["Perfected Strike","Clash","True Grit"],"picked":"Rupture","floor":21},{"not_picked":["Shockwave","Clothesline","Combust"],"picked":"Shrug It Off","floor":22},{"not_picked":["Reckless Charge","Uppercut","Flame Barrier"],"picked":"Armaments+1","floor":27},{"not_picked":["Pommel Strike","Second Wind","Corruption"],"picked":"Infernal Blade+1","floor":28},{"not_picked":["Searing Blow+1","Evolve","True Grit"],"picked":"Limit Break","floor":30},{"not_picked":["Hemokinesis+1","Anger+1","Combust"],"picked":"Inflame","floor":31},{"not_picked":["Bludgeon","Double Tap","Dark Embrace"],"picked":"Reaper","floor":33},{"not_picked":["Clothesline","Sword Boomerang","Iron Wave"],"picked":"Thunderclap+1","floor":35},{"not_picked":["Entrench","Wild Strike","Thunderclap"],"picked":"Evolve+1","floor":36}],"player_experience":40963,"relics_obtained":[{"floor":7,"key":"Bottled Flame"},{"floor":9,"key":"Mercury Hourglass"},{"floor":26,"key":"Orichalcum"}],"event_choices":[{"damage_healed":0,"gold_gain":175,"player_choice":"AGREE","damage_taken":0,"max_hp_gain":0,"max_hp_loss":0,"event_name":"Liars Game","floor":14,"gold_loss":0,"cards_obtained":["Doubt"]},{"cards_removed":["Doubt"],"damage_healed":0,"gold_gain":0,"player_choice":"Purged","damage_taken":0,"max_hp_gain":0,"max_hp_loss":0,"event_name":"Purifier","floor":19,"gold_loss":0},{"damage_healed":0,"gold_gain":0,"player_choice":"Fight","damage_taken":0,"max_hp_gain":0,"max_hp_loss":0,"event_name":"Colosseum","floor":29,"gold_loss":0},{"damage_healed":0,"gold_gain":0,"player_choice":"Fled From Nobs","damage_taken":0,"max_hp_gain":0,"max_hp_loss":0,"event_name":"Colosseum","floor":29,"gold_loss":0}],"is_beta":false,"boss_relics":[{"not_picked":["Busted Crown","Coffee Dripper"],"picked":"Lizard Tail"},{"not_picked":["Sozu","Black Star"],"picked":"Black Blood"}],"items_purged_floors":[],"is_endless":false,"potions_floor_spawned":[1,8,11,21,27,30,31,33],"killed_by":"Transient","ascension_level":0}