{"gold_per_floor":[110,110,129,145,165,196,208,208,232,256,272,272,272,292,292,396,396,415,429,78,91,91,119,72,172,196,47,62,76,76,95,95,95],"floor_reached":33,"playtime":3054,"items_purged":[],"score":271,"play_id":"ee1e08e4-727c-45a5-8ce8-de6ce0a31b3a","local_time":"20190820195708","is_ascension_mode":false,"campfire_choices":[{"data":"Perfected Strike","floor":8,"key":"SMITH"},{"floor":13,"key":"REST"},{"floor":15,"key":"REST"},{"floor":30,"key":"REST"},{"floor":32,"key":"REST"}],"neow_cost":"","seed_source_timestamp":479026122037600,"circlet_count":0,"master_deck":["Strike_R","Strike_R","Strike_R","Defend_R","Defend_R","Defend_R","Defend_R","Bash","Rampage","Pummel","Perfected Strike+1","Iron Wave","Combust","Bludgeon","Shrug It Off","Barricade","Rage+1","Pommel Strike","Fire Breathing","Swift Strike","Cleave","Seeing Red","Dropkick","Carnage","Flex","Perfected Strike","Rampage"],"relics":["Burning Blood","Regal Pillow","PreservedInsect","Oddly Smooth Stone","Fusion Hammer","Medical Kit","Bag of Marbles","Anchor","Ancient Tea Set"],"potions_floor_usage":[21,23],"damage_taken":[{"damage":12,"enemies":"2 Louse","floor":1,"turns":3},{"damage":1,"enemies":"Cultist","floor":3,"turns":3},{"damage":5,"enemies":"Small Slimes","floor":4,"turns":3},{"damage":22,"enemies":"3 Louse","floor":5,"turns":4},{"damage":27,"enemies":"Gremlin Nob","floor":6,"turns":4},{"damage":15,"enemies":"Exordium Thugs","floor":7,"turns":4},{"damage":24,"enemies":"Gremlin Gang","floor":11,"turns":4},{"damage":10,"enemies":"Large Slime","floor":14,"turns":4},{"damage":67,"enemies":"The Guardian","floor":16,"turns":14},{"damage":10,"enemies":"Chosen","floor":18,"turns":5},{"damage":14,"enemies":"2 Thieves","floor":19,"turns":4},{"damage":35,"enemies":"Snake Plant","floor":21,"turns":5},{"damage":32,"enemies":"Gremlin Leader","floor":23,"turns":5},{"damage":6,"enemies":"Snecko","floor":28,"turns":3},{"damage":34,"enemies":"Centurion and Healer","floor":29,"turns":5},{"damage":28,"enemies":"Shelled Parasite and Fungi","floor":31,"turns":5},{"damage":71,"enemies":"Champ","floor":33,"turns":9}],"seed_played":"1920992554155797392","potions_obtained":[{"floor":1,"key":"Regen Potion"},{"floor":4,"key":"Weak Potion"},{"floor":6,"key":"Fire Potion"},{"floor":12,"key":"Dexterity Potion"},{"floor":28,"key":"FairyPotion"},{"floor":31,"key":"EssenceOfSteel"}],"is_trial":false,"path_per_floor":["M","?","M","M","M","E","M","R","T","T","M","?","R","M","R","B",null,"M","M","$","M","?","E","$","?","T","$","M","M","R","M","R","B"],"character_chosen":"IRONCLAD","items_purchased":["Fire Breathing","Swift Strike","Medical Kit","Flex","Ancient Tea Set"],"campfire_rested":4,"item_purchase_floors":[20,20,20,24,27],"current_hp_per_floor":[74,74,79,80,64,43,34,34,34,34,16,16,55,51,80,19,80,76,68,68,48,48,22,22,22,22,22,22,14,53,31,70,0],"gold":95,"neow_bonus":"","is_prod":false,"is_daily":false,"chose_seed":false,"campfire_upgraded":1,"win_rate":0.0,"timestamp":1566356228,"path_taken":["M","?","M","M","?","E","M","R","T","?","?","?","R","?","R","BOSS","M","M","$","M","?","E","$","?","T","$","?","M","R","M","R","BOSS"],"build_version":"2019-07-17","purchased_purges":0,"victory":false,"max_hp_per_floor":[80,80,80,80,80,80,80,80,80,80,80,80,80,80,80,80,80,80,80,80,80,80,80,80,80,80,80,80,80,80,80,80,80],"card_choices":[{"not_picked":["Corruption","Anger"],"picked":"Rampage","floor":1},{"not_picked":["Burning Pact","Shrug It Off"],"picked":"Pummel","floor":3},{"not_picked":["Second Wind","Twin Strike"],"picked":"Clothesline","floor":4},{"not_picked":["Thunderclap","Intimidate"],"picked":"Perfected Strike","floor":5},{"not_picked":["Disarm","Metallicize"],"picked":"Iron Wave","floor":6},{"not_picked":["Blood for Blood","Armaments"],"picked":"Combust","floor":7},{"not_picked":["Battle Trance","Hemokinesis"],"picked":"Bludgeon","floor":11},{"not_picked":["True Grit","Burning Pact"],"picked":"Shrug It Off","floor":14},{"not_picked":["Offering","Impervious"],"picked":"Barricade","floor":16},{"not_picked":["Hemokinesis","Twin Strike"],"picked":"Rage+1","floor":18},{"not_picked":["Twin Strike","Flame Barrier"],"picked":"Pommel Strike","floor":19},{"not_picked":["Pummel","Entrench"],"picked":"Cleave","floor":21},{"not_picked":["Feel No Pain+1","Headbutt+1"],"picked":"Carnage","floor":23},{"not_picked":["Disarm","Pummel","Feel No Pain+1"],"picked":"SKIP","floor":28},{"not_picked":["Fire Breathing","True Grit+1"],"picked":"Perfected Strike","floor":29},{"not_picked":["Seeing Red","Clash+1"],"picked":"Rampage","floor":31}],"player_experience":0,"relics_obtained":[{"floor":6,"key":"Regal Pillow"},{"floor":9,"key":"PreservedInsect"},{"floor":10,"key":"Oddly Smooth Stone"},{"floor":23,"key":"Bag of Marbles"},{"floor":26,"key":"Anchor"}],"event_choices":[{"cards_removed":["Strike_R"],"damage_healed":0,"gold_gain":0,"player_choice":"Purged","damage_taken":0,"max_hp_gain":0,"max_hp_loss":0,"event_name":"Purifier","floor":2,"gold_loss":0},{"damage_healed":0,"gold_gain":0,"player_choice":"Got Potions","damage_taken":0,"max_hp_gain":0,"max_hp_loss":0,"event_name":"Lab","floor":12,"gold_loss":0},{"damage_healed":0,"gold_gain":0,"cards_transformed":["Clothesline","Strike_R"],"player_choice":"Became Test Subject","damage_taken":0,"max_hp_gain":0,"max_hp_loss":0,"event_name":"Drug Dealer","floor":22,"gold_loss":0,"cards_obtained":["Seeing Red","Dropkick"]},{"damage_healed":0,"gold_gain":100,"player_choice":"Pray","damage_taken":0,"max_hp_gain":0,"max_hp_loss":0,"event_name":"Golden Shrine","floor":25,"gold_loss":0}],"is_beta":false,"boss_relics":[{"not_picked":["Calling Bell","Runic Cube"],"picked":"Fusion Hammer"}],"items_purged_floors":[],"is_endless":false,"potions_floor_spawned":[1,4,6,11,18,19,28,31],"killed_by":"Champ","ascension_level":0}