{"gold_per_floor":[118,134,145,159,176,176,206,217,217,172],"floor_reached":10,"playtime":779,"items_purged":[],"score":72,"play_id":"8b22eca8-95e9-40d5-9c81-d84cd3c99e2c","local_time":"20190628121807","is_ascension_mode":false,"campfire_choices":[{"data":"Double Energy","floor":6,"key":"SMITH"}],"neow_cost":"TEN_PERCENT_HP_LOSS","seed_source_timestamp":802952975854120,"circlet_count":0,"master_deck":["Strike_B","Strike_B","Strike_B","Defend_B","Defend_B","Defend_B","Zap","Dualcast","Double Energy+1","Glacier","Self Repair"],"relics":["Cracked Core","Calipers"],"potions_floor_usage":[7,7],"damage_taken":[{"damage":6,"enemies":"Jaw Worm","floor":1,"turns":3},{"damage":0,"enemies":"2 Louse","floor":2,"turns":2},{"damage":0,"enemies":"Small Slimes","floor":3,"turns":3},{"damage":1,"enemies":"Looter","floor":4,"turns":3},{"damage":2,"enemies":"Blue Slaver","floor":5,"turns":4},{"damage":38,"enemies":"Gremlin Nob","floor":7,"turns":6},{"damage":6,"enemies":"3 Louse","floor":8,"turns":4},{"damage":34,"enemies":"Exordium Thugs","floor":10,"turns":3}],"seed_played":"-3463109956860684075","potions_obtained":[{"floor":1,"key":"Regen Potion"},{"floor":3,"key":"Swift Potion"}],"is_trial":false,"path_per_floor":["M","M","M","M","M","R","E","M","T","M"],"character_chosen":"DEFECT","items_purchased":[],"campfire_rested":0,"item_purchase_floors":[],"current_hp_per_floor":[62,62,62,61,59,59,33,27,27,0],"gold":172,"neow_bonus":"REMOVE_TWO","is_prod":false,"is_daily":false,"chose_seed":false,"campfire_upgraded":1,"win_rate":0,"timestamp":1561691887,"path_taken":["M","M","M","M","M","R","E","M","T","M"],"build_version":"2019-01-23","purchased_purges":0,"victory":false,"max_hp_per_floor":[68,68,68,68,68,68,68,68,68,68],"card_choices":[{"not_picked":["Capacitor","Go for the Eyes"],"picked":"Double Energy","floor":1},{"not_picked":["Leap","Ball Lightning","Barrage"],"picked":"SKIP","floor":2},{"not_picked":["Compile Driver","Coolheaded"],"picked":"Glacier","floor":3},{"not_picked":["Barrage","Cold Snap","Recycle"],"picked":"SKIP","floor":4},{"not_picked":["Steam","Barrage","Blizzard"],"picked":"SKIP","floor":5},{"not_picked":["White Noise","Lockon","Auto Shields"],"picked":"SKIP","floor":7},{"not_picked":["Turbo","Ball Lightning"],"picked":"Self Repair","floor":8}],"player_experience":91025,"relics_obtained":[{"floor":7,"key":"Calipers"}],"event_choices":[],"is_beta":false,"boss_relics":[],"items_purged_floors":[],"is_endless":false,"potions_floor_spawned":[1,3],"killed_by":"Exordium Thugs","ascension_level":0}