{"gold_per_floor":[109,125,125,138,158,158,178,211,211,211,231,231,32,48,48,144,144,160,160,160,160,5,5,16,30,54,54,72,72,87,100,100,100],"floor_reached":33,"playtime":2727,"items_purged":[],"score":301,"play_id":"af702b3e-d43e-47f9-bc7a-e298f21e0f67","local_time":"20190820231852","is_ascension_mode":false,"campfire_choices":[{"data":"Fire Breathing","floor":6,"key":"SMITH"},{"floor":12,"key":"REST"},{"data":"Enlightenment","floor":15,"key":"SMITH"},{"floor":23,"key":"REST"},{"floor":27,"key":"REST"},{"floor":32,"key":"REST"}],"neow_cost":"NONE","seed_source_timestamp":193540915438208,"circlet_count":0,"master_deck":["Strike_R+1","Strike_R+1","Strike_R+1","Strike_R+1","Strike_R+1","Defend_R+1","Defend_R+1","Defend_R+1","Defend_R+1","Anger","Fire Breathing+1","Disarm","Shrug It Off","Inflame","Barricade","Rampage","Enlightenment+1","Anger","Body Slam+1","Clothesline","Double Tap","Twin Strike","Flex","Flex","Flex","Anger","RitualDagger","Flex","Heavy Blade"],"relics":["Burning Blood","Gremlin Horn","Happy Flower","Pen Nib","Tiny House","Strawberry","Omamori"],"potions_floor_usage":[7,11,18,25,28,30,33],"damage_taken":[{"damage":0,"enemies":"Small Slimes","floor":1,"turns":4},{"damage":9,"enemies":"Jaw Worm","floor":2,"turns":5},{"damage":6,"enemies":"2 Louse","floor":4,"turns":2},{"damage":6,"enemies":"Looter","floor":5,"turns":4},{"damage":14,"enemies":"Large Slime","floor":7,"turns":6},{"damage":17,"enemies":"Gremlin Nob","floor":8,"turns":5},{"damage":17,"enemies":"Red Slaver","floor":11,"turns":4},{"damage":2,"enemies":"2 Fungi Beasts","floor":14,"turns":3},{"damage":28,"enemies":"Hexaghost","floor":16,"turns":10},{"damage":18,"enemies":"Spheric Guardian","floor":18,"turns":4},{"damage":16,"enemies":"3 Byrds","floor":24,"turns":5},{"damage":38,"enemies":"Cultist and Chosen","floor":25,"turns":7},{"damage":22,"enemies":"Sentry and Sphere","floor":28,"turns":5},{"damage":18,"enemies":"3 Cultists","floor":30,"turns":5},{"damage":22,"enemies":"Centurion and Healer","floor":31,"turns":6},{"damage":87,"enemies":"Collector","floor":33,"turns":6}],"seed_played":"-5717775856085974731","potions_obtained":[{"floor":5,"key":"Fire Potion"},{"floor":8,"key":"Fruit Juice"},{"floor":11,"key":"Ancient Potion"},{"floor":16,"key":"Block Potion"},{"floor":25,"key":"Poison Potion"},{"floor":28,"key":"Explosive Potion"},{"floor":31,"key":"SkillPotion"}],"is_trial":false,"path_per_floor":["M","M","?","M","M","R","M","E","T","?","M","R","$","M","R","B",null,"M","?","?","?","$","R","M","M","T","R","M","?","M","M","R","B"],"character_chosen":"IRONCLAD","items_purchased":["Enlightenment","Anger","Body Slam","Strawberry"],"campfire_rested":4,"item_purchase_floors":[13,13,13,22],"current_hp_per_floor":[80,77,74,74,74,74,66,55,55,60,54,81,81,85,85,63,95,83,67,67,67,74,102,92,60,60,90,74,68,56,40,70,0],"gold":100,"neow_bonus":"REMOVE_CARD","is_prod":false,"is_daily":false,"chose_seed":false,"campfire_upgraded":2,"win_rate":0.0,"timestamp":1566314332,"path_taken":["M","M","?","M","M","R","M","E","T","?","M","R","$","M","R","BOSS","M","?","?","?","$","R","M","M","T","R","M","?","M","M","R","BOSS"],"build_version":"2019-07-17","purchased_purges":0,"victory":false,"max_hp_per_floor":[80,80,80,80,80,80,80,80,80,85,90,90,90,90,90,90,95,95,95,95,95,102,102,102,102,102,102,102,102,102,102,102,102],"card_choices":[{"not_picked":["Clash","Ghostly Armor"],"picked":"Anger","floor":1},{"not_picked":["Twin Strike","Clash"],"picked":"Fire Breathing","floor":2},{"not_picked":["Twin Strike","Berserk"],"picked":"Disarm","floor":4},{"not_picked":["Iron Wave","True Grit"],"picked":"Shrug It Off","floor":5},{"not_picked":["Pommel Strike","Dropkick"],"picked":"Inflame","floor":7},{"not_picked":["Twin Strike","Reckless Charge"],"picked":"Barricade","floor":8},{"not_picked":["Clash","Iron Wave"],"picked":"Rampage","floor":11},{"not_picked":["Rupture","Sword Boomerang"],"picked":"Clothesline","floor":14},{"not_picked":["Brutality","Barricade"],"picked":"Double Tap","floor":16},{"not_picked":["True Grit+1","Fire Breathing"],"picked":"Twin Strike","floor":18},{"not_picked":["Ghostly Armor","Clothesline+1"],"picked":"Flex","floor":24},{"not_picked":["Armaments","Rampage"],"picked":"Flex","floor":25},{"not_picked":["Barricade","Perfected Strike"],"picked":"Anger","floor":28},{"not_picked":["Shockwave+1","Thunderclap"],"picked":"Flex","floor":30},{"not_picked":["Intimidate","Twin Strike"],"picked":"Heavy Blade","floor":31}],"player_experience":29705,"relics_obtained":[{"floor":8,"key":"Happy Flower"},{"floor":9,"key":"Pen Nib"},{"floor":26,"key":"Omamori"}],"event_choices":[{"damage_healed":0,"gold_gain":0,"player_choice":"Success","damage_taken":3,"relics_obtained":["Gremlin Horn"],"max_hp_gain":0,"max_hp_loss":0,"event_name":"Scrap Ooze","floor":3,"gold_loss":0},{"damage_healed":0,"gold_gain":0,"player_choice":"Donut","damage_taken":0,"max_hp_gain":5,"max_hp_loss":0,"event_name":"Big Fish","floor":10,"gold_loss":0},{"damage_healed":0,"gold_gain":0,"player_choice":"Obtained Book","damage_taken":16,"max_hp_gain":0,"max_hp_loss":0,"event_name":"Cursed Tome","floor":19,"gold_loss":0},{"damage_healed":0,"gold_gain":0,"player_choice":"Read","damage_taken":0,"max_hp_gain":0,"max_hp_loss":0,"event_name":"The Library","floor":20,"gold_loss":0,"cards_obtained":["Flex"]},{"damage_healed":0,"gold_gain":0,"player_choice":"Simplicity","damage_taken":0,"max_hp_gain":0,"max_hp_loss":0,"event_name":"Back to Basics","floor":21,"gold_loss":0,"cards_upgraded":["Strike_R","Strike_R","Strike_R","Strike_R","Strike_R","Defend_R","Defend_R","Defend_R","Defend_R"]},{"damage_healed":0,"gold_gain":0,"player_choice":"Joined the Cult","damage_taken":6,"max_hp_gain":0,"max_hp_loss":0,"event_name":"Nest","floor":29,"gold_loss":0,"cards_obtained":["RitualDagger"]}],"is_beta":false,"boss_relics":[{"not_picked":["Fusion Hammer","Snecko Eye"],"picked":"Tiny House"}],"items_purged_floors":[],"is_endless":false,"potions_floor_spawned":[5,8,11,16,25,28,31],"killed_by":"Collector","ascension_level":0}