{"gold_per_floor":[13,24,38,38,48,48,79,79,129,159,198,385,397,424,436,551,613,638,670,116,129,147,147,158,158,158,158,171,171,205,219,219,318,318,329,349,401,401,414,414,427,0,69,69,69],"floor_reached":45,"playtime":2785,"items_purged":["Doubt"],"score":737,"play_id":"8e8b0cff-1195-4a73-8dea-b0747f99f14a","local_time":"20190825081026","is_ascension_mode":true,"campfire_choices":[{"data":"Anger","floor":6.0,"key":"SMITH"},{"data":"Anger","floor":8.0,"key":"SMITH"},{"data":"Demon Form","floor":13.0,"key":"SMITH"},{"data":"Heavy Blade","floor":15.0,"key":"SMITH"},{"floor":23.0,"key":"REST"},{"floor":29.0,"key":"REST"},{"data":"Pummel","floor":32.0,"key":"SMITH"},{"floor":40,"key":"REST"},{"floor":44,"key":"REST"}],"neow_cost":"NO_GOLD","seed_source_timestamp":0,"circlet_count":0,"master_deck":["Defend_R+1","Defend_R","Defend_R+1","Bash","Anger+1","Anger+1","Cleave","Spot Weakness+1","Demon Form+1","Heavy Blade+1","Pommel Strike","Spot Weakness+1","Reaper","Shrug It Off+1","Thunderclap+1","Pummel+1","Twin Strike+1","Bite","Bite","Bite","Bite","Bite","Inflame+1","Seeing Red+1","Feed"],"special_seed":0,"relics":["Burning Blood","Toxic Egg 2","MawBank","Boot","Tiny House","Bag of Preparation","Singing Bowl","Gremlin Horn","Nilry\u0027s Codex","Bottled Flame","White Beast Statue","Calipers","Red Mask","Bottled Lightning"],"potions_floor_usage":[35,39,41,45,45,45],"damage_taken":[{"damage":0.0,"enemies":"Small Slimes","floor":1.0,"turns":3.0},{"damage":0.0,"enemies":"2 Louse","floor":2.0,"turns":3.0},{"damage":7.0,"enemies":"Jaw Worm","floor":3.0,"turns":4.0},{"damage":0.0,"enemies":"Large Slime","floor":5.0,"turns":3.0},{"damage":7.0,"enemies":"3 Sentries","floor":7.0,"turns":4.0},{"damage":9.0,"enemies":"Looter","floor":10.0,"turns":3.0},{"damage":28.0,"enemies":"Gremlin Nob","floor":11.0,"turns":4.0},{"damage":4.0,"enemies":"2 Fungi Beasts","floor":14.0,"turns":2.0},{"damage":34.0,"enemies":"Hexaghost","floor":16.0,"turns":5.0},{"damage":63.0,"enemies":"3 Byrds","floor":18.0,"turns":5.0},{"damage":23.0,"enemies":"Shell Parasite","floor":19.0,"turns":5.0},{"damage":38.0,"enemies":"Centurion and Healer","floor":21.0,"turns":5.0},{"damage":16.0,"enemies":"Snake Plant","floor":22.0,"turns":2.0},{"damage":30.0,"enemies":"3 Cultists","floor":24.0,"turns":4.0},{"damage":0.0,"enemies":"Snecko","floor":28.0,"turns":3.0},{"damage":40.0,"enemies":"Gremlin Leader","floor":30.0,"turns":4.0},{"damage":1.0,"enemies":"Cultist and Chosen","floor":31.0,"turns":4.0},{"damage":84.0,"enemies":"Collector","floor":33.0,"turns":6.0},{"damage":0,"enemies":"3 Darklings","floor":35,"turns":2},{"damage":0,"enemies":"3 Shapes","floor":36,"turns":3},{"damage":87,"enemies":"2 Orb Walkers","floor":37,"turns":4},{"damage":46,"enemies":"3 Darklings","floor":39,"turns":3},{"damage":56,"enemies":"Maw","floor":41,"turns":7},{"damage":74,"enemies":"Writhing Mass","floor":45,"turns":5}],"seed_played":"-979088987338978287","potions_obtained":[{"floor":2.0,"key":"Poison Potion"},{"floor":7.0,"key":"PowerPotion"},{"floor":11.0,"key":"Fire Potion"},{"floor":14.0,"key":"Dexterity Potion"},{"floor":17.0,"key":"Poison Potion"},{"floor":21.0,"key":"SpeedPotion"},{"floor":22.0,"key":"GamblersBrew"},{"floor":31.0,"key":"Energy Potion"},{"floor":35,"key":"Explosive Potion"},{"floor":36,"key":"SteroidPotion"},{"floor":37,"key":"Regen Potion"},{"floor":39,"key":"Dexterity Potion"},{"floor":41,"key":"Block Potion"}],"is_trial":false,"path_per_floor":["M","M","M","?","M","R","E","R","T","M","E","?","R","M","R","B",null,"M","M","$","M","M","R","M","?","T","?","M","R","E","M","R","B",null,"M","M","?","?","M","R","M","?","T","R","M"],"character_chosen":"IRONCLAD","items_purchased":["EntropicBrew","Bag of Preparation","Singing Bowl"],"campfire_rested":4,"item_purchase_floors":[20,20,20],"current_hp_per_floor":[78,80,79,63,69,69,68,68,68,65,43,43,43,45,45,17,69,27,10,10,21,11,37,30,30,30,14,38,57,31,66,66,42,62,70,72,25,25,27,48,23,23,23,44,0],"gold":69,"neow_bonus":"REMOVE_TWO","is_prod":false,"is_daily":false,"chose_seed":false,"campfire_upgraded":5,"win_rate":0,"timestamp":1566745826,"path_taken":["M","M","M","?","M","R","E","R","T","M","E","?","R","M","R","BOSS","M","M","$","M","M","R","M","?","T","?","M","R","E","M","R","BOSS","M","M","?","?","M","R","M","?","T","R","M"],"build_version":"2019-07-17","purchased_purges":1,"victory":false,"max_hp_per_floor":[80,80,80,80,80,80,80,80,80,80,80,80,80,80,80,80,85,85,85,85,87,87,87,89,62,62,62,64,64,64,66,66,68,68,70,72,74,70,70,70,70,70,70,70,70],"card_choices":[{"not_picked":["Body Slam","Wild Strike"],"picked":"Anger","floor":1.0},{"not_picked":["Whirlwind","Flex"],"picked":"Anger","floor":2.0},{"not_picked":["Heavy Blade","Reckless Charge"],"picked":"Cleave","floor":3.0},{"not_picked":["Dual Wield","Shockwave"],"picked":"Spot Weakness","floor":5.0},{"not_picked":["Fire Breathing","Evolve"],"picked":"Demon Form","floor":7.0},{"not_picked":["Sword Boomerang","Evolve"],"picked":"Heavy Blade","floor":10.0},{"not_picked":["Body Slam","Armaments+1"],"picked":"Pommel Strike","floor":11.0},{"not_picked":["Headbutt","Wild Strike"],"picked":"Spot Weakness+1","floor":14.0},{"not_picked":["Fiend Fire","Berserk"],"picked":"Reaper","floor":16.0},{"not_picked":["Body Slam","Combust"],"picked":"Shrug It Off+1","floor":17.0},{"not_picked":["Clothesline","Pommel Strike"],"picked":"Thunderclap+1","floor":18.0},{"not_picked":["Rage+1","Twin Strike"],"picked":"Pummel","floor":19.0},{"not_picked":["Metallicize","Burning Pact+1","Dark Embrace"],"picked":"Singing Bowl","floor":21.0},{"not_picked":["Thunderclap","Flame Barrier+1"],"picked":"Twin Strike+1","floor":22.0},{"not_picked":["Bloodletting+1","Searing Blow","Hemokinesis"],"picked":"Singing Bowl","floor":24.0},{"not_picked":["Carnage","Headbutt","Shockwave+1"],"picked":"Singing Bowl","floor":28.0},{"not_picked":["Heavy Blade","Clothesline+1"],"picked":"Inflame+1","floor":30.0},{"not_picked":["Rupture","Pommel Strike","Combust+1"],"picked":"Singing Bowl","floor":31.0},{"not_picked":["Barricade","Impervious+1","Brutality"],"picked":"Singing Bowl","floor":33.0},{"not_picked":["Twin Strike+1","Havoc+1","Wild Strike+1"],"picked":"Singing Bowl","floor":35},{"not_picked":["Clothesline","Corruption","Twin Strike+1"],"picked":"Singing Bowl","floor":36},{"not_picked":["Evolve","Thunderclap+1","Dropkick+1"],"picked":"Singing Bowl","floor":37},{"not_picked":["Ghostly Armor+1","Twin Strike+1"],"picked":"Seeing Red+1","floor":39},{"not_picked":["Armaments+1","Havoc+1"],"picked":"Feed","floor":41}],"player_experience":157798,"relics_obtained":[{"floor":7.0,"key":"Toxic Egg 2"},{"floor":9.0,"key":"MawBank"},{"floor":11.0,"key":"Boot"},{"floor":26.0,"key":"Gremlin Horn"},{"floor":27.0,"key":"Nilry\u0027s Codex"},{"floor":30.0,"key":"Bottled Flame"},{"floor":37,"key":"Calipers"},{"floor":43,"key":"Bottled Lightning"}],"event_choices":[{"damage_healed":0.0,"max_hp_gain":0.0,"max_hp_loss":0.0,"gold_gain":0.0,"event_name":"Shining Light","player_choice":"Entered Light","floor":4.0,"gold_loss":0.0,"damage_taken":16.0,"cards_upgraded":["Defend_R","Defend_R"]},{"damage_healed":0.0,"max_hp_gain":0.0,"max_hp_loss":0.0,"gold_gain":175.0,"event_name":"Liars Game","player_choice":"AGREE","floor":12.0,"gold_loss":0.0,"damage_taken":0.0,"cards_obtained":["Doubt"]},{"damage_healed":0.0,"max_hp_gain":0.0,"max_hp_loss":27.0,"gold_gain":0.0,"event_name":"Vampires","player_choice":"Became a vampire","floor":25.0,"gold_loss":0.0,"damage_taken":0.0,"cards_obtained":["Bite","Bite","Bite","Bite","Bite"]},{"damage_healed":0.0,"max_hp_gain":0.0,"max_hp_loss":0.0,"gold_gain":0.0,"event_name":"Cursed Tome","player_choice":"Obtained Book","floor":27.0,"gold_loss":0.0,"damage_taken":16.0},{"damage_healed":0,"gold_gain":0,"player_choice":"Fight","damage_taken":0,"max_hp_gain":0,"max_hp_loss":0,"event_name":"Mysterious Sphere","floor":37,"gold_loss":0},{"damage_healed":0,"gold_gain":0,"player_choice":"Max HP","damage_taken":0,"max_hp_gain":0,"max_hp_loss":4,"event_name":"Winding Halls","floor":38,"gold_loss":0},{"damage_healed":0,"gold_gain":0,"player_choice":"Paid","damage_taken":0,"relics_obtained":["Red Mask"],"max_hp_gain":0,"max_hp_loss":0,"event_name":"Tomb of Lord Red Mask","floor":42,"gold_loss":427}],"is_beta":false,"boss_relics":[{"not_picked":["Fusion Hammer","Snecko Eye"],"picked":"Tiny House"},{"not_picked":["Pandora\u0027s Box","Velvet Choker"],"picked":"White Beast Statue"}],"items_purged_floors":[20],"is_endless":false,"potions_floor_spawned":[2,7,11,14,21,22,31,35,36,37,39,41],"killed_by":"Writhing Mass","ascension_level":9}