{"gold_per_floor":[114,39,50,50,68,68,87,87,156,187,206,206,206,246,246,342,342,365,110,110,125,125,125],"floor_reached":23,"playtime":1206,"items_purged":["Regret"],"score":388,"play_id":"f6d09383-9d62-4fd2-ae9c-77153c7b00e5","local_time":"20190830161640","is_ascension_mode":true,"campfire_choices":[{"data":"Fiend Fire","floor":6,"key":"SMITH"},{"data":"Feel No Pain","floor":8,"key":"SMITH"},{"floor":12,"key":"REST"},{"data":"Anger","floor":15,"key":"SMITH"}],"neow_cost":"NONE","seed_source_timestamp":930309117527900,"circlet_count":0,"master_deck":["AscendersBane","Strike_R+1","Strike_R+1","Strike_R+1","Strike_R+1","Defend_R+1","Defend_R+1","Defend_R+1","Defend_R+1","Bash","Fiend Fire+1","Anger+1","Carnage","Feel No Pain+1","Wild Strike","Clothesline","Battle Trance","Demon Form","Sentinel","Secret Weapon","Armaments+1"],"relics":["Burning Blood","Happy Flower","Shuriken","Gremlin Horn","Golden Idol","Anchor","Fusion Hammer"],"potions_floor_usage":[16,16,23],"damage_taken":[{"damage":5,"enemies":"Small Slimes","floor":1,"turns":3},{"damage":0,"enemies":"2 Louse","floor":3,"turns":3},{"damage":2,"enemies":"Jaw Worm","floor":5,"turns":3},{"damage":7,"enemies":"Blue Slaver","floor":7,"turns":3},{"damage":42,"enemies":"Lagavulin","floor":10,"turns":7},{"damage":16,"enemies":"Lots of Slimes","floor":11,"turns":5},{"damage":21,"enemies":"3 Sentries","floor":14,"turns":10},{"damage":41,"enemies":"Slime Boss","floor":16,"turns":7},{"damage":19,"enemies":"3 Byrds","floor":18,"turns":6},{"damage":4,"enemies":"Shell Parasite","floor":21,"turns":5},{"damage":39,"enemies":"Slavers","floor":23,"turns":4}],"seed_played":"516338920262920267","potions_obtained":[{"floor":7,"key":"LiquidBronze"},{"floor":10,"key":"SteroidPotion"},{"floor":14,"key":"BloodPotion"},{"floor":18,"key":"Dexterity Potion"},{"floor":21,"key":"GamblersBrew"}],"is_trial":false,"path_per_floor":["M","?","M","?","M","R","M","R","T","E","M","R","?","E","R","B",null,"M","$","?","M","?","E"],"character_chosen":"IRONCLAD","items_purchased":["Secret Weapon"],"campfire_rested":1,"item_purchase_floors":[19],"current_hp_per_floor":[69,69,75,75,75,75,74,74,74,38,28,50,50,35,35,17,55,42,42,42,44,44,5],"gold":125,"neow_bonus":"ONE_RANDOM_RARE_CARD","is_prod":false,"is_daily":false,"chose_seed":false,"campfire_upgraded":3,"win_rate":0,"timestamp":1567207000,"path_taken":["M","?","M","?","M","R","M","R","T","E","M","R","?","E","R","BOSS","M","$","?","M","?","E"],"build_version":"2019-07-17","purchased_purges":1,"victory":false,"max_hp_per_floor":[75,75,75,75,75,75,75,75,75,75,75,75,68,68,68,68,68,68,68,68,68,68,68],"card_choices":[{"not_picked":["Cleave","Body Slam"],"picked":"Anger","floor":1},{"not_picked":["Iron Wave","Infernal Blade"],"picked":"Carnage","floor":3},{"not_picked":["Dropkick","Perfected Strike"],"picked":"Feel No Pain","floor":5},{"not_picked":["Bloodletting","Sword Boomerang","Intimidate"],"picked":"SKIP","floor":7},{"not_picked":["Whirlwind","Cleave"],"picked":"Wild Strike","floor":10},{"not_picked":["Rupture","Heavy Blade"],"picked":"Clothesline","floor":11},{"not_picked":["Flame Barrier","Impervious"],"picked":"Battle Trance","floor":14},{"not_picked":["Offering","Reaper"],"picked":"Demon Form","floor":16},{"not_picked":["Rupture","Thunderclap+1"],"picked":"Sentinel","floor":18},{"not_picked":["Thunderclap","Body Slam"],"picked":"Armaments+1","floor":21}],"player_experience":329083,"relics_obtained":[{"floor":9,"key":"Shuriken"},{"floor":10,"key":"Gremlin Horn"},{"floor":14,"key":"Anchor"}],"event_choices":[{"cards_removed":["Strike_R"],"damage_healed":0,"gold_gain":0,"player_choice":"Card Removal","damage_taken":0,"max_hp_gain":0,"max_hp_loss":0,"event_name":"The Cleric","floor":2,"gold_loss":75},{"damage_healed":0,"gold_gain":0,"player_choice":"Box","damage_taken":0,"relics_obtained":["Happy Flower"],"max_hp_gain":0,"max_hp_loss":0,"event_name":"Big Fish","floor":4,"gold_loss":0,"cards_obtained":["Regret"]},{"damage_healed":0,"gold_gain":0,"player_choice":"Lose Max HP","damage_taken":0,"relics_obtained":["Golden Idol"],"max_hp_gain":0,"max_hp_loss":7,"event_name":"Golden Idol","floor":13,"gold_loss":0},{"damage_healed":0,"gold_gain":0,"player_choice":"Simplicity","damage_taken":0,"max_hp_gain":0,"max_hp_loss":0,"event_name":"Back to Basics","floor":20,"gold_loss":0,"cards_upgraded":["Strike_R","Strike_R","Strike_R","Strike_R","Defend_R","Defend_R","Defend_R","Defend_R"]},{"damage_healed":0,"gold_gain":0,"player_choice":"Ignored","damage_taken":0,"max_hp_gain":0,"max_hp_loss":0,"event_name":"Vampires","floor":22,"gold_loss":0}],"is_beta":false,"boss_relics":[{"not_picked":["Black Star","Empty Cage"],"picked":"Fusion Hammer"}],"items_purged_floors":[19],"is_endless":false,"potions_floor_spawned":[7,10,14,18,21],"killed_by":"Slavers","ascension_level":19}