{"gold_per_floor":[112,112,75,90,108,138,47,64,87,104,104,124,141,153,153,153],"floor_reached":16,"playtime":1317,"items_purged":[],"score":106,"play_id":"2dcad717-227d-4d5a-9cb1-0121b2670bca","local_time":"20190628113341","is_ascension_mode":false,"campfire_choices":[{"data":"FTL","floor":11,"key":"SMITH"},{"data":"Turbo","floor":15,"key":"SMITH"}],"neow_cost":"NONE","seed_source_timestamp":799747183497030,"circlet_count":0,"master_deck":["Strike_B","Strike_B","Strike_B","Strike_B","Defend_B","Defend_B","Defend_B","Defend_B","Zap","Dualcast","Sweeping Beam","FTL+1","Rebound","Skim+1","Seek+1","Finesse","Turbo+1","Gash"],"relics":["Cracked Core","Strawberry","Orichalcum","War Paint"],"potions_floor_usage":[16,16,16],"damage_taken":[{"damage":2,"enemies":"2 Louse","floor":1,"turns":2},{"damage":0,"enemies":"Cultist","floor":4,"turns":2},{"damage":8,"enemies":"Jaw Worm","floor":5,"turns":3},{"damage":26,"enemies":"3 Sentries","floor":6,"turns":6},{"damage":2,"enemies":"Blue Slaver","floor":8,"turns":3},{"damage":2,"enemies":"Gremlin Gang","floor":10,"turns":3},{"damage":0,"enemies":"Lots of Slimes","floor":12,"turns":1},{"damage":7,"enemies":"Exordium Thugs","floor":13,"turns":2},{"damage":7,"enemies":"Gremlin Gang","floor":14,"turns":2},{"damage":35,"enemies":"The Guardian","floor":16,"turns":7}],"seed_played":"6298560328776405248","potions_obtained":[{"floor":1,"key":"EssenceOfSteel"},{"floor":8,"key":"Weak Potion"},{"floor":10,"key":"Strength Potion"}],"is_trial":false,"path_per_floor":["M","?","$","M","M","E","$","M","T","M","R","M","M","M","R","B"],"character_chosen":"DEFECT","items_purchased":["FTL","Finesse"],"campfire_rested":0,"item_purchase_floors":[3,7],"current_hp_per_floor":[80,80,80,80,72,46,46,44,44,42,42,42,35,28,28,0],"gold":153,"neow_bonus":"RANDOM_COMMON_RELIC","is_prod":false,"is_daily":false,"chose_seed":false,"campfire_upgraded":2,"win_rate":0,"timestamp":1561689221,"path_taken":["M","?","$","M","M","E","$","M","T","?","R","M","M","M","R","BOSS"],"build_version":"2019-01-23","purchased_purges":0,"victory":false,"max_hp_per_floor":[82,82,82,82,82,82,82,82,82,82,82,82,82,82,82,82],"card_choices":[{"not_picked":["Force Field","Coolheaded"],"picked":"Sweeping Beam","floor":1},{"not_picked":["Fusion","Compile Driver"],"picked":"Rebound","floor":4},{"not_picked":["Coolheaded","Sweeping Beam"],"picked":"Skim","floor":5},{"not_picked":["Tempest","Leap"],"picked":"Seek","floor":6},{"not_picked":["Fusion","Capacitor","Ball Lightning"],"picked":"SKIP","floor":8},{"not_picked":["Coolheaded","Barrage","Cold Snap"],"picked":"SKIP","floor":10},{"not_picked":["Stack","Ball Lightning"],"picked":"Turbo","floor":12},{"not_picked":["Streamline","Barrage","Sweeping Beam"],"picked":"SKIP","floor":13},{"not_picked":["Redo","Static Discharge"],"picked":"Gash","floor":14}],"player_experience":89075,"relics_obtained":[{"floor":6,"key":"Orichalcum"},{"floor":9,"key":"War Paint"}],"event_choices":[{"damage_healed":0,"gold_gain":0,"player_choice":"Ignored","damage_taken":0,"max_hp_gain":0,"max_hp_loss":0,"event_name":"NoteForYourself","floor":2,"gold_loss":0}],"is_beta":false,"boss_relics":[],"items_purged_floors":[],"is_endless":false,"potions_floor_spawned":[1,8,10,14],"killed_by":"The Guardian","ascension_level":0}