{"gold_per_floor":[119,135,152,162,9,9,9,36,36,63,63,92,92,106,106,180,180,195,195,42,42,42,72,72,104,146,177,207,236,248,274,286,376,388,410,440,7,7,24,49,49,60,86,97,130,130,150,181,181,181,181,181,30,55,55],"floor_reached":56,"playtime":7705,"items_purged":["Strike_B","Defend_B"],"score":2115,"play_id":"722cddd8-1fdf-453b-9a26-58435844cd96","local_time":"20190722163738","is_ascension_mode":true,"campfire_choices":[{"data":"Consume","floor":6,"key":"SMITH"},{"floor":11,"key":"REST"},{"data":"Defragment","floor":13,"key":"SMITH"},{"data":"Blizzard","floor":15,"key":"SMITH"},{"data":"Echo Form","floor":24,"key":"SMITH"},{"data":"Hologram","floor":30,"key":"SMITH"},{"data":"Self Repair","floor":32,"key":"SMITH"},{"data":"Seek","floor":41,"key":"SMITH"},{"floor":46,"key":"REST"},{"floor":49,"key":"RECALL"},{"floor":52,"key":"REST"}],"neow_cost":"TEN_PERCENT_HP_LOSS","seed_source_timestamp":54690141880247,"circlet_count":0,"master_deck":["AscendersBane","Defend_B","Defend_B+1","Defend_B","Zap","Dualcast","Glacier+1","Consume+1","Glacier","Blizzard+1","Defragment+1","Ball Lightning","Self Repair+1","Compile Driver+1","Echo Form+1","Blizzard+1","BootSequence","Steam","Hologram+1","Conserve Battery+1","Turbo","Biased Cognition","Echo Form","White Noise+1","Seek+1","Compile Driver+1","Cold Snap","Conserve Battery+1","Hologram","Turbo+1","Capacitor","Recycle","Capacitor"],"relics":["Cracked Core","Lantern","DataDisk","Pear","War Paint","Black Star","Bag of Preparation","Symbiotic Virus","Ancient Tea Set","MawBank","Whetstone","Tiny Chest","Inserter","Frozen Eye","Nunchaku","Omamori","Anchor","Bottled Flame","Bag of Marbles","Art of War","Orichalcum","Strawberry"],"potions_floor_usage":[10,23,27,31,39,55,55],"damage_taken":[{"damage":2,"enemies":"2 Louse","floor":1,"turns":4},{"damage":0,"enemies":"Cultist","floor":2,"turns":3},{"damage":7,"enemies":"Jaw Worm","floor":3,"turns":5},{"damage":7,"enemies":"2 Fungi Beasts","floor":4,"turns":6},{"damage":0,"enemies":"Lagavulin","floor":8,"turns":8},{"damage":24,"enemies":"Gremlin Nob","floor":10,"turns":4},{"damage":10,"enemies":"3 Sentries","floor":12,"turns":8},{"damage":0,"enemies":"Looter","floor":14,"turns":3},{"damage":11,"enemies":"The Guardian","floor":16,"turns":10},{"damage":14,"enemies":"2 Thieves","floor":18,"turns":4},{"damage":10,"enemies":"Book of Stabbing","floor":23,"turns":7},{"damage":51,"enemies":"Slavers","floor":25,"turns":14},{"damage":2,"enemies":"Shell Parasite","floor":27,"turns":6},{"damage":4,"enemies":"Shelled Parasite and Fungi","floor":28,"turns":7},{"damage":0,"enemies":"Snecko","floor":29,"turns":4},{"damage":0,"enemies":"Cultist and Chosen","floor":31,"turns":8},{"damage":0,"enemies":"Champ","floor":33,"turns":13},{"damage":4,"enemies":"Orb Walker","floor":35,"turns":4},{"damage":6,"enemies":"3 Shapes","floor":36,"turns":5},{"damage":52,"enemies":"Sphere and 2 Shapes","floor":39,"turns":6},{"damage":3,"enemies":"Nemesis","floor":40,"turns":7},{"damage":0,"enemies":"4 Shapes","floor":42,"turns":4},{"damage":0,"enemies":"Maw","floor":44,"turns":8},{"damage":33,"enemies":"Giant Head","floor":45,"turns":10},{"damage":0,"enemies":"Sphere and 2 Shapes","floor":47,"turns":5},{"damage":0,"enemies":"Nemesis","floor":48,"turns":7},{"damage":48,"enemies":"Time Eater","floor":50,"turns":13},{"damage":41,"enemies":"Shield and Spear","floor":54,"turns":8},{"damage":40,"enemies":"The Heart","floor":55,"turns":11}],"seed_played":"-5683963278837113828","potions_obtained":[{"floor":1,"key":"LiquidBronze"},{"floor":2,"key":"LiquidBronze"},{"floor":4,"key":"Weak Potion"},{"floor":16,"key":"Dexterity Potion"},{"floor":18,"key":"EssenceOfSteel"},{"floor":27,"key":"Fire Potion"},{"floor":28,"key":"LiquidBronze"},{"floor":31,"key":"SkillPotion"},{"floor":38,"key":"FocusPotion"},{"floor":40,"key":"FocusPotion"}],"is_trial":false,"path_per_floor":["M","M","M","M","$","R","?","E","T","E","R","E","R","M","R","B",null,"M","?","$","?","?","E","R","E","T","M","M","M","R","M","R","B",null,"M","M","$","?","M","E","R","M","T","M","E","R","M","E","R","B",null,"R","$","E","B",null],"character_chosen":"DEFECT","items_purchased":["Blizzard","Bag of Preparation","Echo Form","Frozen Eye","Capacitor","Recycle"],"campfire_rested":3,"item_purchase_floors":[5,20,37,37,53,53],"current_hp_per_floor":[62,62,55,48,48,48,48,48,48,34,56,46,46,53,53,49,68,68,68,68,68,68,65,65,21,21,33,36,43,43,57,57,74,74,74,74,74,74,42,59,59,59,59,69,46,68,74,74,74,36,65,74,74,50,10],"gold":55,"neow_bonus":"REMOVE_TWO","is_prod":false,"is_daily":false,"chose_seed":false,"campfire_upgraded":7,"win_rate":0,"timestamp":1563827858,"path_taken":["M","M","M","M","$","R","?","E","T","E","R","E","R","?","R","BOSS","M","?","$","?","?","E","R","E","T","M","M","M","R","M","R","BOSS","M","M","$","?","M","E","R","M","T","M","E","R","?","E","R","BOSS","R","$","E","BOSS"],"build_version":"2019-07-17","purchased_purges":2,"victory":true,"max_hp_per_floor":[64,64,64,64,64,64,64,64,64,74,74,74,74,74,74,74,74,74,74,74,74,74,74,74,74,74,74,74,74,74,74,74,74,74,74,74,74,74,74,74,74,74,74,74,74,74,74,74,74,74,74,74,74,81,81],"card_choices":[{"not_picked":["Double Energy","Cold Snap"],"picked":"Glacier","floor":1},{"not_picked":["Lockon","Sunder"],"picked":"Consume","floor":2},{"not_picked":["Steam","Static Discharge"],"picked":"Glacier","floor":3},{"not_picked":["Sweeping Beam","Cold Snap"],"picked":"Gash","floor":4},{"not_picked":["Beam Cell","Gash"],"picked":"Defragment","floor":8},{"not_picked":["Storm","Stack"],"picked":"Ball Lightning","floor":10},{"not_picked":["Hello World","Auto Shields"],"picked":"Self Repair","floor":12},{"not_picked":["Rebound","Sweeping Beam"],"picked":"Compile Driver","floor":14},{"not_picked":["Buffer","Multi-Cast"],"picked":"Echo Form","floor":16},{"not_picked":["Barrage","Steam"],"picked":"Blizzard","floor":18},{"not_picked":["Storm","Chaos","Compile Driver+1"],"picked":"SKIP","floor":23},{"not_picked":["Cold Snap+1","Barrage+1"],"picked":"Hologram","floor":25},{"not_picked":["Rebound","Compile Driver","Storm"],"picked":"SKIP","floor":27},{"not_picked":["Sweeping Beam","Hello World"],"picked":"Conserve Battery+1","floor":28},{"not_picked":["Rebound","Lockon","Barrage"],"picked":"SKIP","floor":29},{"not_picked":["Sunder","Conserve Battery"],"picked":"Turbo","floor":31},{"not_picked":["Core Surge","Multi-Cast"],"picked":"Biased Cognition","floor":33},{"not_picked":["Sweeping Beam","Cold Snap","Ball Lightning"],"picked":"SKIP","floor":35},{"not_picked":["Gash","Turbo","Streamline"],"picked":"SKIP","floor":36},{"not_picked":["Beam Cell","Barrage"],"picked":"White Noise+1","floor":39},{"not_picked":["Beam Cell","Hologram+1"],"picked":"Seek","floor":40},{"not_picked":["Steam","Gash"],"picked":"Compile Driver+1","floor":42},{"not_picked":["Auto Shields+1","Steam"],"picked":"Cold Snap","floor":44},{"not_picked":["BootSequence","Barrage"],"picked":"Conserve Battery+1","floor":45},{"not_picked":["Self Repair","Compile Driver"],"picked":"Hologram","floor":47},{"not_picked":["Leap","Chaos"],"picked":"Turbo+1","floor":48},{"not_picked":["BootSequence+1","Reinforced Body+1"],"picked":"Capacitor","floor":54}],"player_experience":282409,"relics_obtained":[{"floor":8,"key":"Lantern"},{"floor":9,"key":"DataDisk"},{"floor":10,"key":"Pear"},{"floor":12,"key":"War Paint"},{"floor":23,"key":"Symbiotic Virus"},{"floor":23,"key":"Ancient Tea Set"},{"floor":25,"key":"MawBank"},{"floor":25,"key":"Whetstone"},{"floor":26,"key":"Tiny Chest"},{"floor":40,"key":"Nunchaku"},{"floor":40,"key":"Omamori"},{"floor":45,"key":"Anchor"},{"floor":45,"key":"Bottled Flame"},{"floor":48,"key":"Bag of Marbles"},{"floor":48,"key":"Art of War"},{"floor":54,"key":"Orichalcum"},{"floor":54,"key":"Strawberry"}],"event_choices":[{"cards_removed":["Strike_B"],"damage_healed":0,"gold_gain":0,"player_choice":"Offered Basic","damage_taken":0,"max_hp_gain":0,"max_hp_loss":0,"event_name":"Bonfire Elementals","floor":7,"gold_loss":0},{"damage_healed":0,"gold_gain":0,"player_choice":"Ignored","damage_taken":0,"max_hp_gain":0,"max_hp_loss":0,"event_name":"Vampires","floor":19,"gold_loss":0},{"damage_healed":0,"gold_gain":0,"player_choice":"Read","damage_taken":0,"max_hp_gain":0,"max_hp_loss":0,"event_name":"The Library","floor":21,"gold_loss":0,"cards_obtained":["BootSequence"]},{"damage_healed":0,"gold_gain":0,"cards_transformed":["Gash"],"player_choice":"Transformed","damage_taken":0,"max_hp_gain":0,"max_hp_loss":0,"event_name":"Transmorgrifier","floor":22,"gold_loss":0,"cards_obtained":["Steam"]},{"damage_healed":0,"gold_gain":0,"player_choice":"Got Potions","damage_taken":0,"max_hp_gain":0,"max_hp_loss":0,"event_name":"Lab","floor":38,"gold_loss":0}],"is_beta":false,"boss_relics":[{"not_picked":["Astrolabe","Fusion Hammer"],"picked":"Black Star"},{"not_picked":["FrozenCore","Velvet Choker"],"picked":"Inserter"}],"items_purged_floors":[5,37],"is_endless":false,"potions_floor_spawned":[1,2,4,16,18,27,28,31,33,36,40,42,44],"ascension_level":14}