{"gold_per_floor":[18,32,45,60,73,105,105,136,136,136,161,161,86,99,99,99],"floor_reached":16,"playtime":825,"items_purged":["Injury"],"score":205,"play_id":"da77c6b4-8751-4b98-a27b-be1e39a07754","local_time":"20190829174241","is_ascension_mode":true,"campfire_choices":[{"data":"Bash","floor":7,"key":"SMITH"},{"data":"Flame Barrier","floor":15,"key":"SMITH"}],"neow_cost":"NO_GOLD","seed_source_timestamp":849450710672700,"circlet_count":0,"master_deck":["AscendersBane","Strike_R","Strike_R","Strike_R","Strike_R","Defend_R","Defend_R","Defend_R","Bash+1","Anger","Headbutt","Spot Weakness","Battle Trance","Flame Barrier+1","Dropkick","Inflame"],"relics":["Burning Blood","Sundial","Meat on the Bone","Blue Candle","Golden Idol"],"potions_floor_usage":[6,8,11],"damage_taken":[{"damage":16,"enemies":"Small Slimes","floor":1,"turns":4},{"damage":0,"enemies":"2 Louse","floor":2,"turns":2},{"damage":2,"enemies":"Jaw Worm","floor":3,"turns":3},{"damage":1,"enemies":"3 Louse","floor":4,"turns":4},{"damage":12,"enemies":"Looter","floor":5,"turns":3},{"damage":35,"enemies":"Lagavulin","floor":6,"turns":6},{"damage":29,"enemies":"Gremlin Nob","floor":8,"turns":4},{"damage":13,"enemies":"Large Slime","floor":11,"turns":3},{"damage":4,"enemies":"2 Fungi Beasts","floor":14,"turns":3},{"damage":54,"enemies":"The Guardian","floor":16,"turns":8}],"seed_played":"-8073027116746946328","potions_obtained":[{"floor":1,"key":"EssenceOfSteel"},{"floor":2,"key":"Ancient Potion"},{"floor":8,"key":"FearPotion"}],"is_trial":false,"path_per_floor":["M","M","M","M","M","E","R","E","T","?","M","?","$","M","R","B"],"character_chosen":"IRONCLAD","items_purchased":[],"campfire_rested":0,"item_purchase_floors":[],"current_hp_per_floor":[58,64,68,73,67,38,38,15,15,15,20,45,45,47,47,0],"gold":99,"neow_bonus":"REMOVE_TWO","is_prod":false,"is_daily":false,"chose_seed":false,"campfire_upgraded":2,"win_rate":0,"timestamp":1567125761,"path_taken":["M","M","M","M","M","E","R","E","T","?","M","?","$","?","R","BOSS"],"build_version":"2019-07-17","purchased_purges":1,"victory":false,"max_hp_per_floor":[75,75,75,75,75,75,75,75,75,75,75,75,75,75,75,75],"card_choices":[{"not_picked":["Sever Soul","Pummel"],"picked":"Anger","floor":1},{"not_picked":["Perfected Strike","Infernal Blade"],"picked":"Headbutt","floor":2},{"not_picked":["Anger","Pommel Strike"],"picked":"Spot Weakness","floor":3},{"not_picked":["Hemokinesis","Sword Boomerang","Fiend Fire"],"picked":"SKIP","floor":4},{"not_picked":["Pommel Strike","Sword Boomerang"],"picked":"Battle Trance","floor":5},{"not_picked":["Bludgeon","Wild Strike","Carnage"],"picked":"SKIP","floor":6},{"not_picked":["Dropkick","Infernal Blade"],"picked":"Flame Barrier","floor":8},{"not_picked":["True Grit","Sentinel"],"picked":"Dropkick","floor":11},{"not_picked":["Thunderclap","Combust"],"picked":"Inflame","floor":14}],"player_experience":309315,"relics_obtained":[{"floor":6,"key":"Sundial"},{"floor":8,"key":"Meat on the Bone"},{"floor":9,"key":"Blue Candle"}],"event_choices":[{"damage_healed":0,"gold_gain":0,"player_choice":"Take Wound","damage_taken":0,"relics_obtained":["Golden Idol"],"max_hp_gain":0,"max_hp_loss":0,"event_name":"Golden Idol","floor":10,"gold_loss":0,"cards_obtained":["Injury"]},{"damage_healed":25,"gold_gain":0,"player_choice":"Banana","damage_taken":0,"max_hp_gain":0,"max_hp_loss":0,"event_name":"Big Fish","floor":12,"gold_loss":0}],"is_beta":false,"boss_relics":[],"items_purged_floors":[13],"is_endless":false,"potions_floor_spawned":[1,2,4,8],"killed_by":"The Guardian","ascension_level":16}