{"path_per_floor":["M","?","M","M","M","E","M","R","T","E","M","R","M","M","R"],"character_chosen":"IRONCLAD","items_purchased":[],"gold_per_floor":[109,109,124,138,150,177,191,191,217,246,259,259,273,290,290],"floor_reached":16,"campfire_rested":1,"playtime":892,"current_hp_per_floor":[86,86,88,88,54,27,33,59,59,44,31,31,37,40,40],"items_purged":[],"gold":290,"score":122,"play_id":"6ac30d37-6d51-4803-b6ac-6610cd602d49","local_time":"20180320113222","is_prod":false,"is_daily":false,"is_ascension_mode":true,"campfire_upgraded":2,"timestamp":1521541942,"path_taken":["M","?","?","M","M","E","M","R","T","E","M","R","M","M","R","BOSS"],"build_version":"2018-03-15v3","purchased_purges":0,"victory":false,"master_deck":["Strike_R","Strike_R","Strike_R","Strike_R","Strike_R","Defend_R","Defend_R","Defend_R","Defend_R","Bash","Anger","Sentinel","Warcry","Cleave","Thunderclap","Rupture","Hemokinesis","Armaments+1","Infernal Blade","Limit Break+1"],"max_hp_per_floor":[88,88,88,88,88,88,88,88,88,88,88,88,88,88,88],"relics":["Burning Blood","Bag of Preparation","Vajra","Juzu Bracelet"],"card_choices":[{"not_picked":["Sever Soul","Second Wind"],"picked":"Anger"},{"not_picked":["Entrench","Wild Strike"],"picked":"Sentinel"},{"not_picked":["Clash","Whirlwind"],"picked":"Warcry"},{"not_picked":["Headbutt","Twin Strike"],"picked":"Cleave"},{"not_picked":["Clothesline","Twin Strike"],"picked":"Thunderclap"},{"not_picked":["Entrench","Pommel Strike"],"picked":"Rupture"},{"not_picked":["Headbutt","Burning Pact"],"picked":"Hemokinesis"},{"not_picked":["Clothesline","Reckless Charge"],"picked":"Armaments"},{"not_picked":["Wild Strike","Flex"],"picked":"Infernal Blade"},{"not_picked":["Clothesline","Body Slam"],"picked":"Limit Break"}],"player_experience":112777,"potions_floor_usage":[5,10,13,16],"damage_taken":[{"damage":8,"enemies":"Small Slimes","floor":1,"turns":3},{"damage":0,"enemies":"2 Louse","floor":3,"turns":2},{"damage":6,"enemies":"Jaw Worm","floor":4,"turns":3},{"damage":40,"enemies":"Gremlin Gang","floor":5,"turns":6},{"damage":33,"enemies":"3 Sentries","floor":6,"turns":8},{"damage":0,"enemies":"2 Fungi Beasts","floor":7,"turns":2},{"damage":21,"enemies":"Lagavulin","floor":10,"turns":5},{"damage":19,"enemies":"Exordium Thugs","floor":11,"turns":5},{"damage":0,"enemies":"Large Slime","floor":13,"turns":5},{"damage":3,"enemies":"2 Fungi Beasts","floor":14,"turns":3},{"damage":42,"enemies":"The Guardian","floor":16,"turns":5}],"event_choices":[{"event_name":"Golden Wing","player_choice":"Ignored","floor":2,"damage_taken":0}],"boss_relics":[],"potions_floor_spawned":[1,3,7,10,11],"seed_played":"6993421110032591687","killed_by":"The Guardian","ascension_level":1,"is_trial":false}