{"gold_per_floor":[116,62,76,93,104,104,118,118,141,161,187,187,187,204,204,307,307,324,324,324,324,149,149,160,160,160,160,160,176,196,209,209,312,312,328,102,120,120,120,120,133,133,133,151,169,169,189,189,189,189],"floor_reached":51,"playtime":3313,"items_purged":["Armaments"],"score":626,"play_id":"1706d601-0e27-4db8-befd-6e4fb67ead79","local_time":"20181227101100","is_ascension_mode":false,"campfire_choices":[{"data":"Offering","floor":6,"key":"SMITH"},{"floor":12,"key":"REST"},{"floor":15,"key":"REST"},{"data":"True Grit","floor":23,"key":"SMITH"},{"data":"Apotheosis","floor":25,"key":"SMITH"},{"floor":32,"key":"REST"},{"floor":40,"key":"REST"},{"floor":42,"key":"REST"},{"floor":46,"key":"REST"},{"floor":49,"key":"REST"}],"neow_cost":"NONE","seed_source_timestamp":222428606775740,"circlet_count":0,"master_deck":["Strike_R","Strike_R","Strike_R","Strike_R","Defend_R","Defend_R","Defend_R","Defend_R","Bash","Clash","Shrug It Off","Perfected Strike+1","Perfected Strike","Offering+1","Pommel Strike","Intimidate","True Grit+1","Juggernaut","Body Slam","Apotheosis+1","Metallicize+1","Body Slam","Infernal Blade","Bludgeon","Battle Trance","Seeing Red","Shrug It Off","Battle Trance+1","Flame Barrier","Good Instincts"],"relics":["Burning Blood","NeowsBlessing","Bag of Preparation","Oddly Smooth Stone","Sozu","Bronze Scales","Dodecahedron","Fusion Hammer","Pen Nib","Pantograph"],"potions_floor_usage":[],"damage_taken":[{"damage":0,"enemies":"Cultist","floor":1,"turns":1},{"damage":0,"enemies":"Small Slimes","floor":3,"turns":1},{"damage":0,"enemies":"2 Louse","floor":4,"turns":1},{"damage":9,"enemies":"Blue Slaver","floor":5,"turns":4},{"damage":14,"enemies":"Gremlin Gang","floor":7,"turns":4},{"damage":6,"enemies":"Lots of Slimes","floor":10,"turns":4},{"damage":32,"enemies":"Lagavulin","floor":11,"turns":4},{"damage":15,"enemies":"Exordium Thugs","floor":14,"turns":6},{"damage":77,"enemies":"The Guardian","floor":16,"turns":14},{"damage":26,"enemies":"3 Byrds","floor":18,"turns":6},{"damage":9,"enemies":"Shell Parasite","floor":24,"turns":4},{"damage":7,"enemies":"Centurion and Healer","floor":29,"turns":5},{"damage":0,"enemies":"3 Cultists","floor":30,"turns":5},{"damage":20,"enemies":"Cultist and Chosen","floor":31,"turns":5},{"damage":43,"enemies":"Champ","floor":33,"turns":8},{"damage":0,"enemies":"Orb Walker","floor":35,"turns":2},{"damage":0,"enemies":"3 Shapes","floor":37,"turns":2},{"damage":20,"enemies":"Maw","floor":41,"turns":6},{"damage":50,"enemies":"Spire Growth","floor":44,"turns":5},{"damage":6,"enemies":"3 Darklings","floor":45,"turns":4},{"damage":0,"enemies":"Sphere and 2 Shapes","floor":47,"turns":4},{"damage":34,"enemies":"Awakened One","floor":50,"turns":9}],"seed_played":"580876309570981840","potions_obtained":[{"floor":4,"key":"Swift Potion"},{"floor":7,"key":"Poison Potion"},{"floor":10,"key":"Fire Potion"},{"floor":16,"key":"AttackPotion"}],"is_trial":false,"path_per_floor":["M","$","M","M","M","R","M","$","T","M","E","R","?","M","R","B",null,"M","?","?","?","$","R","M","R","T","?","$","M","M","M","R","B",null,"M","$","M","$","?","R","M","R","T","M","M","R","M","?","R","B",null],"character_chosen":"IRONCLAD","items_purchased":["Shrug It Off","Apotheosis","Pen Nib"],"campfire_rested":7,"item_purchase_floors":[2,22,36],"current_hp_per_floor":[80,80,80,80,77,77,69,69,69,69,43,67,67,58,80,9,80,60,60,60,60,60,60,57,57,57,57,57,56,62,48,72,35,80,80,80,80,80,80,80,66,80,80,36,36,60,66,66,80,52],"gold":189,"neow_bonus":"THREE_ENEMY_KILL","is_prod":false,"is_daily":false,"chose_seed":false,"campfire_upgraded":3,"win_rate":0.0,"timestamp":1545873060,"path_taken":["M","$","M","M","M","R","M","$","T","M","E","R","?","M","R","BOSS","M","?","?","?","?","R","?","R","T","?","$","M","M","M","R","BOSS","M","$","M","?","?","R","M","R","T","M","M","R","M","?","R","BOSS"],"build_version":"2018-12-20","purchased_purges":1,"victory":true,"max_hp_per_floor":[80,80,80,80,80,80,80,80,80,80,80,80,80,80,80,80,80,80,80,80,80,80,80,80,80,80,80,80,80,80,80,80,80,80,80,80,80,80,80,80,80,80,80,80,80,80,80,80,80,80],"card_choices":[{"not_picked":["Clothesline","Bloodletting"],"picked":"Clash","floor":1},{"not_picked":["Clash","Fire Breathing"],"picked":"Perfected Strike","floor":3},{"not_picked":["Sword Boomerang","Clash"],"picked":"Perfected Strike","floor":4},{"not_picked":["Thunderclap","Perfected Strike"],"picked":"Offering","floor":5},{"not_picked":["Disarm","Iron Wave"],"picked":"Pommel Strike","floor":7},{"not_picked":["Inflame","Cleave","Iron Wave"],"picked":"SKIP","floor":10},{"not_picked":["Thunderclap","Combust"],"picked":"Intimidate","floor":11},{"not_picked":["Pommel Strike","Body Slam"],"picked":"True Grit","floor":14},{"not_picked":["Fiend Fire","Reaper"],"picked":"Juggernaut","floor":16},{"not_picked":["Clash","Twin Strike"],"picked":"Armaments","floor":18},{"not_picked":["Intimidate","Dropkick"],"picked":"Metallicize+1","floor":24},{"not_picked":["Headbutt","Inflame"],"picked":"Body Slam","floor":29},{"not_picked":["Headbutt","Warcry","Sword Boomerang"],"picked":"SKIP","floor":30},{"not_picked":["Sword Boomerang+1","Sever Soul"],"picked":"Infernal Blade","floor":31},{"not_picked":["Berserk","Juggernaut"],"picked":"Bludgeon","floor":33},{"not_picked":["Bloodletting+1","Dropkick"],"picked":"Battle Trance","floor":35},{"not_picked":["Feel No Pain+1","Cleave+1"],"picked":"Seeing Red","floor":37},{"not_picked":["Thunderclap+1","Flame Barrier"],"picked":"Shrug It Off","floor":41},{"not_picked":["Rage","True Grit"],"picked":"Battle Trance+1","floor":44},{"not_picked":["Flex","Cleave+1"],"picked":"Flame Barrier","floor":45},{"not_picked":["Clash","Feel No Pain+1","Corruption+1"],"picked":"SKIP","floor":47},{"not_picked":["Forethought","Dark Shackles"],"picked":"Good Instincts","floor":48}],"player_experience":530,"relics_obtained":[{"floor":9,"key":"Bag of Preparation"},{"floor":11,"key":"Oddly Smooth Stone"},{"floor":26,"key":"Dodecahedron"},{"floor":43,"key":"Pantograph"}],"event_choices":[{"cards_removed":["Strike_R"],"damage_healed":0,"gold_gain":0,"player_choice":"Forget","damage_taken":0,"max_hp_gain":0,"max_hp_loss":0,"event_name":"Living Wall","floor":13,"gold_loss":0},{"damage_healed":0,"gold_gain":0,"player_choice":"Opened","damage_taken":0,"relics_obtained":["Bronze Scales"],"max_hp_gain":0,"max_hp_loss":0,"event_name":"The Mausoleum","floor":19,"gold_loss":0},{"damage_healed":0,"gold_gain":0,"player_choice":"Read","damage_taken":0,"max_hp_gain":0,"max_hp_loss":0,"event_name":"The Library","floor":20,"gold_loss":0,"cards_obtained":["Body Slam"]},{"damage_healed":0,"gold_gain":0,"player_choice":"Ignored","damage_taken":0,"max_hp_gain":0,"max_hp_loss":0,"event_name":"Vampires","floor":21,"gold_loss":0},{"damage_healed":0,"gold_gain":0,"player_choice":"Upgraded","damage_taken":0,"max_hp_gain":0,"max_hp_loss":0,"event_name":"Upgrade Shrine","floor":27,"gold_loss":0,"cards_upgraded":["Perfected Strike"]},{"damage_healed":0,"gold_gain":0,"player_choice":"Ignored","damage_taken":0,"max_hp_gain":0,"max_hp_loss":0,"event_name":"Mysterious Sphere","floor":39,"gold_loss":0},{"damage_healed":0,"gold_gain":0,"player_choice":"Memory 1","damage_taken":0,"max_hp_gain":0,"max_hp_loss":0,"event_name":"SensoryStone","floor":48,"gold_loss":0}],"is_beta":false,"boss_relics":[{"not_picked":["Eternal Feather","Lizard Tail"],"picked":"Sozu"},{"not_picked":["Philosopher\u0027s Stone","Runic Pyramid"],"picked":"Fusion Hammer"}],"items_purged_floors":[36],"is_endless":false,"potions_floor_spawned":[4,7,10,16,18,24,29,33,35,37,45],"ascension_level":0}