{"gold_per_floor":[113,113,128,128,142,142,172,172,172,172,184,194,225,244,244,344,344,333,333,346,261,8,8,37,37,37,53,69,69,69,85,85,184,184,199,199,213,213,213,213,227,243,292,317,331,331,350,363,363,363,363,363,6,40,40],"floor_reached":55,"playtime":7482,"items_purged":["Pain"],"score":931,"play_id":"650ad495-668f-47c0-9ca6-708d0b270f65","local_time":"20190830121137","is_ascension_mode":false,"campfire_choices":[{"data":"White Noise","floor":6,"key":"SMITH"},{"floor":8,"key":"REST"},{"floor":15,"key":"REST"},{"data":"Enlightenment","floor":23,"key":"SMITH"},{"floor":25,"key":"RECALL"},{"data":"Stack","floor":30,"key":"SMITH"},{"floor":32,"key":"REST"},{"data":"Seek","floor":40,"key":"SMITH"},{"data":"Seek","floor":46,"key":"SMITH"},{"data":"Stack","floor":49,"key":"SMITH"},{"data":"Coolheaded","floor":52,"key":"SMITH"}],"neow_cost":"NONE","seed_source_timestamp":0,"circlet_count":0,"master_deck":["Strike_B","Strike_B","Defend_B","Zap","Dualcast","White Noise+1","Coolheaded+1","Turbo","Sweeping Beam","Go for the Eyes","Beam Cell","Stack+1","Seek+1","Force Field","Seek+1","Turbo+1","Gash","Glacier","Enlightenment+1","Reinforced Body","Leap","Auto Shields","Hologram","Stack+1","Doom and Gloom","Echo Form+1","Self Repair+1","Magnetism+1","Panache+1","Jack Of All Trades","Turbo","Stack","Hologram","Amplify","Capacitor+1","Melter+1","Defragment+1","Mind Blast","Static Discharge+1","Sunder+1"],"special_seed":0,"relics":["Cracked Core","Unceasing Top","Calipers","WarpedTongs","Oddly Smooth Stone","Empty Cage","Cables","PreservedInsect","Frozen Egg 2","Lizard Tail","Kunai","Medical Kit","Bronze Scales"],"potions_floor_usage":[7,12,16,24,33,33,33,45,50,50],"damage_taken":[{"damage":10,"enemies":"Small Slimes","floor":1,"turns":5},{"damage":6,"enemies":"Jaw Worm","floor":3,"turns":4},{"damage":0,"enemies":"Cultist","floor":5,"turns":3},{"damage":19,"enemies":"Lagavulin","floor":7,"turns":7},{"damage":28,"enemies":"Exordium Thugs","floor":11,"turns":4},{"damage":6,"enemies":"Looter","floor":12,"turns":3},{"damage":12,"enemies":"3 Sentries","floor":13,"turns":7},{"damage":5,"enemies":"2 Fungi Beasts","floor":14,"turns":3},{"damage":28,"enemies":"Slime Boss","floor":16,"turns":12},{"damage":16,"enemies":"2 Thieves","floor":18,"turns":4},{"damage":9,"enemies":"Spheric Guardian","floor":20,"turns":6},{"damage":0,"enemies":"Gremlin Leader","floor":24,"turns":13},{"damage":0,"enemies":"Snecko","floor":27,"turns":12},{"damage":4,"enemies":"Shelled Parasite and Fungi","floor":28,"turns":12},{"damage":8,"enemies":"Snake Plant","floor":31,"turns":6},{"damage":3,"enemies":"Champ","floor":33,"turns":20},{"damage":0,"enemies":"3 Darklings","floor":35,"turns":5},{"damage":0,"enemies":"3 Shapes","floor":37,"turns":4},{"damage":0,"enemies":"3 Darklings","floor":41,"turns":2},{"damage":12,"enemies":"Jaw Worm Horde","floor":42,"turns":5},{"damage":4,"enemies":"Reptomancer","floor":44,"turns":4},{"damage":0,"enemies":"Maw","floor":45,"turns":7},{"damage":14,"enemies":"4 Shapes","floor":47,"turns":2},{"damage":16,"enemies":"Spire Growth","floor":48,"turns":7},{"damage":30,"enemies":"Donu and Deca","floor":50,"turns":10},{"damage":37,"enemies":"Shield and Spear","floor":54,"turns":4},{"damage":105,"enemies":"The Heart","floor":55,"turns":6}],"seed_played":"8032073670646023240","potions_obtained":[{"floor":5,"key":"Strength Potion"},{"floor":11,"key":"Regen Potion"},{"floor":13,"key":"Swift Potion"},{"floor":14,"key":"GamblersBrew"},{"floor":27,"key":"AttackPotion"},{"floor":28,"key":"Dexterity Potion"},{"floor":29,"key":"Regen Potion"},{"floor":29,"key":"Weak Potion"},{"floor":33,"key":"Ancient Potion"},{"floor":35,"key":"Fire Potion"},{"floor":37,"key":"Energy Potion"},{"floor":45,"key":"Poison Potion"},{"floor":47,"key":"FairyPotion"}],"is_trial":false,"path_per_floor":["M","?","M","?","M","R","E","R","T","?","M","M","E","M","R","B",null,"M","?","M","?","$","R","E","R","T","M","M","?","R","M","R","B",null,"M","?","M","?","?","R","M","M","T","E","M","R","M","M","R","B",null,"R","$","E","B"],"character_chosen":"DEFECT","items_purchased":["Enlightenment","Reinforced Body","Leap","Mind Blast","Static Discharge+1","Medical Kit"],"campfire_rested":3,"item_purchase_floors":[22,22,22,53,53,53],"current_hp_per_floor":[65,58,52,57,57,57,38,62,62,62,34,33,21,16,40,12,80,64,64,55,55,55,55,55,55,55,55,51,51,51,43,67,79,80,80,70,70,70,70,70,80,78,78,80,80,80,76,80,80,60,80,80,80,53,0],"gold":40,"neow_bonus":"TRANSFORM_CARD","is_prod":false,"is_daily":false,"chose_seed":false,"campfire_upgraded":7,"win_rate":0,"timestamp":1567181497,"path_taken":["M","?","M","?","M","R","E","R","T","?","M","?","E","M","R","BOSS","M","?","M","?","$","R","E","R","T","M","M","?","R","?","R","BOSS","M","?","M","?","?","R","M","M","T","E","M","R","M","M","R","BOSS","R","$","E","BOSS"],"build_version":"2019-07-17","purchased_purges":1,"victory":false,"max_hp_per_floor":[75,75,75,80,80,80,80,80,80,80,80,80,80,80,80,80,80,80,80,80,80,80,80,80,80,80,80,80,80,80,80,80,80,80,80,80,80,80,80,80,80,80,80,80,80,80,80,80,80,80,80,80,80,80,80],"card_choices":[{"not_picked":["White Noise","Barrage"],"picked":"Coolheaded","floor":1},{"not_picked":["Leap","Compile Driver"],"picked":"Turbo","floor":3},{"not_picked":["Hello World","Chill"],"picked":"Sweeping Beam","floor":5},{"not_picked":["Leap","Hologram"],"picked":"Go for the Eyes","floor":7},{"not_picked":["FTL","Steam"],"picked":"Beam Cell","floor":11},{"not_picked":["Storm","Scrape"],"picked":"Stack","floor":12},{"not_picked":["Aggregate","White Noise"],"picked":"Seek","floor":13},{"not_picked":["Reprogram","Undo"],"picked":"Force Field","floor":14},{"not_picked":["Fission","Multi-Cast"],"picked":"Seek","floor":16},{"not_picked":["Cold Snap+1","Chill"],"picked":"Turbo+1","floor":18},{"not_picked":["Redo","Turbo"],"picked":"Glacier","floor":20},{"not_picked":["Rebound","Stack"],"picked":"Auto Shields","floor":24},{"not_picked":["BootSequence","Turbo"],"picked":"Hologram","floor":27},{"not_picked":["Steam+1","Undo"],"picked":"Stack","floor":28},{"not_picked":["Compile Driver","Aggregate"],"picked":"Doom and Gloom","floor":31},{"not_picked":["Meteor Strike","Fission"],"picked":"Echo Form+1","floor":33},{"not_picked":["Rebound+1","Coolheaded"],"picked":"Self Repair+1","floor":35},{"not_picked":["Mind Blast","Secret Technique"],"picked":"Magnetism+1","floor":36},{"not_picked":["Transmutation","Chrysalis"],"picked":"Panache+1","floor":36},{"not_picked":["Enlightenment","Finesse"],"picked":"Jack Of All Trades","floor":36},{"not_picked":["Barrage","Leap+1"],"picked":"Turbo","floor":37},{"not_picked":["Go for the Eyes+1","Darkness"],"picked":"Stack","floor":41},{"not_picked":["Steam Power","Conserve Battery"],"picked":"Hologram","floor":42},{"not_picked":["Go for the Eyes","Ball Lightning"],"picked":"Amplify","floor":44},{"not_picked":["Go for the Eyes+1","Storm+1"],"picked":"Capacitor+1","floor":45},{"not_picked":["Glacier+1","Recycle+1"],"picked":"Melter+1","floor":47},{"not_picked":["Barrage+1","Streamline"],"picked":"Defragment+1","floor":48},{"not_picked":["Fission","Sweeping Beam+1"],"picked":"Sunder+1","floor":54}],"player_experience":148653,"relics_obtained":[{"floor":7,"key":"Unceasing Top"},{"floor":9,"key":"Calipers"},{"floor":13,"key":"Oddly Smooth Stone"},{"floor":24,"key":"PreservedInsect"},{"floor":26,"key":"Frozen Egg 2"},{"floor":44,"key":"Kunai"},{"floor":54,"key":"Bronze Scales"}],"event_choices":[{"cards_removed":["Defend_B"],"damage_healed":0,"gold_gain":0,"player_choice":"Card Removal","damage_taken":7,"max_hp_gain":0,"max_hp_loss":0,"event_name":"Golden Wing","floor":2,"gold_loss":0},{"damage_healed":0,"gold_gain":0,"player_choice":"Donut","damage_taken":0,"max_hp_gain":5,"max_hp_loss":0,"event_name":"Big Fish","floor":4,"gold_loss":0},{"damage_healed":0,"gold_gain":0,"player_choice":"Rummage","damage_taken":0,"relics_obtained":["WarpedTongs"],"max_hp_gain":0,"max_hp_loss":0,"event_name":"Accursed Blacksmith","floor":10,"gold_loss":0,"cards_obtained":["Pain"]},{"damage_healed":0,"gold_gain":0,"player_choice":"Read","damage_taken":0,"max_hp_gain":0,"max_hp_loss":0,"event_name":"The Library","floor":19,"gold_loss":0,"cards_obtained":["Gash"]},{"damage_healed":0,"gold_gain":0,"player_choice":"Obtained Relic","damage_taken":0,"relics_obtained":["Cables"],"max_hp_gain":0,"max_hp_loss":0,"event_name":"Addict","floor":21,"gold_loss":85},{"damage_healed":0,"gold_gain":0,"player_choice":"Got Potions","damage_taken":0,"max_hp_gain":0,"max_hp_loss":0,"event_name":"Lab","floor":29,"gold_loss":0},{"damage_healed":0,"gold_gain":0,"player_choice":"Memory 3","damage_taken":10,"max_hp_gain":0,"max_hp_loss":0,"event_name":"SensoryStone","floor":36,"gold_loss":0},{"damage_healed":0,"gold_gain":0,"player_choice":"Ignored","damage_taken":0,"max_hp_gain":0,"max_hp_loss":0,"event_name":"Tomb of Lord Red Mask","floor":38,"gold_loss":0},{"cards_removed":["Defend_B"],"damage_healed":0,"gold_gain":0,"player_choice":"Removed Skill","damage_taken":0,"max_hp_gain":0,"max_hp_loss":0,"event_name":"Falling","floor":39,"gold_loss":0}],"is_beta":false,"boss_relics":[{"not_picked":["Philosopher\u0027s Stone","Fusion Hammer"],"picked":"Empty Cage"},{"not_picked":["Tiny House","Orrery"],"picked":"Lizard Tail"}],"items_purged_floors":[22],"is_endless":false,"potions_floor_spawned":[5,11,13,14,27,28,33,35,37,45,47,48],"killed_by":"The Heart","ascension_level":0}