{"gold_per_floor":[119,134,144,51,69,95,95,109,161,202,214,226,238,263,275,388,400,422,434,456,468,149,149,149,159,159,159,185,33,52,67,67,67],"floor_reached":33,"playtime":2034,"items_purged":["Perfected Strike","Writhe"],"score":388,"play_id":"1e15c371-197a-4851-adb8-4bec39b62849","local_time":"20190823214750","is_ascension_mode":true,"campfire_choices":[{"floor":7,"key":"REST"},{"floor":15,"key":"REST"},{"data":"Body Slam","floor":23,"key":"SMITH"},{"floor":27,"key":"REST"},{"floor":32,"key":"REST"}],"neow_cost":"NONE","seed_source_timestamp":732604958053800,"circlet_count":0,"master_deck":["Bash","Heavy Blade","Flex","True Grit","Flex","Shrug It Off","Headbutt","Twin Strike","Offering","Pummel","Body Slam+1","Havoc","Bludgeon","Disarm","Clothesline","Searing Blow","Twin Strike","Shrug It Off","Flame Barrier","Ghostly Armor","Metamorphosis","J.A.X.","Spot Weakness+1","Whirlwind","Power Through"],"relics":["Burning Blood","NeowsBlessing","Happy Flower","MawBank","Question Card","Pandora\u0027s Box","Red Skull","Sundial","Strawberry"],"potions_floor_usage":[6,10,16,16,18,25,28,33,33,33],"damage_taken":[{"damage":0,"enemies":"Cultist","floor":1,"turns":1},{"damage":0,"enemies":"Small Slimes","floor":2,"turns":1},{"damage":0,"enemies":"Jaw Worm","floor":3,"turns":1},{"damage":20,"enemies":"2 Fungi Beasts","floor":5,"turns":4},{"damage":32,"enemies":"3 Sentries","floor":6,"turns":7},{"damage":11,"enemies":"Blue Slaver","floor":8,"turns":4},{"damage":38,"enemies":"Gremlin Nob","floor":10,"turns":5},{"damage":11,"enemies":"Exordium Thugs","floor":14,"turns":4},{"damage":54,"enemies":"The Guardian","floor":16,"turns":11},{"damage":16,"enemies":"2 Thieves","floor":18,"turns":3},{"damage":6,"enemies":"Spheric Guardian","floor":20,"turns":3},{"damage":33,"enemies":"Cultist and Chosen","floor":25,"turns":5},{"damage":39,"enemies":"Slavers","floor":28,"turns":5},{"damage":25,"enemies":"Snake Plant","floor":30,"turns":4},{"damage":14,"enemies":"Snecko","floor":31,"turns":5},{"damage":52,"enemies":"Collector","floor":33,"turns":5}],"seed_played":"4391527700742669490","potions_obtained":[{"floor":1,"key":"SteroidPotion"},{"floor":8,"key":"EssenceOfSteel"},{"floor":10,"key":"Block Potion"},{"floor":13,"key":"Fire Potion"},{"floor":13,"key":"AttackPotion"},{"floor":16,"key":"PowerPotion"},{"floor":28,"key":"PowerPotion"},{"floor":30,"key":"Strength Potion"}],"is_trial":false,"path_per_floor":["M","M","M","$","M","E","R","M","T","E","?","$","?","M","R","B",null,"M","?","M","?","$","R","?","M","T","R","E","$","M","M","R","B"],"character_chosen":"IRONCLAD","items_purchased":["Flex","Shrug It Off","BloodPotion","Metamorphosis","Block Potion"],"campfire_rested":4,"item_purchase_floors":[4,4,22,22,29],"current_hp_per_floor":[78,80,80,80,66,40,64,59,59,27,53,53,53,48,72,24,66,56,56,56,56,56,56,56,49,49,73,47,47,28,20,46,0],"gold":67,"neow_bonus":"THREE_ENEMY_KILL","is_prod":false,"is_daily":false,"chose_seed":false,"campfire_upgraded":1,"win_rate":0,"timestamp":1566564470,"path_taken":["M","M","M","$","M","E","R","M","T","E","?","$","?","?","R","BOSS","M","?","M","?","$","R","?","M","T","R","E","?","M","M","R","BOSS"],"build_version":"2019-07-17","purchased_purges":2,"victory":false,"max_hp_per_floor":[80,80,80,80,80,80,80,80,80,80,80,80,80,80,80,80,80,80,80,80,80,80,80,80,80,80,80,87,87,87,87,87,87],"card_choices":[{"not_picked":["Battle Trance","Cleave"],"picked":"Heavy Blade","floor":1},{"not_picked":["Headbutt","Clash"],"picked":"Flex","floor":2},{"not_picked":["Searing Blow","Combust"],"picked":"True Grit","floor":3},{"not_picked":["Armaments","Wild Strike"],"picked":"Headbutt","floor":5},{"not_picked":["Pommel Strike","Headbutt"],"picked":"Twin Strike","floor":6},{"not_picked":["Flex","Rampage","Headbutt"],"picked":"SKIP","floor":8},{"not_picked":["Infernal Blade","Sever Soul","Havoc"],"picked":"SKIP","floor":10},{"not_picked":["Iron Wave","Warcry","Rampage","Pummel"],"picked":"SKIP","floor":14},{"not_picked":["Double Tap","Feed","Bludgeon"],"picked":"Offering","floor":16},{"not_picked":["Twin Strike","Wild Strike","Entrench"],"picked":"Shrug It Off","floor":18},{"not_picked":["Intimidate","True Grit","Spot Weakness"],"picked":"Ghostly Armor","floor":20},{"not_picked":["Headbutt","Whirlwind","Flex+1"],"picked":"Spot Weakness+1","floor":25},{"not_picked":["Dropkick","Double Tap","Evolve"],"picked":"Whirlwind","floor":28},{"not_picked":["Bloodletting","Iron Wave","Headbutt","Twin Strike"],"picked":"SKIP","floor":30},{"not_picked":["Body Slam","Clothesline","Flex"],"picked":"Power Through","floor":31}],"player_experience":187620,"relics_obtained":[{"floor":6,"key":"Happy Flower"},{"floor":9,"key":"MawBank"},{"floor":10,"key":"Question Card"},{"floor":26,"key":"Sundial"},{"floor":28,"key":"Strawberry"}],"event_choices":[{"damage_healed":26,"gold_gain":0,"player_choice":"Banana","damage_taken":0,"max_hp_gain":0,"max_hp_loss":0,"event_name":"Big Fish","floor":11,"gold_loss":0},{"damage_healed":0,"gold_gain":0,"player_choice":"Got Potions","damage_taken":0,"max_hp_gain":0,"max_hp_loss":0,"event_name":"Lab","floor":13,"gold_loss":0},{"damage_healed":0,"gold_gain":0,"player_choice":"Read","damage_taken":0,"max_hp_gain":0,"max_hp_loss":0,"event_name":"The Library","floor":19,"gold_loss":0,"cards_obtained":["Flame Barrier"]},{"damage_healed":0,"gold_gain":0,"player_choice":"Opened","damage_taken":0,"relics_obtained":["Red Skull"],"max_hp_gain":0,"max_hp_loss":0,"event_name":"The Mausoleum","floor":21,"gold_loss":0,"cards_obtained":["Writhe"]},{"damage_healed":0,"gold_gain":0,"player_choice":"Obtain J.A.X.","damage_taken":0,"max_hp_gain":0,"max_hp_loss":0,"event_name":"Drug Dealer","floor":24,"gold_loss":0,"cards_obtained":["J.A.X."]}],"is_beta":false,"boss_relics":[{"not_picked":["Orrery","Tiny House"],"picked":"Pandora\u0027s Box"}],"items_purged_floors":[22,29],"is_endless":false,"potions_floor_spawned":[1,8,10,16,28,30],"killed_by":"Collector","ascension_level":8}