{"gold_per_floor":[114,129,144,144,159,159,174,204,204,204,129,159,189,204,204,304,304,319,334,334,349,364,394,409,409,409,121,146,146,161,176,176,276,276,291,306,321,301,316,316,346,346,346,361,60,75,90,90],"floor_reached":48,"playtime":3527,"items_purged":["Strike_B","Strike_B+1","Dualcast"],"score":510,"play_id":"2b5dced2-bd87-412f-a6bb-2e7613d5f3f8","local_time":"20190812040114","daily_mods":["Heirloom","Uncertain Future","DeadlyEvents"],"is_ascension_mode":false,"campfire_choices":[{"data":"Fusion","floor":6,"key":"SMITH"},{"data":"Double Energy","floor":10,"key":"SMITH"},{"floor":15,"key":"REST"},{"floor":29,"key":"REST"},{"floor":32,"key":"REST"},{"floor":40,"key":"REST"},{"data":"Defragment","floor":42,"key":"SMITH"}],"neow_cost":"","seed_source_timestamp":0,"circlet_count":0,"master_deck":["Strike_B+1","Strike_B+1","Defend_B+1","Defend_B+1","Defend_B+1","Defend_B+1","Zap","Defragment+1","Double Energy+1","Fusion+1","Tempest","Conserve Battery","Conserve Battery","Meteor Strike+1","Tempest","Capacitor","Lockon+1","Capacitor","Electrodynamics","Reinforced Body","Double Energy+1"],"special_seed":18119,"relics":["Cracked Core","Emotion Chip","DataDisk","Dream Catcher","Ancient Tea Set","Darkstone Periapt","Black Star","Gambling Chip","Strawberry","Kunai","Membership Card","Boot","Nuclear Battery","Bag of Preparation","Whetstone","Blood Vial","Chemical X","Happy Flower"],"potions_floor_usage":[12,13,13,22,23,33,33,39,44,48],"damage_taken":[{"damage":1,"enemies":"Cultist","floor":1,"turns":3},{"damage":10,"enemies":"Small Slimes","floor":2,"turns":2},{"damage":3,"enemies":"2 Louse","floor":3,"turns":2},{"damage":10,"enemies":"Looter","floor":5,"turns":3},{"damage":6,"enemies":"Exordium Thugs","floor":7,"turns":3},{"damage":13,"enemies":"3 Sentries","floor":8,"turns":3},{"damage":25,"enemies":"Gremlin Nob","floor":12,"turns":5},{"damage":2,"enemies":"3 Sentries","floor":13,"turns":5},{"damage":2,"enemies":"Blue Slaver","floor":14,"turns":4},{"damage":12,"enemies":"Slime Boss","floor":16,"turns":6},{"damage":10,"enemies":"Shell Parasite","floor":18,"turns":4},{"damage":0,"enemies":"Spheric Guardian","floor":19,"turns":3},{"damage":2,"enemies":"Centurion and Healer","floor":21,"turns":6},{"damage":13,"enemies":"Shelled Parasite and Fungi","floor":22,"turns":4},{"damage":30,"enemies":"Gremlin Leader","floor":23,"turns":6},{"damage":10,"enemies":"Cultist and Chosen","floor":24,"turns":3},{"damage":6,"enemies":"Centurion and Healer","floor":30,"turns":3},{"damage":30,"enemies":"Snecko","floor":31,"turns":4},{"damage":9,"enemies":"Champ","floor":33,"turns":8},{"damage":7,"enemies":"Orb Walker","floor":35,"turns":2},{"damage":7,"enemies":"3 Shapes","floor":36,"turns":3},{"damage":35,"enemies":"Spire Growth","floor":37,"turns":5},{"damage":7,"enemies":"Maw","floor":39,"turns":6},{"damage":20,"enemies":"Reptomancer","floor":41,"turns":4},{"damage":1,"enemies":"Transient","floor":44,"turns":5},{"damage":17,"enemies":"Jaw Worm Horde","floor":46,"turns":3},{"damage":0,"enemies":"4 Shapes","floor":47,"turns":1},{"damage":49,"enemies":"Nemesis","floor":48,"turns":5}],"seed_played":"5650711688854660840","potions_obtained":[{"floor":1,"key":"Dexterity Potion"},{"floor":3,"key":"Block Potion"},{"floor":8,"key":"Fire Potion"},{"floor":14,"key":"Dexterity Potion"},{"floor":18,"key":"Weak Potion"},{"floor":21,"key":"SkillPotion"},{"floor":31,"key":"AttackPotion"},{"floor":36,"key":"Energy Potion"},{"floor":38,"key":"Dexterity Potion"},{"floor":41,"key":"Weak Potion"},{"floor":44,"key":"SteroidPotion"}],"is_trial":false,"path_per_floor":["M","M","M","?","M","R","M","E","T","R","$","E","E","M","R","B",null,"M","M","?","M","M","E","M","?","T","$","T","R","M","M","R","B",null,"M","M","M","?","M","R","E","R","T","M","$","M","M","E"],"character_chosen":"DEFECT","items_purchased":["Membership Card","Capacitor","Chemical X","Happy Flower","Swift Potion","Ancient Potion"],"campfire_rested":4,"item_purchase_floors":[27,27,45,45,45,45],"current_hp_per_floor":[74,64,61,61,51,51,45,32,32,32,32,7,5,3,25,13,75,65,65,65,63,50,27,17,17,17,17,17,41,35,5,29,20,82,75,68,33,33,26,50,30,30,30,31,31,16,18,0],"gold":90,"neow_bonus":"","is_prod":false,"is_daily":true,"chose_seed":false,"campfire_upgraded":3,"win_rate":0,"timestamp":1565550074,"path_taken":["M","M","M","?","M","R","M","?","T","R","$","?","E","M","R","BOSS","M","M","?","M","M","E","M","?","T","$","?","R","M","M","R","BOSS","M","M","M","?","M","R","E","R","T","M","$","?","M","?"],"build_version":"2019-07-05","purchased_purges":3,"victory":false,"max_hp_per_floor":[75,75,75,75,75,75,75,75,75,75,75,75,75,75,75,75,75,75,75,75,75,75,82,82,82,82,82,82,82,82,82,82,82,82,82,82,82,82,82,82,82,82,82,82,82,82,82,82],"card_choices":[{"not_picked":["Hello World","Beam Cell","Doom and Gloom"],"picked":"SKIP","floor":1},{"not_picked":["Conserve Battery","Blizzard"],"picked":"Defragment","floor":2},{"not_picked":["Hello World","Hologram"],"picked":"Double Energy","floor":3},{"not_picked":["Fusion","Static Discharge"],"picked":"Tempest","floor":5},{"not_picked":["Go for the Eyes","Steam","Ball Lightning"],"picked":"SKIP","floor":7},{"not_picked":["Static Discharge","Genetic Algorithm","Stack"],"picked":"SKIP","floor":8},{"not_picked":["Force Field","Steam"],"picked":"Conserve Battery","floor":12},{"not_picked":["Core Surge","Coolheaded"],"picked":"Conserve Battery","floor":13},{"not_picked":["Ball Lightning","Hologram","Go for the Eyes"],"picked":"SKIP","floor":14},{"not_picked":["Core Surge","All For One"],"picked":"Meteor Strike","floor":16},{"not_picked":["Hello World","Compile Driver"],"picked":"Tempest","floor":18},{"not_picked":["Fusion","Gash+1","Ball Lightning"],"picked":"SKIP","floor":19},{"not_picked":["Chill","Rip and Tear","Auto Shields+1"],"picked":"SKIP","floor":21},{"not_picked":["Compile Driver+1","Rebound+1","Barrage"],"picked":"SKIP","floor":22},{"not_picked":["Undo","Melter","Meteor Strike"],"picked":"SKIP","floor":23},{"not_picked":["BootSequence+1","Barrage","Fusion"],"picked":"SKIP","floor":24},{"not_picked":["Ball Lightning","Storm+1","Melter+1"],"picked":"SKIP","floor":30},{"not_picked":["Ball Lightning","Storm+1","Melter+1"],"picked":"SKIP","floor":30},{"not_picked":["Steam","Gash"],"picked":"Lockon+1","floor":31},{"not_picked":["Hologram+1","White Noise"],"picked":"Capacitor","floor":32},{"not_picked":["Meteor Strike","Core Surge"],"picked":"Electrodynamics","floor":33},{"not_picked":["Rebound+1","Leap","BootSequence+1"],"picked":"SKIP","floor":35},{"not_picked":["Conserve Battery","Coolheaded+1","Steam+1"],"picked":"SKIP","floor":36},{"not_picked":["Auto Shields","Leap+1","Hologram+1"],"picked":"SKIP","floor":37},{"not_picked":["Gash+1","Auto Shields+1","Steam+1"],"picked":"SKIP","floor":39},{"not_picked":["Self Repair","Barrage","Aggregate"],"picked":"SKIP","floor":41},{"not_picked":["Turbo","Go for the Eyes"],"picked":"Reinforced Body","floor":44},{"not_picked":["Hologram+1","Gash"],"picked":"Double Energy+1","floor":46},{"not_picked":["Force Field+1","Sunder","Defragment"],"picked":"SKIP","floor":47}],"player_experience":468234,"relics_obtained":[{"floor":8,"key":"DataDisk"},{"floor":9,"key":"Dream Catcher"},{"floor":12,"key":"Ancient Tea Set"},{"floor":13,"key":"Darkstone Periapt"},{"floor":23,"key":"Gambling Chip"},{"floor":23,"key":"Strawberry"},{"floor":26,"key":"Kunai"},{"floor":28,"key":"Boot"},{"floor":41,"key":"Bag of Preparation"},{"floor":41,"key":"Whetstone"},{"floor":43,"key":"Blood Vial"}],"event_choices":[{"damage_healed":0,"gold_gain":0,"player_choice":"1 cards matched","damage_taken":0,"max_hp_gain":0,"max_hp_loss":0,"event_name":"Match and Keep!","floor":4,"gold_loss":0,"cards_obtained":["Fusion"]},{"damage_healed":0,"gold_gain":0,"player_choice":"Ignored","damage_taken":0,"max_hp_gain":0,"max_hp_loss":0,"event_name":"Vampires","floor":20,"gold_loss":0},{"damage_healed":0,"gold_gain":0,"player_choice":"Simplicity","damage_taken":0,"max_hp_gain":0,"max_hp_loss":0,"event_name":"Back to Basics","floor":25,"gold_loss":0,"cards_upgraded":["Strike_B","Strike_B","Strike_B","Defend_B","Defend_B","Defend_B","Defend_B"]},{"damage_healed":0,"gold_gain":0,"player_choice":"Bought 1 Potion","damage_taken":0,"max_hp_gain":0,"max_hp_loss":0,"event_name":"The Woman in Blue","floor":38,"gold_loss":0}],"is_beta":false,"boss_relics":[{"not_picked":["Orrery","White Beast Statue"],"picked":"Black Star"},{"not_picked":["Lizard Tail","Pandora\u0027s Box"],"picked":"Nuclear Battery"}],"items_purged_floors":[11,27,45],"is_endless":false,"potions_floor_spawned":[1,3,8,14,18,21,31,36,41,44],"killed_by":"Nemesis","ascension_level":0}