{"gold_per_floor":[12,26,43,77,92,119,119,153,153,153,183,202,202,216,216,312,312,312,237,237,162,162,162,162,162,162,162,162,162,162,162,162,162,162,162,162,12,12,12,12,12,12,12,12,12,12,12,12,12,12,12,12,12,12,12],"floor_reached":55,"playtime":7328,"items_purged":["Writhe"],"score":1390,"play_id":"9b2bb9d4-0d65-4917-8902-1fb84cf9c046","local_time":"20190724214254","is_ascension_mode":true,"campfire_choices":[{"floor":7,"key":"REST"},{"floor":10,"key":"REST"},{"data":"Consume","floor":15,"key":"SMITH"},{"data":"Fission","floor":23,"key":"SMITH"},{"floor":25,"key":"REST"},{"data":"Amplify","floor":32,"key":"SMITH"},{"data":"Defragment","floor":40,"key":"SMITH"},{"floor":44,"key":"RECALL"},{"data":"Creative AI","floor":47,"key":"SMITH"},{"data":"Force Field","floor":49,"key":"SMITH"},{"data":"Capacitor","floor":52,"key":"SMITH"}],"neow_cost":"NO_GOLD","seed_source_timestamp":81657128991012,"circlet_count":0,"master_deck":["AscendersBane","Strike_B","Strike_B","Defend_B","Defend_B","Defend_B","Defend_B","Zap","Dualcast","Magnetism","Finesse","Rebound","Capacitor+1","Chill","Steam","Self Repair","Consume+1","Fission+1","Force Field+1","Defragment+1","Recycle","Amplify+1","Genetic Algorithm","Glacier+1","RitualDagger","Conserve Battery","Darkness+1","Double Energy+1","Aggregate+1","Reprogram+1","Creative AI+1","Reinforced Body+1","Metamorphosis+1","Impatience+1","Master of Strategy+1","Redo+1","Leap+1","Static Discharge+1","Reinforced Body+1","Parasite","Recycle+1","Storm"],"relics":["Cracked Core","Lantern","Bottled Tornado","Pocketwatch","Turnip","Ectoplasm","Toxic Egg 2","Meat on the Bone","DataDisk","Bird Faced Urn","Matryoshka","Sozu","Centennial Puzzle","Bag of Preparation","Cables","Darkstone Periapt","Letter Opener"],"potions_floor_usage":[6,11,16,24,27,27,33,41],"damage_taken":[{"damage":0,"enemies":"Cultist","floor":1,"turns":4},{"damage":7,"enemies":"Jaw Worm","floor":2,"turns":3},{"damage":5,"enemies":"2 Louse","floor":3,"turns":3},{"damage":8,"enemies":"Blue Slaver","floor":4,"turns":5},{"damage":18,"enemies":"Large Slime","floor":5,"turns":8},{"damage":25,"enemies":"Gremlin Nob","floor":6,"turns":4},{"damage":5,"enemies":"3 Sentries","floor":8,"turns":7},{"damage":2,"enemies":"Lagavulin","floor":11,"turns":8},{"damage":2,"enemies":"2 Fungi Beasts","floor":12,"turns":4},{"damage":12,"enemies":"Looter","floor":14,"turns":5},{"damage":1,"enemies":"Slime Boss","floor":16,"turns":6},{"damage":7,"enemies":"Spheric Guardian","floor":18,"turns":6},{"damage":21,"enemies":"2 Thieves","floor":19,"turns":5},{"damage":9,"enemies":"Snake Plant","floor":22,"turns":5},{"damage":38,"enemies":"Gremlin Leader","floor":24,"turns":11},{"damage":23,"enemies":"Slavers","floor":27,"turns":5},{"damage":0,"enemies":"3 Cultists","floor":28,"turns":4},{"damage":8,"enemies":"Book of Stabbing","floor":29,"turns":6},{"damage":8,"enemies":"Shelled Parasite and Fungi","floor":31,"turns":9},{"damage":67,"enemies":"Collector","floor":33,"turns":13},{"damage":21,"enemies":"Orb Walker","floor":35,"turns":4},{"damage":13,"enemies":"3 Darklings","floor":38,"turns":5},{"damage":0,"enemies":"Nemesis","floor":41,"turns":1},{"damage":0,"enemies":"Reptomancer","floor":46,"turns":7},{"damage":9,"enemies":"Writhing Mass","floor":48,"turns":6},{"damage":49,"enemies":"Time Eater","floor":50,"turns":10},{"damage":66,"enemies":"Shield and Spear","floor":54,"turns":8},{"damage":61,"enemies":"The Heart","floor":55,"turns":3}],"seed_played":"-840828884888058437","potions_obtained":[{"floor":1,"key":"Fire Potion"},{"floor":3,"key":"PowerPotion"},{"floor":8,"key":"Poison Potion"},{"floor":16,"key":"FocusPotion"},{"floor":18,"key":"Ancient Potion"},{"floor":24,"key":"PowerPotion"},{"floor":29,"key":"AttackPotion"},{"floor":33,"key":"SmokeBomb"}],"is_trial":false,"path_per_floor":["M","M","M","M","M","E","R","E","T","R","E","M","?","M","R","B",null,"M","M","?","?","M","R","E","R","T","E","M","E","?","M","R","B",null,"M","?","$","M","?","R","E","?","T","R","T","E","R","M","R","B",null,"R","$","E","B"],"character_chosen":"DEFECT","items_purchased":["Redo+1","Leap+1"],"campfire_rested":3,"item_purchase_floors":[37,37],"current_hp_per_floor":[64,57,52,44,26,1,22,24,24,45,50,55,48,43,43,42,64,64,50,44,44,42,42,18,39,39,35,54,53,53,62,62,28,60,52,42,42,44,44,44,46,46,46,46,46,71,71,70,70,69,75,75,75,54,0],"gold":12,"neow_bonus":"RANDOM_COLORLESS_2","is_prod":false,"is_daily":false,"chose_seed":false,"campfire_upgraded":7,"win_rate":0,"timestamp":1564018974,"path_taken":["M","?","M","M","M","E","R","E","T","R","E","M","?","M","R","BOSS","M","M","?","?","M","R","E","R","T","E","M","E","?","M","R","BOSS","M","?","$","M","?","R","E","?","T","R","?","E","R","?","R","BOSS","R","$","E","BOSS"],"build_version":"2019-07-17","purchased_purges":1,"victory":false,"max_hp_per_floor":[71,71,71,71,71,71,71,71,71,71,71,71,71,71,71,71,71,71,71,71,71,71,71,71,71,71,71,71,71,71,71,71,71,71,71,71,71,71,71,71,71,71,71,71,71,71,71,77,77,77,77,77,77,77,77],"card_choices":[{"not_picked":["Coolheaded","Leap"],"picked":"Rebound","floor":1},{"not_picked":["Gash","Compile Driver"],"picked":"Capacitor","floor":2},{"not_picked":["Redo","Beam Cell"],"picked":"Chill","floor":3},{"not_picked":["Gash","Skim"],"picked":"Steam","floor":4},{"not_picked":["Rebound","Tempest"],"picked":"Self Repair","floor":5},{"not_picked":["Hologram","Static Discharge"],"picked":"Consume","floor":6},{"not_picked":["Double Energy","Leap"],"picked":"Fission","floor":8},{"not_picked":["Cold Snap","Steam"],"picked":"Force Field","floor":11},{"not_picked":["Leap","Sweeping Beam"],"picked":"Defragment","floor":12},{"not_picked":["Streamline","Gash"],"picked":"Recycle","floor":14},{"not_picked":["Buffer","Seek"],"picked":"Amplify","floor":16},{"not_picked":["Barrage","Gash"],"picked":"Genetic Algorithm","floor":18},{"not_picked":["Sweeping Beam","Go for the Eyes"],"picked":"Glacier+1","floor":19},{"not_picked":["Reprogram","Gash"],"picked":"Conserve Battery","floor":22},{"not_picked":["Chaos","Conserve Battery"],"picked":"Darkness","floor":24},{"not_picked":["Ball Lightning","Stack+1"],"picked":"Double Energy+1","floor":27},{"not_picked":["Double Energy+1","Gash"],"picked":"Aggregate+1","floor":28},{"not_picked":["Go for the Eyes","Heatsinks"],"picked":"Reprogram+1","floor":29},{"not_picked":["Recycle+1","Conserve Battery+1"],"picked":"Go for the Eyes+1","floor":31},{"not_picked":["Buffer","Electrodynamics"],"picked":"Creative AI","floor":33},{"not_picked":["Steam Power+1","Scrape+1"],"picked":"Reinforced Body+1","floor":35},{"not_picked":["Violence+1","Purity+1"],"picked":"Metamorphosis+1","floor":36},{"not_picked":["Transmutation+1","Mind Blast"],"picked":"Impatience+1","floor":36},{"not_picked":["Enlightenment+1","Panacea+1"],"picked":"Master of Strategy+1","floor":36},{"not_picked":["Consume+1","Go for the Eyes"],"picked":"Static Discharge+1","floor":38},{"not_picked":["Blizzard","Sweeping Beam"],"picked":"Reinforced Body+1","floor":46},{"not_picked":["Reprogram+1","Hello World"],"picked":"Recycle+1","floor":48},{"not_picked":["Double Energy+1","Gash+1"],"picked":"Storm","floor":54}],"player_experience":291806,"relics_obtained":[{"floor":6,"key":"Lantern"},{"floor":8,"key":"Bottled Tornado"},{"floor":9,"key":"Pocketwatch"},{"floor":11,"key":"Turnip"},{"floor":24,"key":"Toxic Egg 2"},{"floor":26,"key":"Meat on the Bone"},{"floor":27,"key":"DataDisk"},{"floor":29,"key":"Bird Faced Urn"},{"floor":43,"key":"Centennial Puzzle"},{"floor":45,"key":"Bag of Preparation"},{"floor":45,"key":"Cables"},{"floor":46,"key":"Darkstone Periapt"},{"floor":54,"key":"Letter Opener"}],"event_choices":[{"cards_removed":["Strike_B"],"damage_healed":0,"gold_gain":0,"player_choice":"Card Removal","damage_taken":7,"max_hp_gain":0,"max_hp_loss":0,"event_name":"Golden Wing","floor":13,"gold_loss":0},{"damage_healed":0,"gold_gain":0,"player_choice":"Joined the Cult","damage_taken":6,"max_hp_gain":0,"max_hp_loss":0,"event_name":"Nest","floor":20,"gold_loss":0,"cards_obtained":["RitualDagger"]},{"cards_removed":["Strike_B"],"damage_healed":0,"gold_gain":0,"player_choice":"Gave Gold","damage_taken":0,"max_hp_gain":0,"max_hp_loss":0,"event_name":"Beggar","floor":21,"gold_loss":75},{"damage_healed":0,"gold_gain":0,"player_choice":"Opened","damage_taken":0,"relics_obtained":["Matryoshka"],"max_hp_gain":0,"max_hp_loss":0,"event_name":"The Mausoleum","floor":30,"gold_loss":0,"cards_obtained":["Writhe"]},{"damage_healed":0,"gold_gain":0,"player_choice":"Memory 3","damage_taken":10,"max_hp_gain":0,"max_hp_loss":0,"event_name":"SensoryStone","floor":36,"gold_loss":0},{"cards_removed":["Go for the Eyes"],"damage_healed":0,"gold_gain":0,"player_choice":"Removed Attack","damage_taken":0,"max_hp_gain":0,"max_hp_loss":0,"event_name":"Falling","floor":39,"gold_loss":0},{"damage_healed":0,"gold_gain":0,"player_choice":"Ignored","damage_taken":0,"max_hp_gain":0,"max_hp_loss":0,"event_name":"Mysterious Sphere","floor":42,"gold_loss":0}],"is_beta":false,"boss_relics":[{"not_picked":["Runic Pyramid","Pandora\u0027s Box"],"picked":"Ectoplasm"},{"not_picked":["Empty Cage","Philosopher\u0027s Stone"],"picked":"Sozu"}],"items_purged_floors":[37],"is_endless":false,"potions_floor_spawned":[1,3,5,8,16,18,19,24,29,33,35,46,54],"killed_by":"The Heart","ascension_level":15}