{"path_per_floor":["M","?","M","M","M","R","E","?","T","?","R","M","M","M","R","B",null,"M","M","?","M","$","R","M","R","T","?","?","E","M","M","R","B",null,"M","$","M","M","M","R","?","R","T","M","M","M","R","E","R","B"],"character_chosen":"THE_SILENT","items_purchased":["Apotheosis","Gremlin Horn","Infinite Blades","Dagger Spray"],"gold_per_floor":[109,109,123,133,144,144,177,177,228,228,228,246,262,281,281,411,411,424,449,449,461,1,1,17,17,17,17,17,44,59,79,79,180,180,194,63,76,93,111,111,91,91,115,133,144,157,157,182,182,182],"floor_reached":51,"campfire_rested":3,"playtime":5601,"current_hp_per_floor":[70,67,67,67,67,67,45,38,38,21,57,56,52,52,52,32,70,63,49,49,36,36,70,65,65,65,65,65,47,61,70,70,62,70,70,70,67,66,60,60,60,60,65,70,69,70,70,63,77,23],"items_purged":[],"gold":182,"play_id":"93c50421-2532-42bc-9701-1a27ef7913a5","is_prod":false,"is_daily":false,"is_ascension_mode":false,"campfire_upgraded":4,"path_taken":["M","?","M","M","M","R","E","?","T","?","R","M","?","M","R","BOSS","M","M","?","M","$","R","M","R","T","?","?","E","M","M","R","BOSS","M","$","M","M","M","R","?","R","T","M","M","M","R","E","R","BOSS"],"build_version":"2018-01-25-PROD3","purchased_purges":1,"victory":true,"master_deck":["Defend_G","Defend_G","Defend_G","Defend_G","Strike_G","Strike_G","Strike_G","Strike_G","Strike_G","Survivor","Neutralize+1","Bane","Poisoned Stab","Deflect","Poisoned Stab","Flying Knee","Quick Slash","Bullet Time","Slice","Venomology","Quick Slash","Noxious Fumes+1","Sucker Punch","Apotheosis","Dagger Throw","Bouncing Flask","Dash","Flying Knee","A Thousand Cuts+1","Riddle With Holes","Infinite Blades+1","Dagger Spray","Flying Knee+1","Well Laid Plans","Bane+1","Injury","Skewer+1","Backstab+1","Bane+1","Die Die Die"],"max_hp_per_floor":[70,70,70,70,70,70,70,70,70,70,70,70,70,70,70,70,70,70,70,70,70,70,70,70,70,70,70,70,70,70,70,70,70,70,70,70,70,70,70,70,70,70,70,70,70,70,70,77,77,77],"relics":["Ring of the Snake","Happy Flower","Orichalcum","Girya","Regal Pillow","Bloody Idol","Velvet Choker","Gremlin Horn","Thread and Needle","Tough Bandages","Ancient Tea Set","Cursed Key","Pen Nib","Strawberry"],"card_choices":[{"not_picked":["Phantasmal Killer","Dagger Throw"],"picked":"Bane"},{"not_picked":["Backstab","Deadly Poison"],"picked":"Poisoned Stab"},{"not_picked":["Dash","Prepared"],"picked":"Deflect"},{"not_picked":["Deflect","Dodge and Roll"],"picked":"Poisoned Stab"},{"not_picked":["Footwork","Glass Knife"],"picked":"Flying Knee"},{"not_picked":["PiercingWail","Prepared"],"picked":"Quick Slash"},{"not_picked":["Outmaneuver","Blade Dance"],"picked":"Bullet Time"},{"not_picked":["Malaise","Dodge and Roll"],"picked":"Slice"},{"not_picked":["Glass Knife","Night Terror"],"picked":"Venomology"},{"not_picked":["Backflip","Dagger Spray"],"picked":"Quick Slash"},{"not_picked":["Poisoned Stab","Deflect"],"picked":"Noxious Fumes"},{"not_picked":["Dodge and Roll","Dagger Throw"],"picked":"Sucker Punch"},{"not_picked":["Dodge and Roll","Poisoned Stab"],"picked":"Dagger Throw"},{"not_picked":["Slice","Flying Knee"],"picked":"Bouncing Flask"},{"not_picked":["Catalyst","Escape Plan"],"picked":"Dash"},{"not_picked":["Masterful Stab","Quick Slash"],"picked":"Flying Knee"},{"not_picked":["Phantasmal Killer","Adrenaline"],"picked":"A Thousand Cuts"},{"not_picked":["Deflect","Escape Plan"],"picked":"Riddle With Holes"},{"not_picked":["Deadly Poison","Poisoned Stab"],"picked":"Flying Knee"},{"not_picked":["Deadly Poison","Dagger Throw"],"picked":"Well Laid Plans"},{"not_picked":["Sucker Punch","Deflect"],"picked":"Bane"},{"not_picked":["Backflip","Dagger Spray"],"picked":"Skewer"},{"not_picked":["Sucker Punch","Wraith Form"],"picked":"Backstab"},{"not_picked":["Sucker Punch","Poisoned Stab"],"picked":"Bane"},{"not_picked":["Flechettes","Poisoned Stab"],"picked":"Die Die Die"}],"player_experience":13561,"potions_floor_usage":[24,29,30,31,31,35,39,46,48,50,50],"damage_taken":[{"damage":0.0,"enemies":"Small Slimes","floor":1.0,"turns":3.0},{"damage":0.0,"enemies":"Cultist","floor":3.0,"turns":4.0},{"damage":0.0,"enemies":"Blue Slaver","floor":4.0,"turns":2.0},{"damage":0.0,"enemies":"Large Slime","floor":5.0,"turns":5.0},{"damage":22.0,"enemies":"Lagavulin","floor":7.0,"turns":6.0},{"damage":1.0,"enemies":"3 Louse","floor":12.0,"turns":3.0},{"damage":4.0,"enemies":"Looter","floor":13.0,"turns":2.0},{"damage":0.0,"enemies":"2 Fungi Beasts","floor":14.0,"turns":3.0},{"damage":20.0,"enemies":"Slime Boss","floor":16.0,"turns":10.0},{"damage":7.0,"enemies":"Chosen","floor":18.0,"turns":5.0},{"damage":14.0,"enemies":"2 Thieves","floor":19.0,"turns":4.0},{"damage":18.0,"enemies":"Chosen and Byrds","floor":21.0,"turns":6.0},{"damage":10,"enemies":"Snecko","floor":24,"turns":4},{"damage":38,"enemies":"Slavers","floor":29,"turns":6},{"damage":0,"enemies":"3 Cultists","floor":30,"turns":4},{"damage":3,"enemies":"Centurion and Healer","floor":31,"turns":4},{"damage":13,"enemies":"Collector","floor":33,"turns":7},{"damage":3,"enemies":"Orb Walker","floor":35,"turns":2},{"damage":8,"enemies":"3 Darklings","floor":37,"turns":3},{"damage":6,"enemies":"Maw","floor":38,"turns":6},{"damage":11,"enemies":"Sphere and 2 Shapes","floor":39,"turns":4},{"damage":0,"enemies":"4 Shapes","floor":44,"turns":4},{"damage":6,"enemies":"3 Darklings","floor":45,"turns":4},{"damage":4,"enemies":"Sphere and 2 Shapes","floor":46,"turns":4},{"damage":19,"enemies":"Nemesis","floor":48,"turns":5},{"damage":54,"enemies":"Awakened One","floor":50,"turns":8}],"event_choices":[{"event_name":"Scrap Ooze","player_choice":"success","floor":2.0,"damage_taken":3.0},{"event_name":"Golden Wing","player_choice":"Card Removal","floor":8.0,"damage_taken":0.0},{"event_name":"Golden Idol","player_choice":"Take Damage","floor":10.0,"damage_taken":0.0},{"event_name":"Forgotten Altar","player_choice":"Gave Idol","floor":20.0,"damage_taken":0.0},{"event_name":"The Mausoleum","player_choice":"Yes","floor":27,"damage_taken":0},{"event_name":"Cursed Tome","player_choice":"Ignored","floor":28,"damage_taken":0},{"event_name":"The Woman in Blue","player_choice":"Bought 1 Potion","floor":41,"damage_taken":0}],"boss_relics":[{"not_picked":["Sozu","Philosopher\u0027s Stone"],"picked":"Cursed Key"}],"potions_floor_spawned":[3,5,13,14,21,24,30,33,38,45,46],"seed_played":"1364935977925336093","ascension_level":0,"is_trial":false}