{"gold_per_floor":[114,129,144,144,159,159,189,204,229,242,242,242,261,280,280,405,405,424,124,143,242,261,261,280,130,130,130,130,168,506,506,506,631,631,650,704,723,723,723,723,742,742,742,742,761,780,799,126,126,126],"floor_reached":51,"playtime":1899,"items_purged":["Twin Strike"],"score":864,"play_id":"0301c1fe-92c4-4073-838a-71065e3ba5b3","local_time":"20190813211718","daily_mods":["SealedDeck","Time Dilation","DeadlyEvents"],"is_ascension_mode":false,"campfire_choices":[{"data":"Pommel Strike","floor":6,"key":"SMITH"},{"data":"Pommel Strike","floor":12,"key":"SMITH"},{"data":"Rage","floor":15,"key":"SMITH"},{"data":"Inflame","floor":23,"key":"SMITH"},{"data":"Rage","floor":27,"key":"SMITH"},{"data":"Rage","floor":32,"key":"SMITH"},{"floor":40,"key":"DIG"},{"floor":42,"key":"DIG"},{"floor":44,"key":"DIG"},{"floor":49,"key":"DIG"}],"neow_cost":"","seed_source_timestamp":0,"circlet_count":0,"master_deck":["Thunderclap","Flex","Pommel Strike+1","Sword Boomerang","Inflame+1","Pommel Strike+1","Rage+1","Rage+1","Clash","Limit Break","Madness","Madness","Clash+1","Flash of Steel"],"special_seed":18121,"relics":["Burning Blood","Bottled Tornado","Centennial Puzzle","Odd Mushroom","Golden Idol","Nunchaku","Happy Flower","Omamori","Blue Candle","Old Coin","Runic Pyramid","Shovel","Oddly Smooth Stone","Lantern","Pen Nib","Pantograph","Medical Kit","Incense Burner","Ice Cream"],"potions_floor_usage":[16,30,36,41,45,47,47,50],"damage_taken":[{"damage":5,"enemies":"Jaw Worm","floor":1,"turns":2},{"damage":0,"enemies":"Small Slimes","floor":2,"turns":1},{"damage":0,"enemies":"Cultist","floor":3,"turns":1},{"damage":6,"enemies":"Blue Slaver","floor":5,"turns":2},{"damage":3,"enemies":"3 Sentries","floor":7,"turns":4},{"damage":4,"enemies":"Exordium Thugs","floor":8,"turns":2},{"damage":0,"enemies":"The Mushroom Lair","floor":10,"turns":2},{"damage":0,"enemies":"2 Fungi Beasts","floor":13,"turns":1},{"damage":0,"enemies":"Large Slime","floor":14,"turns":1},{"damage":0,"enemies":"Slime Boss","floor":16,"turns":3},{"damage":4,"enemies":"3 Byrds","floor":18,"turns":3},{"damage":0,"enemies":"Spheric Guardian","floor":20,"turns":2},{"damage":6,"enemies":"Snake Plant","floor":22,"turns":2},{"damage":0,"enemies":"Centurion and Healer","floor":24,"turns":3},{"damage":6,"enemies":"Book of Stabbing","floor":29,"turns":3},{"damage":0,"enemies":"Slavers","floor":30,"turns":2},{"damage":0,"enemies":"Automaton","floor":33,"turns":6},{"damage":8,"enemies":"3 Darklings","floor":35,"turns":3},{"damage":10,"enemies":"2 Orb Walkers","floor":36,"turns":2},{"damage":12,"enemies":"3 Shapes","floor":37,"turns":2},{"damage":25,"enemies":"Maw","floor":41,"turns":5},{"damage":9,"enemies":"4 Shapes","floor":45,"turns":2},{"damage":0,"enemies":"3 Darklings","floor":46,"turns":2},{"damage":0,"enemies":"Maw","floor":47,"turns":4},{"damage":24,"enemies":"Awakened One","floor":50,"turns":3}],"seed_played":"1107989956867286237","potions_obtained":[{"floor":1,"key":"PowerPotion"},{"floor":5,"key":"EssenceOfSteel"},{"floor":8,"key":"Fire Potion"},{"floor":10,"key":"Energy Potion"},{"floor":14,"key":"SpeedPotion"},{"floor":18,"key":"SpeedPotion"},{"floor":24,"key":"Regen Potion"},{"floor":29,"key":"Energy Potion"},{"floor":33,"key":"AttackPotion"},{"floor":37,"key":"LiquidBronze"},{"floor":41,"key":"Explosive Potion"},{"floor":45,"key":"Dexterity Potion"},{"floor":47,"key":"Ancient Potion"}],"is_trial":false,"path_per_floor":["M","M","M","$","M","R","E","M","T","?","?","R","M","M","R","B",null,"M","$","M","?","M","R","M","$","T","R","$","E","E","?","R","B",null,"M","?","M","?","?","R","M","R","T","R","M","M","M","$","R","B",null],"character_chosen":"IRONCLAD","items_purchased":["Nunchaku","Happy Flower","Medical Kit","Incense Burner","Flash of Steel"],"campfire_rested":0,"item_purchase_floors":[19,25,48,48,48],"current_hp_per_floor":[80,80,80,80,80,80,80,80,80,80,60,60,66,72,72,78,80,80,80,80,80,80,80,80,80,80,80,80,80,80,80,80,80,80,78,74,68,68,58,58,48,48,48,48,45,51,57,57,57,62],"gold":126,"neow_bonus":"","is_prod":false,"is_daily":true,"chose_seed":false,"campfire_upgraded":6,"win_rate":0,"timestamp":1565698638,"path_taken":["M","M","M","$","M","R","E","M","T","?","?","R","?","M","R","BOSS","M","$","M","?","M","R","M","?","T","R","$","?","E","?","R","BOSS","M","?","M","?","?","R","?","R","T","R","M","M","M","$","R","BOSS"],"build_version":"2019-07-05","purchased_purges":1,"victory":true,"max_hp_per_floor":[80,80,80,80,80,80,80,80,80,80,80,80,80,80,80,80,80,80,80,80,80,80,80,80,80,80,80,80,80,80,80,80,80,80,80,80,80,80,80,80,80,80,80,80,80,80,80,80,80,80],"card_choices":[{"not_picked":["Anger","Seeing Red","Pommel Strike"],"picked":"SKIP","floor":1},{"not_picked":["Body Slam","Wild Strike","Clothesline"],"picked":"SKIP","floor":2},{"not_picked":["True Grit","Bludgeon","Wild Strike"],"picked":"SKIP","floor":3},{"not_picked":["Whirlwind","Armaments","Battle Trance"],"picked":"SKIP","floor":5},{"not_picked":["Rage","Blood for Blood","Reckless Charge"],"picked":"SKIP","floor":7},{"not_picked":["Ghostly Armor","True Grit"],"picked":"Clash","floor":8},{"not_picked":["Warcry","Pommel Strike","Clothesline"],"picked":"SKIP","floor":13},{"not_picked":["Shrug It Off","Reaper","Flex"],"picked":"SKIP","floor":14},{"not_picked":["Fiend Fire","Immolate"],"picked":"Limit Break","floor":16},{"not_picked":["Thunderclap+1","Pummel","Pommel Strike"],"picked":"SKIP","floor":18},{"not_picked":["Dropkick","Heavy Blade+1","Warcry"],"picked":"SKIP","floor":20},{"not_picked":["Pummel","Pommel Strike","Sword Boomerang"],"picked":"SKIP","floor":22},{"not_picked":["Clothesline+1","Twin Strike","Shockwave+1"],"picked":"SKIP","floor":24},{"not_picked":["Demon Form","Dual Wield+1","Reckless Charge"],"picked":"SKIP","floor":29},{"not_picked":["Shockwave","Rampage","Sever Soul"],"picked":"SKIP","floor":30},{"not_picked":["Warcry+1","True Grit+1","Heavy Blade"],"picked":"SKIP","floor":35},{"not_picked":["Pummel+1","Armaments+1","Iron Wave"],"picked":"SKIP","floor":37},{"not_picked":["Blood for Blood+1","Anger+1","Clothesline"],"picked":"SKIP","floor":41},{"not_picked":["Anger+1","Battle Trance+1","Iron Wave"],"picked":"SKIP","floor":45},{"not_picked":["Wild Strike+1","Havoc"],"picked":"Clash+1","floor":46},{"not_picked":["Iron Wave+1","Perfected Strike","Disarm+1"],"picked":"SKIP","floor":47}],"player_experience":482309,"relics_obtained":[{"floor":7,"key":"Bottled Tornado"},{"floor":9,"key":"Centennial Puzzle"},{"floor":10,"key":"Odd Mushroom"},{"floor":26,"key":"Omamori"},{"floor":29,"key":"Blue Candle"},{"floor":30,"key":"Old Coin"},{"floor":36,"key":"Shovel"},{"floor":40,"key":"Oddly Smooth Stone"},{"floor":42,"key":"Lantern"},{"floor":43,"key":"Pen Nib"},{"floor":44,"key":"Pantograph"},{"floor":49,"key":"Ice Cream"}],"event_choices":[{"damage_healed":0,"gold_gain":0,"player_choice":"Fought Mushrooms","damage_taken":0,"max_hp_gain":0,"max_hp_loss":0,"event_name":"Mushrooms","floor":10,"gold_loss":0},{"damage_healed":0,"gold_gain":0,"player_choice":"Take Damage","damage_taken":20,"relics_obtained":["Golden Idol"],"max_hp_gain":0,"max_hp_loss":0,"event_name":"Golden Idol","floor":11,"gold_loss":0},{"damage_healed":0,"gold_gain":99,"player_choice":"Stole From Cult","damage_taken":0,"max_hp_gain":0,"max_hp_loss":0,"event_name":"Nest","floor":21,"gold_loss":0},{"damage_healed":0,"gold_gain":0,"player_choice":"Ignored","damage_taken":0,"max_hp_gain":0,"max_hp_loss":0,"event_name":"Ghosts","floor":31,"gold_loss":0},{"damage_healed":0,"gold_gain":0,"player_choice":"Fight","damage_taken":0,"max_hp_gain":0,"max_hp_loss":0,"event_name":"Mysterious Sphere","floor":36,"gold_loss":0},{"cards_removed":["Rage"],"damage_healed":0,"gold_gain":0,"player_choice":"Removed Skill","damage_taken":0,"max_hp_gain":0,"max_hp_loss":0,"event_name":"Falling","floor":38,"gold_loss":0},{"damage_healed":0,"gold_gain":0,"player_choice":"Embrace Madness","damage_taken":10,"max_hp_gain":0,"max_hp_loss":0,"event_name":"Winding Halls","floor":39,"gold_loss":0,"cards_obtained":["Madness","Madness"]}],"is_beta":false,"boss_relics":[{"not_picked":["Astrolabe","Velvet Choker","Runic Dome"]},{"not_picked":["Orrery","Busted Crown"],"picked":"Runic Pyramid"}],"items_purged_floors":[48],"is_endless":false,"potions_floor_spawned":[1,5,8,10,14,18,24,29,33,37,41,45,47],"ascension_level":0}