{"gold_per_floor":[213,213,69,84,99,130,130,165,190,190,218,230,243,254,254,351,351,370,370,370,114,134,134,145,164,164,263,263,281,281],"floor_reached":30,"playtime":1304,"items_purged":[],"score":302,"play_id":"4c824f37-d009-4b8e-8c18-7659dcf5a1ee","local_time":"20181122193208","is_ascension_mode":true,"campfire_choices":[{"data":"Armaments","floor":7,"key":"SMITH"},{"floor":10,"key":"REST"},{"floor":15,"key":"REST"},{"data":"Infernal Blade","floor":23,"key":"SMITH"}],"neow_cost":"NONE","seed_source_timestamp":414516434675014,"circlet_count":0,"master_deck":["Strike_R","Strike_R","Strike_R","Strike_R","Defend_R","Defend_R","Defend_R","Defend_R","Bash","Inflame","Rupture","Hemokinesis","Dropkick","Armaments+1","Thunderclap","Clash","Immolate","Infernal Blade+1","Twin Strike","Exhume","Combust+1","Armaments+1","Metallicize+1","Clash","Entrench+1"],"relics":["Burning Blood","Art of War","Potion Belt","Ancient Tea Set","Boot","Lizard Tail","FaceOfCleric","Matryoshka","Juzu Bracelet","Oddly Smooth Stone"],"potions_floor_usage":[11,11,16,22,30],"damage_taken":[{"damage":6,"enemies":"Cultist","floor":1,"turns":3},{"damage":11,"enemies":"Jaw Worm","floor":4,"turns":4},{"damage":3,"enemies":"2 Louse","floor":5,"turns":3},{"damage":29,"enemies":"Gremlin Nob","floor":6,"turns":4},{"damage":33,"enemies":"3 Sentries","floor":8,"turns":6},{"damage":22,"enemies":"Lagavulin","floor":11,"turns":4},{"damage":13,"enemies":"Red Slaver","floor":12,"turns":4},{"damage":8,"enemies":"Blue Slaver","floor":13,"turns":3},{"damage":6,"enemies":"Looter","floor":14,"turns":3},{"damage":43,"enemies":"Hexaghost","floor":16,"turns":9},{"damage":28,"enemies":"3 Byrds","floor":18,"turns":4},{"damage":14,"enemies":"Shell Parasite","floor":22,"turns":3},{"damage":45,"enemies":"Cultist and Chosen","floor":24,"turns":7},{"damage":52,"enemies":"Shelled Parasite and Fungi","floor":25,"turns":4},{"damage":17,"enemies":"Chosen and Byrds","floor":29,"turns":5},{"damage":15,"enemies":"Cultist and Chosen","floor":30,"turns":3}],"seed_played":"4427092475879506179","potions_obtained":[{"floor":5,"key":"FearPotion"},{"floor":8,"key":"Poison Potion"},{"floor":13,"key":"Strength Potion"},{"floor":16,"key":"FairyPotion"},{"floor":18,"key":"AttackPotion"},{"floor":25,"key":"Ancient Potion"}],"is_trial":false,"path_per_floor":["M","?","$","M","M","E","R","E","T","R","E","M","M","M","R","B",null,"M","?","?","$","M","R","M","M","T","?","?","M","M"],"character_chosen":"IRONCLAD","items_purchased":["Rupture","Hemokinesis","Matryoshka"],"campfire_rested":2,"item_purchase_floors":[3,3,21],"current_hp_per_floor":[80,80,80,75,78,55,55,28,28,52,36,29,27,27,51,14,80,58,58,58,58,51,51,13,21,21,21,21,11,0],"gold":281,"neow_bonus":"HUNDRED_GOLD","is_prod":false,"is_daily":false,"chose_seed":false,"campfire_upgraded":2,"win_rate":0,"timestamp":1542911528,"path_taken":["M","?","?","M","?","E","R","E","T","R","E","M","M","M","R","BOSS","M","?","?","$","M","R","?","M","T","?","?","M","M"],"build_version":"2018-11-15","purchased_purges":0,"victory":false,"max_hp_per_floor":[80,80,80,80,80,80,80,80,80,80,80,80,80,80,80,80,80,80,80,80,80,81,81,82,83,83,83,83,84,84],"card_choices":[{"not_picked":["Iron Wave","Disarm"],"picked":"Inflame","floor":1},{"not_picked":["Warcry","Iron Wave"],"picked":"Dropkick","floor":4},{"not_picked":["Warcry","Blood for Blood"],"picked":"Armaments","floor":5},{"not_picked":["True Grit","Pommel Strike"],"picked":"Thunderclap","floor":6},{"not_picked":["Cleave","Thunderclap"],"picked":"Clash","floor":8},{"not_picked":["Corruption","Metallicize"],"picked":"Immolate","floor":11},{"not_picked":["Shrug It Off","Headbutt"],"picked":"Infernal Blade","floor":12},{"not_picked":["Perfected Strike","Headbutt"],"picked":"Twin Strike","floor":13},{"not_picked":["Body Slam","Heavy Blade","Pummel"],"picked":"SKIP","floor":14},{"not_picked":["Fiend Fire","Bludgeon"],"picked":"Exhume","floor":16},{"not_picked":["Warcry","Cleave"],"picked":"Combust+1","floor":18},{"not_picked":["Wild Strike","Rampage"],"picked":"Armaments+1","floor":22},{"not_picked":["Warcry","Reckless Charge","Ghostly Armor"],"picked":"SKIP","floor":24},{"not_picked":["Clash","Power Through"],"picked":"Metallicize+1","floor":25},{"not_picked":["Immolate","Sword Boomerang+1"],"picked":"Entrench+1","floor":29}],"player_experience":296724,"relics_obtained":[{"floor":6,"key":"Art of War"},{"floor":8,"key":"Potion Belt"},{"floor":9,"key":"Ancient Tea Set"},{"floor":11,"key":"Boot"},{"floor":26,"key":"Juzu Bracelet"},{"floor":26,"key":"Oddly Smooth Stone"}],"event_choices":[{"cards_removed":["Strike_R"],"damage_healed":0,"gold_gain":0,"player_choice":"Card Removal","damage_taken":0,"max_hp_gain":0,"max_hp_loss":0,"event_name":"Wheel of Change","floor":2,"gold_loss":0},{"damage_healed":0,"gold_gain":0,"player_choice":"Ignored","damage_taken":0,"max_hp_gain":0,"max_hp_loss":0,"event_name":"Ghosts","floor":19,"gold_loss":0},{"damage_healed":0,"gold_gain":0,"player_choice":"Trade","damage_taken":0,"relics_obtained":["FaceOfCleric"],"max_hp_gain":0,"max_hp_loss":0,"event_name":"FaceTrader","floor":20,"gold_loss":0},{"damage_healed":0,"gold_gain":99,"player_choice":"Stole From Cult","damage_taken":0,"max_hp_gain":0,"max_hp_loss":0,"event_name":"Nest","floor":27,"gold_loss":0},{"damage_healed":0,"gold_gain":0,"player_choice":"1 cards matched","damage_taken":0,"max_hp_gain":0,"max_hp_loss":0,"event_name":"Match and Keep!","floor":28,"gold_loss":0,"cards_obtained":["Clash"]}],"is_beta":false,"boss_relics":[{"not_picked":["Fusion Hammer","Mark of Pain"],"picked":"Lizard Tail"}],"items_purged_floors":[],"is_endless":false,"potions_floor_spawned":[5,8,13,16,18,25],"killed_by":"Cultist and Chosen","ascension_level":4}