{"gold_per_floor":[413,433,112,187,41,73,86,86,113,113,113,133,133,146,146,243,243,253,265,89,189,189,189,217,236,236,236,236,248,10,10,10,115,115,135,135,151,151,169,169,269,287,313,313,331,331,331,346,346,346],"floor_reached":51,"playtime":3919,"items_purged":["Strike_R","Strike_R"],"score":640,"play_id":"6cb83a1e-0602-4617-aa08-b1a9a4fa1d80","local_time":"20181228014011","is_ascension_mode":false,"campfire_choices":[{"floor":10,"key":"REST"},{"floor":13,"key":"REST"},{"data":"Body Slam","floor":15,"key":"SMITH"},{"data":"True Grit","floor":23,"key":"SMITH"},{"data":"Spot Weakness","floor":27,"key":"SMITH"},{"floor":32,"key":"REST"},{"floor":40,"key":"REST"},{"data":"Demon Form","floor":44,"key":"SMITH"},{"floor":47,"key":"REST"},{"data":"Shrug It Off","floor":49,"key":"SMITH"}],"neow_cost":"PERCENT_DAMAGE","seed_source_timestamp":277577185979253,"circlet_count":0,"master_deck":["Strike_R","Strike_R","Strike_R","Defend_R","Defend_R","Defend_R","Defend_R","Bash","Pommel Strike","Thunderclap","Clash","Body Slam+1","Body Slam+1","Spot Weakness+1","Shrug It Off+1","Brutality","Inflame","Clothesline","Master of Strategy","True Grit+1","Sword Boomerang","Battle Trance","Necronomicurse","Impervious","Body Slam+1","Demon Form+1"],"relics":["Burning Blood","Old Coin","Matryoshka","Blood Vial","Mummified Hand","Vajra","Sozu","Torii","Bottled Tornado","Pantograph","Juzu Bracelet","Pocketwatch","Self Forming Clay","Necronomicon","Snecko Eye","Unceasing Top","Anchor"],"potions_floor_usage":[29,48],"damage_taken":[{"damage":7,"enemies":"Small Slimes","floor":1,"turns":4},{"damage":0,"enemies":"2 Louse","floor":2,"turns":4},{"damage":44,"enemies":"3 Sentries","floor":6,"turns":11},{"damage":0,"enemies":"Cultist","floor":7,"turns":2},{"damage":4,"enemies":"2 Fungi Beasts","floor":12,"turns":3},{"damage":7,"enemies":"Blue Slaver","floor":14,"turns":2},{"damage":46,"enemies":"The Guardian","floor":16,"turns":8},{"damage":9,"enemies":"2 Thieves","floor":18,"turns":3},{"damage":6,"enemies":"Chosen","floor":19,"turns":3},{"damage":9,"enemies":"Colosseum Slavers","floor":21,"turns":4},{"damage":20,"enemies":"Colosseum Nobs","floor":21,"turns":4},{"damage":15,"enemies":"Book of Stabbing","floor":24,"turns":4},{"damage":12,"enemies":"Snake Plant","floor":25,"turns":4},{"damage":16,"enemies":"Shelled Parasite and Fungi","floor":29,"turns":4},{"damage":51,"enemies":"Collector","floor":33,"turns":8},{"damage":7,"enemies":"Orb Walker","floor":35,"turns":2},{"damage":0,"enemies":"3 Darklings","floor":37,"turns":4},{"damage":36,"enemies":"Jaw Worm Horde","floor":39,"turns":7},{"damage":5,"enemies":"Mind Bloom Boss Battle","floor":41,"turns":5},{"damage":27,"enemies":"Maw","floor":42,"turns":7},{"damage":5,"enemies":"Transient","floor":45,"turns":5},{"damage":5,"enemies":"3 Darklings","floor":48,"turns":5},{"damage":68,"enemies":"Time Eater","floor":50,"turns":8}],"seed_played":"-7452845905474188951","potions_obtained":[{"floor":6,"key":"Poison Potion"},{"floor":7,"key":"Swift Potion"},{"floor":16,"key":"SmokeBomb"}],"is_trial":false,"path_per_floor":["M","M","$","?","$","E","M","?","T","R","?","M","R","M","R","B",null,"M","M","$","?","?","R","E","M","T","R","?","M","$","?","R","B",null,"M","?","M","?","M","R","?","M","T","R","M","?","R","M","R","B",null],"character_chosen":"IRONCLAD","items_purchased":["Matryoshka","Clash","Master of Strategy","Self Forming Clay"],"campfire_rested":5,"item_purchase_floors":[3,5,20,30],"current_hp_per_floor":[55,61,61,50,50,12,20,20,20,44,44,48,72,73,73,35,80,77,79,79,65,65,65,58,54,54,54,54,46,46,30,54,35,80,79,76,76,76,46,68,76,55,55,55,58,58,76,76,76,14],"gold":346,"neow_bonus":"ONE_RARE_RELIC","is_prod":false,"is_daily":false,"chose_seed":false,"campfire_upgraded":5,"win_rate":0,"timestamp":1545928811,"path_taken":["M","M","$","?","$","E","M","?","T","R","?","M","R","M","R","BOSS","M","M","$","?","?","R","E","M","T","R","?","M","$","?","R","BOSS","M","?","M","?","M","R","?","M","T","R","M","?","R","M","R","BOSS"],"build_version":"2018-12-20","purchased_purges":2,"victory":true,"max_hp_per_floor":[80,80,80,80,80,80,80,80,80,80,80,80,80,80,80,80,80,80,80,80,80,80,80,80,80,80,80,80,80,80,80,80,80,80,80,76,76,76,76,76,76,76,76,76,76,76,76,76,76,76],"card_choices":[{"not_picked":["True Grit","Shockwave"],"picked":"Pommel Strike","floor":1},{"not_picked":["Cleave","Headbutt"],"picked":"Thunderclap","floor":2},{"not_picked":["Sword Boomerang","Clash"],"picked":"Body Slam","floor":6},{"not_picked":["Carnage","Reaper"],"picked":"Body Slam","floor":7},{"not_picked":["Armaments","Anger"],"picked":"Spot Weakness","floor":12},{"not_picked":["Wild Strike","Pommel Strike"],"picked":"Shrug It Off","floor":14},{"not_picked":["Berserk","Immolate"],"picked":"Brutality","floor":16},{"not_picked":["Headbutt","Hemokinesis"],"picked":"Inflame","floor":18},{"not_picked":["Ghostly Armor","Heavy Blade"],"picked":"Clothesline","floor":19},{"not_picked":["Headbutt","Twin Strike"],"picked":"True Grit","floor":21},{"not_picked":["Pummel+1","Clothesline+1","Feel No Pain"],"picked":"SKIP","floor":24},{"not_picked":["Sword Boomerang","Shrug It Off"],"picked":"Battle Trance","floor":25},{"not_picked":["Corruption","Warcry+1","Shrug It Off"],"picked":"SKIP","floor":29},{"not_picked":["Berserk","Feed"],"picked":"Impervious","floor":33},{"not_picked":["Fire Breathing+1","Cleave","Body Slam"],"picked":"SKIP","floor":35},{"not_picked":["Perfected Strike","Body Slam","Thunderclap+1"],"picked":"SKIP","floor":37},{"not_picked":["Headbutt","Warcry+1","Second Wind"],"picked":"SKIP","floor":39},{"not_picked":["Clothesline","Clash+1"],"picked":"Body Slam+1","floor":41},{"not_picked":["Pommel Strike+1","Flame Barrier"],"picked":"Demon Form","floor":42},{"not_picked":["Iron Wave","Uppercut+1","Intimidate"],"picked":"SKIP","floor":45},{"not_picked":["True Grit","Anger","Fire Breathing"],"picked":"SKIP","floor":48}],"player_experience":20789,"relics_obtained":[{"floor":6,"key":"Blood Vial"},{"floor":9,"key":"Mummified Hand"},{"floor":9,"key":"Vajra"},{"floor":21,"key":"Torii"},{"floor":21,"key":"Bottled Tornado"},{"floor":24,"key":"Pantograph"},{"floor":26,"key":"Juzu Bracelet"},{"floor":26,"key":"Pocketwatch"},{"floor":31,"key":"Necronomicon"},{"floor":41,"key":"Unceasing Top"},{"floor":43,"key":"Anchor"}],"event_choices":[{"damage_healed":0,"gold_gain":75,"player_choice":"Gather Gold","damage_taken":11,"max_hp_gain":0,"max_hp_loss":0,"event_name":"World of Goop","floor":4,"gold_loss":0},{"damage_healed":0,"gold_gain":0,"player_choice":"Grow","damage_taken":0,"max_hp_gain":0,"max_hp_loss":0,"event_name":"Living Wall","floor":8,"gold_loss":0,"cards_upgraded":["Body Slam"]},{"damage_healed":0,"gold_gain":0,"player_choice":"Ignored","damage_taken":0,"max_hp_gain":0,"max_hp_loss":0,"event_name":"Liars Game","floor":11,"gold_loss":0},{"damage_healed":0,"gold_gain":0,"player_choice":"Fight","damage_taken":0,"max_hp_gain":0,"max_hp_loss":0,"event_name":"Colosseum","floor":21,"gold_loss":0},{"damage_healed":0,"gold_gain":0,"player_choice":"Fought Nobs","damage_taken":0,"max_hp_gain":0,"max_hp_loss":0,"event_name":"Colosseum","floor":21,"gold_loss":0},{"damage_healed":0,"gold_gain":0,"player_choice":"1 cards matched","damage_taken":0,"max_hp_gain":0,"max_hp_loss":0,"event_name":"Match and Keep!","floor":22,"gold_loss":0,"cards_obtained":["Sword Boomerang"]},{"damage_healed":0,"gold_gain":0,"player_choice":"Ignored","damage_taken":0,"max_hp_gain":0,"max_hp_loss":0,"event_name":"Ghosts","floor":28,"gold_loss":0},{"damage_healed":0,"gold_gain":0,"player_choice":"Obtained Book","damage_taken":16,"max_hp_gain":0,"max_hp_loss":0,"event_name":"Cursed Tome","floor":31,"gold_loss":0},{"damage_healed":0,"gold_gain":0,"player_choice":"Max HP","damage_taken":0,"max_hp_gain":0,"max_hp_loss":4,"event_name":"Winding Halls","floor":36,"gold_loss":0},{"damage_healed":0,"gold_gain":0,"player_choice":"Ignored","damage_taken":0,"max_hp_gain":0,"max_hp_loss":0,"event_name":"Tomb of Lord Red Mask","floor":38,"gold_loss":0},{"damage_healed":0,"gold_gain":0,"player_choice":"Fight","damage_taken":0,"max_hp_gain":0,"max_hp_loss":0,"event_name":"MindBloom","floor":41,"gold_loss":0},{"damage_healed":0,"gold_gain":0,"player_choice":"Ignored","damage_taken":0,"max_hp_gain":0,"max_hp_loss":0,"event_name":"Mysterious Sphere","floor":46,"gold_loss":0}],"is_beta":false,"boss_relics":[{"not_picked":["Calling Bell","Astrolabe"],"picked":"Sozu"},{"not_picked":["White Beast Statue","Mark of Pain"],"picked":"Snecko Eye"}],"items_purged_floors":[3,5],"is_endless":false,"potions_floor_spawned":[6,7,16,19,21,21,25,35,39,45,48],"ascension_level":0}