{"gold_per_floor":[119,130,100,114,114,114,157,157,157,175,210,210,210,226,226,226],"floor_reached":16,"playtime":1002,"items_purged":[],"score":160,"play_id":"a0b6ffed-c0b1-40f0-9356-ad69fc2fe829","local_time":"20190712174627","is_ascension_mode":true,"campfire_choices":[{"floor":6,"key":"REST"},{"floor":8,"key":"REST"},{"data":"Go for the Eyes","floor":13,"key":"SMITH"},{"data":"Fusion","floor":15,"key":"SMITH"}],"neow_cost":"PERCENT_DAMAGE","seed_source_timestamp":174188673996683,"circlet_count":0,"master_deck":["Strike_B","Defend_B","Defend_B","Defend_B","Defend_B","Zap","Dualcast","Go for the Eyes+1","Fusion+1","Loop","Electrodynamics","Capacitor","Loop+1","White Noise","Loop+1"],"relics":["Cracked Core","Golden Idol","Smiling Mask","Meat on the Bone","Frozen Egg 2"],"potions_floor_usage":[7,11,11],"damage_taken":[{"damage":7,"enemies":"2 Louse","floor":1,"turns":4},{"damage":0,"enemies":"Cultist","floor":2,"turns":4},{"damage":5,"enemies":"Jaw Worm","floor":4,"turns":5},{"damage":40,"enemies":"Gremlin Nob","floor":7,"turns":5},{"damage":8,"enemies":"Blue Slaver","floor":10,"turns":3},{"damage":17,"enemies":"Lagavulin","floor":11,"turns":8},{"damage":1,"enemies":"2 Fungi Beasts","floor":14,"turns":2},{"damage":38,"enemies":"Slime Boss","floor":16,"turns":3}],"seed_played":"-2504495309754930391","potions_obtained":[{"floor":1,"key":"Weak Potion"},{"floor":3,"key":"SteroidPotion"},{"floor":3,"key":"Dexterity Potion"},{"floor":10,"key":"GamblersBrew"}],"is_trial":false,"path_per_floor":["M","M","?","M","?","R","E","R","T","M","E","?","R","M","R","B"],"character_chosen":"DEFECT","items_purchased":[],"campfire_rested":2,"item_purchase_floors":[],"current_hp_per_floor":[43,43,43,38,20,42,2,24,24,28,23,23,23,34,34,0],"gold":226,"neow_bonus":"REMOVE_TWO","is_prod":false,"is_daily":false,"chose_seed":false,"campfire_upgraded":2,"win_rate":0,"timestamp":1562967987,"path_taken":["M","M","?","?","?","R","E","R","T","M","E","?","R","M","R","BOSS"],"build_version":"2019-07-05","purchased_purges":0,"victory":false,"max_hp_per_floor":[75,75,75,75,75,75,75,75,75,75,75,75,75,75,75,75],"card_choices":[{"not_picked":["Aggregate","Coolheaded"],"picked":"Go for the Eyes","floor":1},{"not_picked":["Sweeping Beam","Coolheaded"],"picked":"Fusion","floor":2},{"not_picked":["Barrage","BootSequence"],"picked":"Loop","floor":4},{"not_picked":["Stack","Go for the Eyes"],"picked":"Electrodynamics","floor":7},{"not_picked":["Compile Driver","Redo"],"picked":"Capacitor","floor":10},{"not_picked":["Self Repair","Hologram"],"picked":"Loop","floor":11},{"not_picked":["Glacier","Scrape"],"picked":"Loop+1","floor":14}],"player_experience":211552,"relics_obtained":[{"floor":7,"key":"Smiling Mask"},{"floor":9,"key":"Meat on the Bone"},{"floor":11,"key":"Frozen Egg 2"}],"event_choices":[{"damage_healed":0,"gold_gain":0,"player_choice":"Bought 2 Potions","damage_taken":0,"max_hp_gain":0,"max_hp_loss":0,"event_name":"The Woman in Blue","floor":3,"gold_loss":0},{"damage_healed":0,"gold_gain":0,"player_choice":"Take Damage","damage_taken":18,"relics_obtained":["Golden Idol"],"max_hp_gain":0,"max_hp_loss":0,"event_name":"Golden Idol","floor":5,"gold_loss":0},{"damage_healed":0,"gold_gain":0,"cards_transformed":["Strike_B"],"player_choice":"Change","damage_taken":0,"max_hp_gain":0,"max_hp_loss":0,"event_name":"Living Wall","floor":12,"gold_loss":0,"cards_obtained":["White Noise"]}],"is_beta":false,"boss_relics":[],"items_purged_floors":[],"is_endless":false,"potions_floor_spawned":[1,10],"killed_by":"Slime Boss","ascension_level":9}