{"gold_per_floor":[117,132,282,282,110,110,129,162,162,177,142,142,168,186,186,262,262,280,34,44,44,59,59,90,90,172,205,239,253,253,264,264,341,341,355,577,577,677,692,721,721,220,220,254,254,306,339,356,356,356,356,356,37,64,64],"floor_reached":55,"playtime":7870,"items_purged":["Doubt","Strike_B"],"score":1537,"play_id":"28881483-8c98-4faa-8c9b-ff1b23c9fff9","local_time":"20190726234547","is_ascension_mode":true,"campfire_choices":[{"floor":6,"key":"REST"},{"data":"Hologram","floor":12,"key":"SMITH"},{"data":"Hologram","floor":15,"key":"SMITH"},{"data":"Zap","floor":23,"key":"SMITH"},{"floor":25,"key":"REST"},{"floor":32,"key":"REST"},{"floor":41,"key":"REST"},{"floor":45,"key":"REST"},{"floor":49,"key":"RECALL"},{"data":"1","floor":52,"key":"LIFT"}],"neow_cost":"PERCENT_DAMAGE","seed_source_timestamp":261292819796953,"circlet_count":0,"master_deck":["AscendersBane","Strike_B","Strike_B","Defend_B","Defend_B","Defend_B","Defend_B","Zap+1","Dualcast","Swift Strike","Good Instincts","Hologram+1","Hologram+1","Impatience","Steam","Ball Lightning","All For One","Biased Cognition","Coolheaded+1","Buffer","Glacier+1","Flash of Steel","Chaos+1","Aggregate+1","Ghostly+1","Ghostly+1","Ghostly+1","Turbo+1","Defragment+1","Scrape+1","Steam Power+1","Double Energy+1","Turbo+1","Amplify+1","Barrage","BootSequence+1","Coolheaded+1","Redo+1","Go for the Eyes+1","Reinforced Body+1","Stack+1","Impatience+1","Coolheaded+1","Defragment+1"],"relics":["Cracked Core","Darkstone Periapt","Gambling Chip","Mercury Hourglass","Toxic Egg 2","Inserter","Ancient Tea Set","Matryoshka","Red Mask","Regal Pillow","Philosopher\u0027s Stone","Mango","Bottled Flame","Strange Spoon","Ornamental Fan","Vajra","Juzu Bracelet","Incense Burner","Girya","DataDisk","Orichalcum"],"potions_floor_usage":[13,16,22,24,24,31,33,55],"damage_taken":[{"damage":2,"enemies":"Jaw Worm","floor":1,"turns":2},{"damage":5,"enemies":"2 Louse","floor":2,"turns":3},{"damage":5,"enemies":"Small Slimes","floor":7,"turns":3},{"damage":32,"enemies":"3 Sentries","floor":8,"turns":8},{"damage":0,"enemies":"Exordium Wildlife","floor":10,"turns":3},{"damage":3,"enemies":"Gremlin Nob","floor":13,"turns":3},{"damage":0,"enemies":"3 Louse","floor":14,"turns":2},{"damage":13,"enemies":"Hexaghost","floor":16,"turns":10},{"damage":3,"enemies":"3 Byrds","floor":18,"turns":3},{"damage":0,"enemies":"Spheric Guardian","floor":20,"turns":4},{"damage":0,"enemies":"Cultist and Chosen","floor":22,"turns":7},{"damage":21,"enemies":"Book of Stabbing","floor":24,"turns":7},{"damage":2,"enemies":"Masked Bandits","floor":27,"turns":5},{"damage":18,"enemies":"Gremlin Leader","floor":28,"turns":6},{"damage":0,"enemies":"Centurion and Healer","floor":29,"turns":5},{"damage":0,"enemies":"Snecko","floor":31,"turns":6},{"damage":18,"enemies":"Automaton","floor":33,"turns":11},{"damage":9,"enemies":"3 Shapes","floor":35,"turns":5},{"damage":3,"enemies":"Mind Bloom Boss Battle","floor":38,"turns":6},{"damage":10,"enemies":"Orb Walker","floor":39,"turns":4},{"damage":0,"enemies":"Reptomancer","floor":40,"turns":7},{"damage":36,"enemies":"Nemesis","floor":44,"turns":9},{"damage":1,"enemies":"2 Orb Walkers","floor":46,"turns":5},{"damage":0,"enemies":"Giant Head","floor":47,"turns":1},{"damage":0,"enemies":"Transient","floor":48,"turns":5},{"damage":10,"enemies":"Time Eater","floor":50,"turns":12},{"damage":48,"enemies":"Shield and Spear","floor":54,"turns":12},{"damage":7,"enemies":"The Heart","floor":55,"turns":2}],"seed_played":"4953346094289704809","potions_obtained":[{"floor":1,"key":"Energy Potion"},{"floor":8,"key":"SteroidPotion"},{"floor":13,"key":"Swift Potion"},{"floor":14,"key":"AttackPotion"},{"floor":18,"key":"GamblersBrew"},{"floor":22,"key":"Block Potion"},{"floor":29,"key":"Energy Potion"},{"floor":31,"key":"PowerPotion"},{"floor":33,"key":"Dexterity Potion"},{"floor":35,"key":"Fire Potion"},{"floor":46,"key":"FairyPotion"},{"floor":54,"key":"SmokeBomb"}],"is_trial":false,"path_per_floor":["M","M","?","?","$","R","M","E","T","M","?","R","E","M","R","B",null,"M","$","M","?","M","R","E","R","T","?","E","M","?","M","R","B",null,"M","?","?","?","M","E","R","$","T","E","R","?","E","M","R","B",null,"R","$","E","B"],"character_chosen":"DEFECT","items_purchased":["Impatience","Flash of Steel","Chaos+1","Strange Spoon","Ornamental Fan","DataDisk","Impatience+1","Coolheaded+1"],"campfire_rested":5,"item_purchase_floors":[5,19,19,42,42,53,53,53],"current_hp_per_floor":[44,39,39,34,34,55,50,18,18,18,35,35,32,32,32,19,58,55,55,55,35,35,35,14,24,24,22,4,4,11,11,35,17,31,22,22,22,33,23,23,49,49,49,13,42,41,41,41,41,31,45,45,45,4,0],"gold":64,"neow_bonus":"RANDOM_COLORLESS_2","is_prod":false,"is_daily":false,"chose_seed":false,"campfire_upgraded":3,"win_rate":0,"timestamp":1564199147,"path_taken":["M","M","?","?","$","R","M","E","T","M","?","R","E","?","R","BOSS","M","$","M","?","M","R","E","R","T","?","E","M","?","M","R","BOSS","M","?","?","?","M","E","R","$","T","E","R","?","E","M","R","BOSS","R","$","E","BOSS"],"build_version":"2019-07-17","purchased_purges":2,"victory":false,"max_hp_per_floor":[71,71,71,71,71,71,71,71,71,71,71,71,71,71,71,71,71,71,71,71,35,35,35,35,35,35,35,35,35,35,35,35,35,35,35,35,35,49,49,49,49,49,49,49,49,49,49,49,49,49,49,49,49,49,49],"card_choices":[{"not_picked":["Coolheaded","Defragment"],"picked":"Hologram","floor":1},{"not_picked":["Compile Driver","Static Discharge"],"picked":"Hologram","floor":2},{"not_picked":["Coolheaded","Redo"],"picked":"Steam","floor":7},{"not_picked":["Stack","Aggregate"],"picked":"Ball Lightning","floor":8},{"not_picked":["Steam","Skim"],"picked":"All For One","floor":10},{"not_picked":["Hyperbeam","Redo"],"picked":"Biased Cognition","floor":13},{"not_picked":["Steam+1","Defragment"],"picked":"Coolheaded+1","floor":14},{"not_picked":["Creative AI","Hyperbeam"],"picked":"Buffer","floor":16},{"not_picked":["Barrage","Rebound"],"picked":"Glacier+1","floor":18},{"not_picked":["FTL","Sweeping Beam+1"],"picked":"Aggregate+1","floor":20},{"not_picked":["Redo+1","Conserve Battery+1"],"picked":"Turbo+1","floor":22},{"not_picked":["Rebound","Double Energy+1"],"picked":"Defragment+1","floor":24},{"not_picked":["Aggregate+1","Beam Cell"],"picked":"Scrape+1","floor":27},{"not_picked":["FTL","Electrodynamics"],"picked":"Steam Power+1","floor":28},{"not_picked":["Hello World","Sunder"],"picked":"Double Energy+1","floor":29},{"not_picked":["Undo+1","Conserve Battery+1"],"picked":"Turbo+1","floor":31},{"not_picked":["Core Surge","Thunder Strike"],"picked":"Amplify+1","floor":33},{"not_picked":["Genetic Algorithm+1","Doom and Gloom"],"picked":"Barrage","floor":35},{"not_picked":["Double Energy+1","Sweeping Beam"],"picked":"BootSequence+1","floor":38},{"not_picked":["Cold Snap","Turbo+1"],"picked":"Coolheaded+1","floor":39},{"not_picked":["Melter","Go for the Eyes"],"picked":"Redo+1","floor":40},{"not_picked":["Force Field+1","Cold Snap+1"],"picked":"Go for the Eyes+1","floor":44},{"not_picked":["Turbo+1","Go for the Eyes+1"],"picked":"Reinforced Body+1","floor":47},{"not_picked":["Loop","Sweeping Beam"],"picked":"Stack+1","floor":48},{"not_picked":["Streamline","Reprogram+1"],"picked":"Defragment+1","floor":54}],"player_experience":301361,"relics_obtained":[{"floor":8,"key":"Gambling Chip"},{"floor":9,"key":"Mercury Hourglass"},{"floor":13,"key":"Toxic Egg 2"},{"floor":24,"key":"Ancient Tea Set"},{"floor":26,"key":"Matryoshka"},{"floor":27,"key":"Red Mask"},{"floor":28,"key":"Regal Pillow"},{"floor":38,"key":"Mango"},{"floor":40,"key":"Bottled Flame"},{"floor":43,"key":"Vajra"},{"floor":44,"key":"Juzu Bracelet"},{"floor":46,"key":"Incense Burner"},{"floor":47,"key":"Girya"},{"floor":54,"key":"Orichalcum"}],"event_choices":[{"damage_healed":0,"gold_gain":150,"player_choice":"AGREE","damage_taken":0,"max_hp_gain":0,"max_hp_loss":0,"event_name":"Liars Game","floor":3,"gold_loss":0,"cards_obtained":["Doubt"]},{"damage_healed":0,"gold_gain":0,"player_choice":"Success","damage_taken":5,"relics_obtained":["Darkstone Periapt"],"max_hp_gain":0,"max_hp_loss":0,"event_name":"Scrap Ooze","floor":4,"gold_loss":0},{"damage_healed":17,"gold_gain":0,"player_choice":"Healed","damage_taken":0,"max_hp_gain":0,"max_hp_loss":0,"event_name":"The Cleric","floor":11,"gold_loss":35},{"damage_healed":0,"gold_gain":0,"player_choice":"Became a Ghost","damage_taken":0,"max_hp_gain":0,"max_hp_loss":36,"event_name":"Ghosts","floor":21,"gold_loss":0,"cards_obtained":["Ghostly","Ghostly","Ghostly"]},{"damage_healed":0,"gold_gain":0,"player_choice":"Fought Bandits","damage_taken":0,"max_hp_gain":0,"max_hp_loss":0,"event_name":"Masked Bandits","floor":27,"gold_loss":0},{"damage_healed":7,"gold_gain":0,"player_choice":"Heal","damage_taken":0,"max_hp_gain":0,"max_hp_loss":0,"event_name":"The Library","floor":30,"gold_loss":0},{"damage_healed":0,"gold_gain":222,"player_choice":"Wore Mask","damage_taken":0,"max_hp_gain":0,"max_hp_loss":0,"event_name":"Tomb of Lord Red Mask","floor":36,"gold_loss":0},{"cards_removed":["Strike_B"],"damage_healed":0,"gold_gain":0,"player_choice":"Removed Attack","damage_taken":0,"max_hp_gain":0,"max_hp_loss":0,"event_name":"Falling","floor":37,"gold_loss":0},{"damage_healed":0,"gold_gain":0,"player_choice":"Fight","damage_taken":0,"max_hp_gain":0,"max_hp_loss":0,"event_name":"MindBloom","floor":38,"gold_loss":0},{"damage_healed":0,"gold_gain":0,"player_choice":"Fight","damage_taken":0,"max_hp_gain":0,"max_hp_loss":0,"event_name":"Mysterious Sphere","floor":46,"gold_loss":0}],"is_beta":false,"boss_relics":[{"not_picked":["Empty Cage","Nuclear Battery"],"picked":"Inserter"},{"not_picked":["Busted Crown","Fusion Hammer"],"picked":"Philosopher\u0027s Stone"}],"items_purged_floors":[5,19],"is_endless":false,"potions_floor_spawned":[1,8,13,14,18,22,29,31,33,35,39,46,47,54],"killed_by":"The Heart","ascension_level":16}