{"gold_per_floor":[110,39,54,54,72,72,72,91,91,91,116,116,128,145,145,246,246,261,33,33,47,65,65,80,80,105,117,131,150,163,176,176,176],"floor_reached":33,"playtime":1722,"items_purged":[],"score":245,"play_id":"27df3509-c743-43e3-831c-794207727bac","local_time":"20181227142035","is_ascension_mode":false,"campfire_choices":[{"data":"Whirlwind","floor":7,"key":"SMITH"},{"floor":10,"key":"REST"},{"floor":15,"key":"REST"},{"data":"Entrench","floor":23,"key":"SMITH"},{"floor":32,"key":"REST"}],"neow_cost":"PERCENT_DAMAGE","seed_source_timestamp":239013441715104,"circlet_count":0,"master_deck":["Strike_R","Strike_R+1","Strike_R","Defend_R","Defend_R","Defend_R","Defend_R","Bash","Fiend Fire","Whirlwind+1","Clash","Flame Barrier","Rampage+1","Entrench+1","Flame Barrier","Uppercut","Immolate","Shrug It Off+1","Master of Strategy","Body Slam","Body Slam"],"relics":["Burning Blood","Self Forming Clay","Orichalcum","Paper Frog","Philosopher\u0027s Stone","Anchor"],"potions_floor_usage":[30],"damage_taken":[{"damage":7,"enemies":"2 Louse","floor":1,"turns":2},{"damage":1,"enemies":"Cultist","floor":3,"turns":3},{"damage":6,"enemies":"Jaw Worm","floor":5,"turns":2},{"damage":10,"enemies":"Looter","floor":8,"turns":3},{"damage":8,"enemies":"Exordium Thugs","floor":13,"turns":3},{"damage":21,"enemies":"Gremlin Gang","floor":14,"turns":4},{"damage":54,"enemies":"Slime Boss","floor":16,"turns":13},{"damage":24,"enemies":"2 Thieves","floor":18,"turns":4},{"damage":6,"enemies":"3 Byrds","floor":21,"turns":2},{"damage":12,"enemies":"Centurion and Healer","floor":22,"turns":6},{"damage":0,"enemies":"Snecko","floor":24,"turns":3},{"damage":19,"enemies":"Colosseum Slavers","floor":25,"turns":5},{"damage":12,"enemies":"Snake Plant","floor":27,"turns":4},{"damage":5,"enemies":"Centurion and Healer","floor":28,"turns":6},{"damage":12,"enemies":"Cultist and Chosen","floor":29,"turns":6},{"damage":0,"enemies":"Snake Plant","floor":30,"turns":2},{"damage":4,"enemies":"Centurion and Healer","floor":31,"turns":4},{"damage":87,"enemies":"Champ","floor":33,"turns":13}],"seed_played":"3948142557928914876","potions_obtained":[{"floor":3,"key":"SpeedPotion"},{"floor":5,"key":"BloodPotion"},{"floor":8,"key":"LiquidBronze"},{"floor":14,"key":"SmokeBomb"},{"floor":21,"key":"Block Potion"},{"floor":30,"key":"SteroidPotion"}],"is_trial":false,"path_per_floor":["M","$","M","?","M","?","R","M","T","R","T","?","M","M","R","B",null,"M","$","?","M","M","R","M","?","T","M","M","M","M","M","R","B"],"character_chosen":"IRONCLAD","items_purchased":["Flame Barrier","Shrug It Off","Master of Strategy"],"campfire_rested":3,"item_purchase_floors":[2,19,19],"current_hp_per_floor":[55,55,60,44,44,44,44,40,40,64,64,64,62,47,71,23,80,62,62,62,62,56,56,62,49,49,43,44,38,52,54,78,0],"gold":176,"neow_bonus":"TRANSFORM_TWO_CARDS","is_prod":false,"is_daily":false,"chose_seed":false,"campfire_upgraded":2,"win_rate":0,"timestamp":1545888035,"path_taken":["M","$","M","?","M","?","R","?","T","R","?","?","M","M","R","BOSS","M","$","?","M","M","R","?","?","T","M","M","M","M","M","R","BOSS"],"build_version":"2018-12-20","purchased_purges":0,"victory":false,"max_hp_per_floor":[80,80,80,80,80,80,80,80,80,80,80,80,80,80,80,80,80,80,80,80,80,80,80,80,80,80,80,80,80,80,80,80,80],"card_choices":[{"not_picked":["Second Wind","Searing Blow"],"picked":"Clash","floor":1},{"not_picked":["Anger","Iron Wave"],"picked":"Rampage","floor":3},{"not_picked":["Fire Breathing","Clash"],"picked":"Entrench","floor":5},{"not_picked":["Sever Soul","Power Through","Headbutt"],"picked":"SKIP","floor":8},{"not_picked":["Burning Pact","True Grit"],"picked":"Flame Barrier","floor":13},{"not_picked":["Wild Strike","Twin Strike"],"picked":"Uppercut","floor":14},{"not_picked":["Bludgeon","Impervious"],"picked":"Immolate","floor":16},{"not_picked":["Armaments","Spot Weakness+1","Evolve"],"picked":"SKIP","floor":18},{"not_picked":["Headbutt+1","Spot Weakness+1","Heavy Blade+1"],"picked":"SKIP","floor":21},{"not_picked":["Shrug It Off","Uppercut"],"picked":"Body Slam","floor":22},{"not_picked":["Flex","Evolve","Iron Wave"],"picked":"SKIP","floor":24},{"not_picked":["Heavy Blade+1","Power Through","Corruption"],"picked":"SKIP","floor":27},{"not_picked":["Evolve+1","Cleave","True Grit"],"picked":"SKIP","floor":28},{"not_picked":["Clothesline","Twin Strike+1"],"picked":"Body Slam","floor":29},{"not_picked":["Thunderclap","Dropkick","Sever Soul"],"picked":"SKIP","floor":30},{"not_picked":["Combust","Evolve","Flex"],"picked":"SKIP","floor":31}],"player_experience":13743,"relics_obtained":[{"floor":9,"key":"Self Forming Clay"},{"floor":11,"key":"Orichalcum"},{"floor":26,"key":"Anchor"}],"event_choices":[{"damage_healed":0,"gold_gain":0,"player_choice":"Entered Light","damage_taken":16,"max_hp_gain":0,"max_hp_loss":0,"event_name":"Shining Light","floor":4,"gold_loss":0,"cards_upgraded":["Rampage","Strike_R"]},{"damage_healed":0,"gold_gain":0,"player_choice":"Bought 0 Potions","damage_taken":0,"max_hp_gain":0,"max_hp_loss":0,"event_name":"The Woman in Blue","floor":6,"gold_loss":0},{"damage_healed":0,"gold_gain":0,"player_choice":"Gave Potion","damage_taken":0,"relics_obtained":["Paper Frog"],"max_hp_gain":0,"max_hp_loss":0,"event_name":"WeMeetAgain","floor":12,"gold_loss":0},{"damage_healed":0,"gold_gain":0,"player_choice":"Forge","damage_taken":0,"max_hp_gain":0,"max_hp_loss":0,"event_name":"Accursed Blacksmith","floor":20,"gold_loss":0,"cards_upgraded":["Shrug It Off"]},{"damage_healed":0,"gold_gain":0,"player_choice":"Fight","damage_taken":0,"max_hp_gain":0,"max_hp_loss":0,"event_name":"Colosseum","floor":25,"gold_loss":0},{"damage_healed":0,"gold_gain":0,"player_choice":"Fled From Nobs","damage_taken":0,"max_hp_gain":0,"max_hp_loss":0,"event_name":"Colosseum","floor":25,"gold_loss":0}],"is_beta":false,"boss_relics":[{"not_picked":["Lizard Tail","Empty Cage"],"picked":"Philosopher\u0027s Stone"}],"items_purged_floors":[],"is_endless":false,"potions_floor_spawned":[3,5,8,14,21,24,29,30],"killed_by":"Champ","ascension_level":0}