{"gold_per_floor":[118,118,137,153,153,181,181,197,197,84,96,128,138,148,148,248,248,267,267,60,74,74,101,101,120,120,35,47,63,74,85,85,85],"floor_reached":33,"playtime":2431,"items_purged":[],"score":478,"play_id":"ec8fc5de-d4d4-4bfc-9ccf-7ba3e471d0f7","local_time":"20190826114926","is_ascension_mode":true,"campfire_choices":[{"data":"Armaments","floor":7,"key":"SMITH"},{"data":"Metallicize","floor":15,"key":"SMITH"},{"data":"Ghostly","floor":24,"key":"SMITH"},{"data":"Exhume","floor":32,"key":"SMITH"}],"neow_cost":"NONE","seed_source_timestamp":567450260501300,"circlet_count":0,"master_deck":["AscendersBane","Strike_R+1","Strike_R+1","Strike_R+1","Defend_R+1","Defend_R+1","Defend_R+1","Defend_R+1","Bash","Trip","Armaments+1","Seeing Red","Headbutt","Rampage","Inflame","Immolate","Metallicize+1","Cleave","Feed","Exhume+1","Sentinel","True Grit","Flame Barrier","Immolate","Ghostly+1","Ghostly","Ghostly","Ghostly","Ghostly","Feel No Pain","Metallicize","Warcry","Battle Trance"],"relics":["Burning Blood","Charon\u0027s Ashes","Question Card","Singing Bowl","Boot","Orrery","Toolbox","Bottled Lightning","PreservedInsect","Bronze Scales"],"potions_floor_usage":[6,16,33,33],"damage_taken":[{"damage":0,"enemies":"2 Louse","floor":1,"turns":4},{"damage":0,"enemies":"Small Slimes","floor":3,"turns":3},{"damage":5,"enemies":"Cultist","floor":4,"turns":4},{"damage":25,"enemies":"Gremlin Nob","floor":6,"turns":4},{"damage":9,"enemies":"3 Louse","floor":8,"turns":3},{"damage":6,"enemies":"Gremlin Gang","floor":11,"turns":3},{"damage":20,"enemies":"3 Sentries","floor":12,"turns":4},{"damage":0,"enemies":"Large Slime","floor":13,"turns":2},{"damage":9,"enemies":"Looter","floor":14,"turns":3},{"damage":24,"enemies":"Slime Boss","floor":16,"turns":8},{"damage":29,"enemies":"2 Thieves","floor":18,"turns":4},{"damage":2,"enemies":"Spheric Guardian","floor":21,"turns":5},{"damage":10,"enemies":"Gremlin Leader","floor":23,"turns":7},{"damage":19,"enemies":"Snake Plant","floor":25,"turns":6},{"damage":4,"enemies":"Shelled Parasite and Fungi","floor":28,"turns":5},{"damage":2,"enemies":"Chosen and Byrds","floor":29,"turns":4},{"damage":12,"enemies":"Cultist and Chosen","floor":30,"turns":7},{"damage":1,"enemies":"Sentry and Sphere","floor":31,"turns":5},{"damage":60,"enemies":"Champ","floor":33,"turns":10}],"seed_played":"365010478314814824","potions_obtained":[{"floor":1,"key":"Strength Potion"},{"floor":11,"key":"Poison Potion"},{"floor":12,"key":"Regen Potion"},{"floor":14,"key":"Ancient Potion"},{"floor":18,"key":"Poison Potion"},{"floor":28,"key":"Explosive Potion"},{"floor":29,"key":"Ancient Potion"},{"floor":30,"key":"EssenceOfSteel"}],"is_trial":false,"path_per_floor":["M","?","M","M","?","E","R","M","T","?","M","E","M","M","R","B",null,"M","?","$","M","?","E","R","M","T","?","M","M","M","M","R","B"],"character_chosen":"IRONCLAD","items_purchased":["Toolbox"],"campfire_rested":0,"item_purchase_floors":[20],"current_hp_per_floor":[78,71,77,78,78,59,59,56,56,56,56,42,48,51,51,48,81,58,45,45,45,45,41,41,30,30,30,36,40,36,43,43,0],"gold":85,"neow_bonus":"RANDOM_COLORLESS","is_prod":false,"is_daily":false,"chose_seed":false,"campfire_upgraded":4,"win_rate":0,"timestamp":1566845366,"path_taken":["M","?","M","M","?","E","R","?","T","?","M","E","?","M","R","BOSS","M","?","$","M","?","E","R","M","T","?","M","M","M","M","R","BOSS"],"build_version":"2019-07-17","purchased_purges":0,"victory":false,"max_hp_per_floor":[80,80,80,80,80,80,80,80,80,80,80,80,80,86,86,86,90,90,45,45,45,45,45,45,47,47,47,51,51,53,55,55,55],"card_choices":[{"not_picked":["Iron Wave","True Grit"],"picked":"Armaments","floor":1},{"not_picked":["True Grit","Whirlwind"],"picked":"Seeing Red","floor":3},{"not_picked":["Clash","True Grit"],"picked":"Headbutt","floor":4},{"not_picked":["Twin Strike","Iron Wave"],"picked":"Inflame","floor":6},{"not_picked":["Thunderclap","Body Slam"],"picked":"Immolate","floor":8},{"not_picked":["Havoc","Rage","Perfected Strike"],"picked":"Metallicize","floor":11},{"not_picked":["Carnage","Thunderclap","Hemokinesis"],"picked":"Cleave","floor":12},{"not_picked":["Dropkick","Hemokinesis","Shrug It Off"],"picked":"Feed","floor":13},{"not_picked":["Havoc","Corruption","Perfected Strike","Clash"],"picked":"Singing Bowl","floor":14},{"not_picked":["Bludgeon","Brutality","Limit Break"],"picked":"Exhume","floor":16},{"not_picked":["Rage","Headbutt","Shrug It Off"],"picked":"Sentinel","floor":17},{"not_picked":["Pommel Strike","Bloodletting","Thunderclap"],"picked":"True Grit","floor":17},{"not_picked":["Clash","Dual Wield","Clothesline","Bloodletting"],"picked":"Singing Bowl","floor":17},{"not_picked":["Rupture","Fire Breathing","Clothesline"],"picked":"Flame Barrier","floor":17},{"not_picked":["Carnage","Searing Blow","Rupture","Iron Wave"],"picked":"Singing Bowl","floor":17},{"not_picked":["Bloodletting","Armaments","Clash"],"picked":"Immolate","floor":18},{"not_picked":["Heavy Blade","Clash+1","Cleave"],"picked":"Feel No Pain","floor":21},{"not_picked":["Shrug It Off","Thunderclap","Burning Pact"],"picked":"Metallicize","floor":23},{"not_picked":["Wild Strike","Demon Form","Whirlwind","Sword Boomerang"],"picked":"Singing Bowl","floor":25},{"not_picked":["Sword Boomerang+1","Pommel Strike","Anger"],"picked":"Warcry","floor":28},{"not_picked":["Rampage","Sword Boomerang","Clothesline"],"picked":"Battle Trance","floor":29},{"not_picked":["Sword Boomerang","Shrug It Off","Clothesline","Thunderclap"],"picked":"Singing Bowl","floor":30},{"not_picked":["Flame Barrier","Reckless Charge","Dual Wield+1","Thunderclap"],"picked":"Singing Bowl","floor":31}],"player_experience":191745,"relics_obtained":[{"floor":6,"key":"Charon\u0027s Ashes"},{"floor":9,"key":"Question Card"},{"floor":12,"key":"Boot"},{"floor":23,"key":"Bottled Lightning"},{"floor":26,"key":"PreservedInsect"}],"event_choices":[{"cards_removed":["Strike_R"],"damage_healed":0,"gold_gain":0,"player_choice":"Card Removal","damage_taken":7,"max_hp_gain":0,"max_hp_loss":0,"event_name":"Golden Wing","floor":2,"gold_loss":0},{"damage_healed":0,"gold_gain":0,"cards_transformed":["Strike_R"],"player_choice":"Transformed","damage_taken":0,"max_hp_gain":0,"max_hp_loss":0,"event_name":"Transmorgrifier","floor":5,"gold_loss":0,"cards_obtained":["Rampage"]},{"damage_healed":0,"gold_gain":0,"player_choice":"Paid Gold","damage_taken":0,"relics_obtained":["Singing Bowl"],"max_hp_gain":0,"max_hp_loss":0,"event_name":"WeMeetAgain","floor":10,"gold_loss":113},{"damage_healed":0,"gold_gain":0,"player_choice":"Became a Ghost","damage_taken":0,"max_hp_gain":0,"max_hp_loss":45,"event_name":"Ghosts","floor":19,"gold_loss":0,"cards_obtained":["Ghostly","Ghostly","Ghostly","Ghostly","Ghostly"]},{"damage_healed":0,"gold_gain":0,"player_choice":"Simplicity","damage_taken":0,"max_hp_gain":0,"max_hp_loss":0,"event_name":"Back to Basics","floor":22,"gold_loss":0,"cards_upgraded":["Strike_R","Strike_R","Strike_R","Defend_R","Defend_R","Defend_R","Defend_R"]},{"damage_healed":0,"gold_gain":0,"player_choice":"Obtained Relic","damage_taken":0,"relics_obtained":["Bronze Scales"],"max_hp_gain":0,"max_hp_loss":0,"event_name":"Addict","floor":27,"gold_loss":85}],"is_beta":false,"boss_relics":[{"not_picked":["Pandora\u0027s Box","Calling Bell"],"picked":"Orrery"}],"items_purged_floors":[],"is_endless":false,"potions_floor_spawned":[1,11,12,14,18,28,29,30,31],"killed_by":"Champ","ascension_level":12}