{"gold_per_floor":[114,127,127,127,140,140,150,150,173,25,25,45,45,45,45,147,147,160,75,75,86,15,15,31,31,31,41,51,69,86,86,86,86],"floor_reached":33,"playtime":2147,"items_purged":[],"score":264,"play_id":"adcd311a-ce9f-4e78-9bd4-fa25a5d4dd0c","local_time":"20190828222328","is_ascension_mode":false,"campfire_choices":[{"data":"Thunderclap","floor":6.0,"key":"SMITH"},{"data":"Pommel Strike","floor":8.0,"key":"SMITH"},{"data":"Flex","floor":11.0,"key":"SMITH"},{"floor":15.0,"key":"REST"},{"data":"Feed","floor":23,"key":"SMITH"},{"floor":25,"key":"REST"},{"floor":32,"key":"REST"}],"neow_cost":"NONE","seed_source_timestamp":0,"circlet_count":0,"master_deck":["Strike_R+1","Strike_R","Strike_R","Strike_R","Defend_R","Defend_R","Defend_R","Defend_R","Bash","Sword Boomerang","Anger","Pommel Strike+1","Thunderclap+1","Inflame","Twin Strike","Flex+1","Shrug It Off","Feed+1","Spot Weakness","Iron Wave","Body Slam","Whirlwind","Inflame","Perfected Strike","Armaments","Flame Barrier","Double Tap"],"special_seed":0,"relics":["Burning Blood","Boot","Dodecahedron","Velvet Choker","Ancient Tea Set","StoneCalendar"],"potions_floor_usage":[24,28,33,33],"damage_taken":[{"damage":9.0,"enemies":"2 Louse","floor":1.0,"turns":3.0},{"damage":6.0,"enemies":"Jaw Worm","floor":2.0,"turns":3.0},{"damage":0.0,"enemies":"Small Slimes","floor":5.0,"turns":3.0},{"damage":10.0,"enemies":"Looter","floor":7.0,"turns":2.0},{"damage":13.0,"enemies":"Red Slaver","floor":12.0,"turns":2.0},{"damage":59.0,"enemies":"The Guardian","floor":16.0,"turns":14.0},{"damage":5,"enemies":"Chosen","floor":18,"turns":3},{"damage":10,"enemies":"Spheric Guardian","floor":21,"turns":3},{"damage":37,"enemies":"Snake Plant","floor":24,"turns":3},{"damage":24,"enemies":"Snecko","floor":27,"turns":5},{"damage":7,"enemies":"Cultist and Chosen","floor":28,"turns":4},{"damage":10,"enemies":"Chosen and Byrds","floor":29,"turns":4},{"damage":16,"enemies":"Snake Plant","floor":30,"turns":4},{"damage":135,"enemies":"Collector","floor":33,"turns":7}],"seed_played":"-7715458677650099276","potions_obtained":[{"floor":5.0,"key":"LiquidBronze"},{"floor":16.0,"key":"Swift Potion"},{"floor":18,"key":"Regen Potion"},{"floor":21,"key":"AttackPotion"},{"floor":24,"key":"SkillPotion"},{"floor":27,"key":"BloodPotion"}],"is_trial":false,"path_per_floor":["M","M","?","?","M","R","M","R","T","$","R","M","?","T","R","B",null,"M","?","?","M","$","R","M","R","T","M","M","M","M","?","R","B"],"character_chosen":"IRONCLAD","items_purchased":["Twin Strike","Combust","Flex","Whirlwind"],"campfire_rested":3,"item_purchase_floors":[10,10,10,22],"current_hp_per_floor":[77,77,82,82,85,85,81,81,81,81,81,74,74,74,85,32,85,88,88,88,84,84,84,57,84,84,66,69,65,55,55,83,0],"gold":86,"neow_bonus":"TRANSFORM_CARD","is_prod":false,"is_daily":false,"chose_seed":false,"campfire_upgraded":4,"win_rate":0.0,"timestamp":1567049008,"path_taken":["M","M","?","?","M","R","M","R","T","$","R","M","?","?","R","BOSS","M","?","?","?","$","R","?","R","T","M","M","M","M","?","R","BOSS"],"build_version":"2019-07-17","purchased_purges":0,"victory":false,"max_hp_per_floor":[80,80,85,85,85,85,85,85,85,85,85,85,85,85,85,85,85,88,88,88,88,88,88,92,92,92,92,96,96,96,96,96,96],"card_choices":[{"not_picked":["Fire Breathing","Combust"],"picked":"Anger","floor":1.0},{"not_picked":["Twin Strike","Combust"],"picked":"Pommel Strike","floor":2.0},{"not_picked":["Armaments","Flex"],"picked":"Thunderclap","floor":5.0},{"not_picked":["Flame Barrier","Dropkick"],"picked":"Inflame","floor":7.0},{"not_picked":["Warcry","Sever Soul"],"picked":"Shrug It Off","floor":12.0},{"not_picked":["Bludgeon","Demon Form"],"picked":"Feed","floor":16.0},{"not_picked":["Shrug It Off","Metallicize+1"],"picked":"Spot Weakness","floor":18},{"not_picked":["Spot Weakness","Corruption"],"picked":"Body Slam","floor":21},{"not_picked":["Flex","Thunderclap"],"picked":"Inflame","floor":24},{"not_picked":["True Grit","Sword Boomerang+1"],"picked":"Perfected Strike","floor":27},{"not_picked":["Inflame","Second Wind"],"picked":"Armaments","floor":28},{"not_picked":["Body Slam","Warcry"],"picked":"Flame Barrier","floor":29},{"not_picked":["Anger+1","Blood for Blood"],"picked":"Double Tap","floor":30}],"player_experience":8537,"relics_obtained":[{"floor":9.0,"key":"Boot"},{"floor":14.0,"key":"Dodecahedron"},{"floor":26,"key":"StoneCalendar"}],"event_choices":[{"damage_healed":0.0,"max_hp_gain":5.0,"max_hp_loss":0.0,"gold_gain":0.0,"event_name":"Big Fish","player_choice":"Donut","floor":3.0,"gold_loss":0.0,"damage_taken":0.0},{"damage_healed":0.0,"max_hp_gain":0.0,"max_hp_loss":0.0,"gold_gain":0.0,"event_name":"Living Wall","player_choice":"Grow","floor":4.0,"gold_loss":0.0,"damage_taken":0.0,"cards_upgraded":["Strike_R"]},{"damage_healed":0.0,"max_hp_gain":0.0,"max_hp_loss":0.0,"gold_gain":0.0,"event_name":"Dead Adventurer","player_choice":"Searched \u00270\u0027 times","floor":13.0,"gold_loss":0.0,"damage_taken":0.0},{"damage_healed":0,"gold_gain":0,"player_choice":"Obtained Relic","damage_taken":0,"relics_obtained":["Ancient Tea Set"],"max_hp_gain":0,"max_hp_loss":0,"event_name":"Addict","floor":19,"gold_loss":85},{"cards_removed":["Combust"],"damage_healed":0,"gold_gain":0,"player_choice":"Took Card","damage_taken":0,"max_hp_gain":0,"max_hp_loss":0,"event_name":"NoteForYourself","floor":20,"gold_loss":0,"cards_obtained":["Iron Wave"]},{"damage_healed":0,"gold_gain":0,"player_choice":"Ignored","damage_taken":0,"max_hp_gain":0,"max_hp_loss":0,"event_name":"Vampires","floor":31,"gold_loss":0}],"is_beta":false,"boss_relics":[{"not_picked":["Empty Cage","Busted Crown"],"picked":"Velvet Choker"}],"items_purged_floors":[],"is_endless":false,"potions_floor_spawned":[5,16,18,21,24,27],"killed_by":"Collector","ascension_level":0}