{"gold_per_floor":[117,2,2,2,2,2,2,34,34,60,60,74,74,90,90,193,193,204,220,233,246,246,246,271,271,298,268,283,198,218,234,234,332,332,344,414,689,689,689,715,715,725,795,28,45,45,58,58,58,58],"floor_reached":51,"playtime":2856,"items_purged":[],"score":843,"play_id":"f2531358-018a-4a86-97b6-4fd44a88b82d","local_time":"20180817181853","is_ascension_mode":true,"campfire_choices":[{"data":"Neutralize","floor":6,"key":"SMITH"},{"floor":11,"key":"REST"},{"floor":13,"key":"REST"},{"data":"Backflip","floor":15,"key":"SMITH"},{"data":"Malaise","floor":23,"key":"SMITH"},{"floor":25,"key":"REST"},{"floor":32,"key":"REST"},{"data":"Envenom","floor":41,"key":"SMITH"},{"data":"Blind","floor":46,"key":"SMITH"},{"floor":49,"key":"REST"}],"neow_cost":"NONE","seed_source_timestamp":55685915868577,"circlet_count":0,"master_deck":["Defend_G","Defend_G","Defend_G","Defend_G","Strike_G","Strike_G","Strike_G+1","Strike_G","Strike_G+1","Survivor+1","Neutralize+1","Deflect","Backstab","Slice+1","Backflip+1","Dash+1","Poisoned Stab+1","Quick Slash+1","Malaise+1","Leg Sweep+1","Finisher+1","Endless Agony+1","Prepared","Slice+1","Slice+1","Dagger Spray+1","Envenom+1","Blade Dance+1","Regret","Slice+1","Slice+1","Endless Agony+1","Blind+1","Finesse","Setup+1","Well Laid Plans","Forethought","Dramatic Entrance+1"],"relics":["Ring of the Snake","Molten Egg 2","Whetstone","Kunai","Pear","Lizard Tail","Regal Pillow","Boot","Smiling Mask","WristBlade","The Courier","Thread and Needle","Unceasing Top","Blue Candle","Shuriken","Gremlin Horn","Happy Flower"],"potions_floor_usage":[1,10,16,16,18,20,28,30,33,33,33,40,42,50],"damage_taken":[{"damage":2,"enemies":"Cultist","floor":1,"turns":4},{"damage":10,"enemies":"3 Sentries","floor":8,"turns":11},{"damage":20,"enemies":"Lagavulin","floor":10,"turns":6},{"damage":0,"enemies":"Jaw Worm","floor":12,"turns":2},{"damage":0,"enemies":"2 Louse","floor":14,"turns":2},{"damage":8,"enemies":"The Guardian","floor":16,"turns":10},{"damage":8,"enemies":"Spheric Guardian","floor":18,"turns":4},{"damage":0,"enemies":"Chosen","floor":19,"turns":4},{"damage":31,"enemies":"Snecko","floor":20,"turns":6},{"damage":10,"enemies":"Chosen and Byrds","floor":21,"turns":6},{"damage":9,"enemies":"Book of Stabbing","floor":24,"turns":6},{"damage":24,"enemies":"Sentry and Sphere","floor":28,"turns":5},{"damage":18,"enemies":"Snake Plant","floor":30,"turns":3},{"damage":13,"enemies":"Centurion and Healer","floor":31,"turns":5},{"damage":54,"enemies":"Champ","floor":33,"turns":20},{"damage":14,"enemies":"3 Shapes","floor":35,"turns":7},{"damage":9,"enemies":"Nemesis","floor":40,"turns":6},{"damage":7,"enemies":"Flame Bruiser 1 Orb","floor":42,"turns":5},{"damage":4,"enemies":"Maw","floor":45,"turns":6},{"damage":10,"enemies":"4 Shapes","floor":47,"turns":1},{"damage":74,"enemies":"Time Eater","floor":50,"turns":13}],"seed_played":"3587403792901487420","potions_obtained":[{"floor":0,"key":"Weak Potion"},{"floor":0,"key":"LiquidBronze"},{"floor":0,"key":"Fruit Juice"},{"floor":8,"key":"Explosive Potion"},{"floor":14,"key":"Strength Potion"},{"floor":16,"key":"Energy Potion"},{"floor":24,"key":"Poison Potion"},{"floor":27,"key":"Dexterity Potion"},{"floor":27,"key":"SpeedPotion"},{"floor":28,"key":"AttackPotion"},{"floor":31,"key":"Block Potion"},{"floor":33,"key":"Block Potion"},{"floor":35,"key":"Explosive Potion"},{"floor":40,"key":"Explosive Potion"},{"floor":45,"key":"GamblersBrew"}],"is_trial":false,"path_per_floor":["M","$","?","?","$","R","?","E","T","E","R","M","R","M","R","B",null,"M","M","M","M","?","R","E","R","T","?","M","?","M","M","R","B",null,"M","T","?","T","?","E","R","M","T","$","M","R","M","?","R","B"],"character_chosen":"THE_SILENT","items_purchased":["Backstab","Slice","Endless Agony+1","Shuriken","Gremlin Horn","Happy Flower","Blind","Finesse"],"campfire_rested":5,"item_purchase_floors":[2,2,44,44,44,44,44,44],"current_hp_per_floor":[73,73,73,58,58,58,40,30,30,20,45,45,70,70,70,62,85,77,77,46,36,64,64,55,85,85,85,61,61,43,30,70,16,85,71,71,71,71,85,76,76,69,69,69,65,65,55,50,85,11],"gold":58,"neow_bonus":"THREE_SMALL_POTIONS","is_prod":false,"is_daily":false,"chose_seed":false,"campfire_upgraded":5,"win_rate":0,"timestamp":1534522733,"path_taken":["M","$","?","?","$","R","?","E","T","E","R","M","R","M","R","BOSS","M","M","?","?","?","R","E","R","T","?","?","?","M","M","R","BOSS","M","?","?","?","?","E","R","M","T","$","?","R","M","?","R","BOSS"],"build_version":"2018-08-16","purchased_purges":0,"victory":true,"max_hp_per_floor":[75,75,75,75,75,75,75,75,75,85,85,85,85,85,85,85,85,85,85,85,85,85,85,85,85,85,85,85,85,85,85,85,85,85,85,85,85,85,85,85,85,85,85,85,85,85,85,85,85,85],"card_choices":[{"not_picked":["Well Laid Plans","Terror"],"picked":"Deflect","floor":1},{"not_picked":["PiercingWail","Catalyst"],"picked":"Backflip","floor":8},{"not_picked":["Backstab+1","Phantasmal Killer"],"picked":"Dash+1","floor":10},{"not_picked":["Well Laid Plans","Deflect"],"picked":"Poisoned Stab+1","floor":12},{"not_picked":["PiercingWail","Deflect"],"picked":"Quick Slash+1","floor":14},{"not_picked":["Bullet Time","A Thousand Cuts"],"picked":"Malaise","floor":16},{"not_picked":["Flechettes+1","Expertise"],"picked":"Leg Sweep+1","floor":18},{"not_picked":["Slice+1","Backflip"],"picked":"Finisher+1","floor":19},{"not_picked":["Cloak And Dagger","Underhanded Strike+1"],"picked":"Endless Agony+1","floor":20},{"not_picked":["Flying Knee+1","Concentrate"],"picked":"Prepared","floor":21},{"not_picked":["Setup","Finisher+1"],"picked":"Slice+1","floor":24},{"not_picked":["Bouncing Flask+1","Calculated Gamble+1"],"picked":"Skewer+1","floor":28},{"not_picked":["Sucker Punch+1","Catalyst"],"picked":"Slice+1","floor":30},{"not_picked":["Well Laid Plans","Cloak And Dagger"],"picked":"Dagger Spray+1","floor":31},{"not_picked":["Phantasmal Killer","Doppelganger"],"picked":"Envenom","floor":33},{"not_picked":["Deflect","Eviscerate+1"],"picked":"Blade Dance+1","floor":35},{"not_picked":["Choke+1","Dodge and Roll+1"],"picked":"Slice+1","floor":40},{"not_picked":["Infinite Blades","Cloak And Dagger+1"],"picked":"Slice+1","floor":42},{"not_picked":["Deflect","Flechettes+1"],"picked":"Setup+1","floor":45},{"not_picked":["Quick Slash+1","Infinite Blades"],"picked":"Well Laid Plans","floor":47},{"not_picked":["Enlightenment","Blind"],"picked":"Forethought","floor":48},{"not_picked":["Purity","Mind Blast+1"],"picked":"Dramatic Entrance+1","floor":48}],"player_experience":210808,"relics_obtained":[{"floor":8,"key":"Whetstone"},{"floor":9,"key":"Kunai"},{"floor":10,"key":"Pear"},{"floor":24,"key":"Regal Pillow"},{"floor":26,"key":"Boot"},{"floor":36,"key":"The Courier"},{"floor":38,"key":"Thread and Needle"},{"floor":40,"key":"Unceasing Top"},{"floor":43,"key":"Blue Candle"}],"event_choices":[{"event_name":"Purifier","player_choice":"One Purge","floor":3,"damage_taken":0},{"event_name":"Shining Light","player_choice":"Entered Light","floor":4,"damage_taken":0},{"event_name":"Scrap Ooze","player_choice":"success","floor":7,"damage_taken":18},{"event_name":"The Library","player_choice":"Heal","floor":22,"damage_taken":0},{"event_name":"The Woman in Blue","player_choice":"Bought 2 Potions","floor":27,"damage_taken":0},{"event_name":"Addict","player_choice":"Obtained Relic","floor":29,"damage_taken":0},{"event_name":"Golden Shrine","player_choice":"Desecrate","floor":37,"damage_taken":0},{"event_name":"Bonfire Elementals","player_choice":"UNCOMMON","floor":39,"damage_taken":0},{"event_name":"SensoryStone","player_choice":"Memory 2","floor":48,"damage_taken":0}],"is_beta":false,"boss_relics":[{"not_picked":["Runic Pyramid","Orrery"],"picked":"Lizard Tail"},{"not_picked":["Velvet Choker","HoveringKite"],"picked":"WristBlade"}],"items_purged_floors":[],"is_endless":false,"potions_floor_spawned":[8,14,16,24,28,31,33,35,40,45],"ascension_level":2}