{"gold_per_floor":[114,130,148,159,28,28,28,42,42,42,9,9,37,53,53,53],"floor_reached":16,"playtime":1500,"items_purged":[],"score":102,"play_id":"017502b8-fe2f-4234-89ec-85b0d5499d9f","local_time":"20190827222226","is_ascension_mode":false,"campfire_choices":[{"data":"Double Tap","floor":6,"key":"SMITH"},{"data":"Armaments","floor":12,"key":"SMITH"},{"floor":15,"key":"REST"}],"neow_cost":"NONE","seed_source_timestamp":53258668091657,"circlet_count":0,"master_deck":["Strike_R","Strike_R","Strike_R","Strike_R","Defend_R","Defend_R","Defend_R","Defend_R","Bash","Shrug It Off","Double Tap+1","Flame Barrier","Cleave","Entrench","Good Instincts","Reaper","Reckless Charge","Armaments+1","Combust","Dark Embrace","Whirlwind"],"relics":["Burning Blood","Boot","Paper Frog","Juzu Bracelet"],"potions_floor_usage":[3,16],"damage_taken":[{"damage":6,"enemies":"Small Slimes","floor":1,"turns":4},{"damage":2,"enemies":"Cultist","floor":2,"turns":4},{"damage":6,"enemies":"2 Louse","floor":3,"turns":3},{"damage":5,"enemies":"Looter","floor":4,"turns":4},{"damage":12,"enemies":"Large Slime","floor":8,"turns":7},{"damage":42,"enemies":"Lagavulin","floor":13,"turns":10},{"damage":4,"enemies":"Lots of Slimes","floor":14,"turns":3},{"damage":85,"enemies":"Hexaghost","floor":16,"turns":13}],"seed_played":"-149419060028957042","potions_obtained":[{"floor":2,"key":"SkillPotion"},{"floor":13,"key":"Energy Potion"},{"floor":14,"key":"Ancient Potion"}],"is_trial":false,"path_per_floor":["M","M","M","M","$","R","?","M","T","?","$","R","E","M","R","B"],"character_chosen":"IRONCLAD","items_purchased":["Entrench","Good Instincts","Combust"],"campfire_rested":1,"item_purchase_floors":[5,5,11],"current_hp_per_floor":[80,80,80,80,80,80,80,80,80,73,73,73,42,64,80,0],"gold":53,"neow_bonus":"RANDOM_COMMON_RELIC","is_prod":false,"is_daily":false,"chose_seed":false,"campfire_upgraded":2,"win_rate":0.0,"timestamp":1566915746,"path_taken":["M","M","M","M","$","R","?","?","T","?","$","R","E","M","R","BOSS"],"build_version":"2019-07-17","purchased_purges":0,"victory":false,"max_hp_per_floor":[80,80,80,80,80,80,80,80,80,80,80,80,80,80,80,80],"card_choices":[{"not_picked":["Wild Strike","Iron Wave"],"picked":"Shrug It Off","floor":1},{"not_picked":["Cleave","Pummel"],"picked":"Double Tap","floor":2},{"not_picked":["Twin Strike","Iron Wave"],"picked":"Flame Barrier","floor":3},{"not_picked":["Clash","Intimidate"],"picked":"Cleave","floor":4},{"not_picked":["Whirlwind","Flex"],"picked":"Armaments","floor":8},{"not_picked":["Heavy Blade","Rupture"],"picked":"Dark Embrace","floor":13},{"not_picked":["Sever Soul","Havoc"],"picked":"Whirlwind","floor":14}],"player_experience":99624,"relics_obtained":[{"floor":9,"key":"Paper Frog"},{"floor":13,"key":"Juzu Bracelet"}],"event_choices":[{"damage_healed":0,"gold_gain":0,"player_choice":"2 cards matched","damage_taken":0,"max_hp_gain":0,"max_hp_loss":0,"event_name":"Match and Keep!","floor":7,"gold_loss":0,"cards_obtained":["Reaper","Reckless Charge"]},{"cards_removed":["Strike_R"],"damage_healed":0,"gold_gain":0,"player_choice":"Card Removal","damage_taken":7,"max_hp_gain":0,"max_hp_loss":0,"event_name":"Golden Wing","floor":10,"gold_loss":0}],"is_beta":false,"boss_relics":[],"items_purged_floors":[],"is_endless":false,"potions_floor_spawned":[2,13,14],"killed_by":"Hexaghost","ascension_level":0}