{"gold_per_floor":[115,128,148,158,175,175,188,188,188,216,216,216,227,260,260,337,337,349,364,376,101,101],"floor_reached":22,"playtime":1500,"items_purged":[],"score":360,"play_id":"13e05073-ff53-4550-abb3-d58635330520","local_time":"20190829124147","is_ascension_mode":true,"campfire_choices":[{"data":"Bash","floor":6,"key":"SMITH"},{"data":"True Grit","floor":8,"key":"SMITH"},{"data":"Fiend Fire","floor":15,"key":"SMITH"}],"neow_cost":"NONE","seed_source_timestamp":830727865641900,"circlet_count":0,"master_deck":["AscendersBane","Strike_R","Strike_R","Strike_R","Strike_R","Strike_R","Defend_R","Defend_R","Defend_R","Bash+1","Battle Trance","Anger","Feel No Pain","Burning Pact","True Grit+1","Fiend Fire+1","Body Slam","Dark Embrace","Fiend Fire","Rage","Corruption","Anger","True Grit"],"relics":["Burning Blood","Paper Frog","Happy Flower","Orichalcum","Eternal Feather","OrangePellets"],"potions_floor_usage":[7,16,18,22],"damage_taken":[{"damage":13,"enemies":"Jaw Worm","floor":1,"turns":4},{"damage":4,"enemies":"2 Louse","floor":2,"turns":4},{"damage":1,"enemies":"Cultist","floor":3,"turns":3},{"damage":9,"enemies":"2 Fungi Beasts","floor":4,"turns":3},{"damage":20,"enemies":"3 Louse","floor":5,"turns":3},{"damage":30,"enemies":"Large Slime","floor":7,"turns":4},{"damage":26,"enemies":"3 Sentries","floor":10,"turns":9},{"damage":0,"enemies":"Blue Slaver","floor":13,"turns":3},{"damage":10,"enemies":"Lagavulin","floor":14,"turns":5},{"damage":45,"enemies":"Hexaghost","floor":16,"turns":10},{"damage":12,"enemies":"3 Byrds","floor":18,"turns":5},{"damage":16,"enemies":"Spheric Guardian","floor":19,"turns":6},{"damage":26,"enemies":"Cultist and Chosen","floor":20,"turns":7},{"damage":13,"enemies":"Shelled Parasite and Fungi","floor":22,"turns":2}],"seed_played":"6416587983662485521","potions_obtained":[{"floor":1,"key":"Regen Potion"},{"floor":3,"key":"Fire Potion"},{"floor":13,"key":"Energy Potion"},{"floor":16,"key":"Swift Potion"}],"is_trial":false,"path_per_floor":["M","M","M","M","M","R","M","R","T","E","?","?","M","E","R","B",null,"M","M","M","$","M"],"character_chosen":"IRONCLAD","items_purchased":["OrangePellets","True Grit"],"campfire_rested":0,"item_purchase_floors":[21,21],"current_hp_per_floor":[61,63,68,65,51,51,39,39,39,19,19,44,50,46,46,7,58,52,42,22,22,9],"gold":101,"neow_bonus":"REMOVE_CARD","is_prod":false,"is_daily":false,"chose_seed":false,"campfire_upgraded":3,"win_rate":0,"timestamp":1567107707,"path_taken":["M","M","M","M","M","R","M","R","T","E","?","?","M","E","R","BOSS","M","M","M","$","M"],"build_version":"2019-07-17","purchased_purges":0,"victory":false,"max_hp_per_floor":[75,75,75,75,75,75,75,75,75,75,75,75,75,75,75,75,75,75,75,75,75,75],"card_choices":[{"not_picked":["Sentinel","Uppercut"],"picked":"Battle Trance","floor":1},{"not_picked":["Body Slam","Reckless Charge"],"picked":"Anger","floor":2},{"not_picked":["Pommel Strike","Sword Boomerang","Sever Soul"],"picked":"SKIP","floor":3},{"not_picked":["Pummel","Twin Strike"],"picked":"Feel No Pain","floor":4},{"not_picked":["Intimidate","Evolve"],"picked":"Burning Pact","floor":5},{"not_picked":["Thunderclap","Cleave"],"picked":"True Grit","floor":7},{"not_picked":["Anger","Clash"],"picked":"Fiend Fire","floor":10},{"not_picked":["Flex","Inflame"],"picked":"Body Slam","floor":13},{"not_picked":["Wild Strike","Hemokinesis"],"picked":"Dark Embrace","floor":14},{"not_picked":["Brutality","Bludgeon"],"picked":"Fiend Fire","floor":16},{"not_picked":["Heavy Blade","Twin Strike+1"],"picked":"Rage","floor":18},{"not_picked":["Reckless Charge","Cleave"],"picked":"Corruption","floor":19},{"not_picked":["Body Slam","Intimidate"],"picked":"Anger","floor":20}],"player_experience":290707,"relics_obtained":[{"floor":9,"key":"Paper Frog"},{"floor":10,"key":"Happy Flower"},{"floor":14,"key":"Orichalcum"}],"event_choices":[{"damage_healed":0,"gold_gain":0,"player_choice":"Ignored","damage_taken":0,"max_hp_gain":0,"max_hp_loss":0,"event_name":"Shining Light","floor":11,"gold_loss":0},{"damage_healed":25,"gold_gain":0,"player_choice":"Banana","damage_taken":0,"max_hp_gain":0,"max_hp_loss":0,"event_name":"Big Fish","floor":12,"gold_loss":0}],"is_beta":false,"boss_relics":[{"not_picked":["Coffee Dripper","Orrery"],"picked":"Eternal Feather"}],"items_purged_floors":[],"is_endless":false,"potions_floor_spawned":[1,3,13,16],"killed_by":"Shelled Parasite and Fungi","ascension_level":16}