{"gold_per_floor":[111,111,111,130,130,130,156,174,174,174,186,186,151,52,52,150,150,132,132,144,164,164,164],"floor_reached":23,"playtime":1647,"items_purged":[],"score":189,"play_id":"d9fd5cca-7dd3-48eb-a40a-a2265b163324","local_time":"20190822172253","is_ascension_mode":false,"campfire_choices":[{"data":"Darkness","floor":6,"key":"SMITH"},{"floor":10,"key":"REST"},{"data":"Redo","floor":15,"key":"SMITH"}],"neow_cost":"NONE","seed_source_timestamp":643991064046100,"circlet_count":0,"master_deck":["Strike_B","Strike_B","Strike_B","Strike_B","Defend_B","Defend_B","Defend_B","Defend_B","Zap+1","Dualcast","Conserve Battery","Darkness+1","Thunder Strike","Loop","Coolheaded","Redo+1","Barrage","Rainbow","Darkness","Hologram+1","Cold Snap"],"relics":["Cracked Core","Gremlin Horn","Juzu Bracelet","Inserter"],"potions_floor_usage":[],"damage_taken":[{"damage":1,"enemies":"Jaw Worm","floor":1,"turns":4},{"damage":0,"enemies":"Cultist","floor":4,"turns":3},{"damage":36,"enemies":"Gremlin Nob","floor":7,"turns":4},{"damage":11,"enemies":"2 Louse","floor":8,"turns":3},{"damage":9,"enemies":"2 Fungi Beasts","floor":11,"turns":3},{"damage":40,"enemies":"The Guardian","floor":16,"turns":9},{"damage":21,"enemies":"2 Thieves","floor":18,"turns":5},{"damage":7,"enemies":"Chosen","floor":20,"turns":5},{"damage":39,"enemies":"Snecko","floor":21,"turns":6},{"damage":16,"enemies":"Gremlin Leader","floor":23,"turns":2}],"seed_played":"-4005164132898155819","potions_obtained":[{"floor":1,"key":"SpeedPotion"},{"floor":7,"key":"FocusPotion"},{"floor":18,"key":"Explosive Potion"}],"is_trial":false,"path_per_floor":["M","?","?","M","?","R","E","M","T","R","M","?","?","$","R","B",null,"M","?","M","M","?","E"],"character_chosen":"DEFECT","items_purchased":["Redo","Barrage"],"campfire_rested":1,"item_purchase_floors":[14,14],"current_hp_per_floor":[81,81,73,73,73,73,37,26,26,50,41,41,61,61,61,21,82,61,61,54,15,15,0],"gold":164,"neow_bonus":"TEN_PERCENT_HP_BONUS","is_prod":false,"is_daily":false,"chose_seed":false,"campfire_upgraded":2,"win_rate":0.0,"timestamp":1566519773,"path_taken":["M","?","?","?","?","R","E","M","T","R","M","?","?","$","R","BOSS","M","?","M","M","?","E"],"build_version":"2019-07-17","purchased_purges":0,"victory":false,"max_hp_per_floor":[82,82,82,82,82,82,82,82,82,82,82,82,82,82,82,82,82,82,82,82,82,82,82],"card_choices":[{"not_picked":["Defragment","Skim"],"picked":"Conserve Battery","floor":1},{"not_picked":["BootSequence","Skim"],"picked":"Darkness","floor":4},{"not_picked":["Fission","Scrape"],"picked":"Thunder Strike","floor":7},{"not_picked":["Aggregate","Conserve Battery"],"picked":"Loop","floor":8},{"not_picked":["Conserve Battery","Static Discharge"],"picked":"Coolheaded","floor":11},{"not_picked":["Machine Learning","Seek"],"picked":"Rainbow","floor":16},{"not_picked":["Redo","Defragment"],"picked":"Darkness","floor":18},{"not_picked":["Aggregate+1","Beam Cell"],"picked":"Hologram+1","floor":20},{"not_picked":["Buffer","Hologram"],"picked":"Cold Snap","floor":21}],"player_experience":19038,"relics_obtained":[{"floor":7,"key":"Gremlin Horn"},{"floor":9,"key":"Juzu Bracelet"}],"event_choices":[{"damage_healed":0,"gold_gain":0,"player_choice":"Ignored","damage_taken":0,"max_hp_gain":0,"max_hp_loss":0,"event_name":"Shining Light","floor":2,"gold_loss":0},{"damage_healed":0,"gold_gain":0,"player_choice":"Damaged","damage_taken":8,"max_hp_gain":0,"max_hp_loss":0,"event_name":"Wheel of Change","floor":3,"gold_loss":0},{"damage_healed":0,"gold_gain":0,"player_choice":"Grow","damage_taken":0,"max_hp_gain":0,"max_hp_loss":0,"event_name":"Living Wall","floor":5,"gold_loss":0,"cards_upgraded":["Zap"]},{"damage_healed":0,"gold_gain":0,"player_choice":"Ignored","damage_taken":0,"max_hp_gain":0,"max_hp_loss":0,"event_name":"Golden Idol","floor":12,"gold_loss":0},{"damage_healed":20,"gold_gain":0,"player_choice":"Healed","damage_taken":0,"max_hp_gain":0,"max_hp_loss":0,"event_name":"The Cleric","floor":13,"gold_loss":35},{"damage_healed":0,"gold_gain":0,"player_choice":"Ignored","damage_taken":0,"max_hp_gain":0,"max_hp_loss":0,"event_name":"The Mausoleum","floor":19,"gold_loss":0},{"damage_healed":0,"gold_gain":0,"player_choice":"Ignored","damage_taken":0,"max_hp_gain":0,"max_hp_loss":0,"event_name":"Vampires","floor":22,"gold_loss":0}],"is_beta":false,"boss_relics":[{"not_picked":["Cursed Key","Eternal Feather"],"picked":"Inserter"}],"items_purged_floors":[],"is_endless":false,"potions_floor_spawned":[1,7,18,20],"killed_by":"Gremlin Leader","ascension_level":0}