{"path_per_floor":["M","?","M","M","M","E","$","R","T","M","M","M","M","E","R","B",null,"M","M","M","$","?","E","R","$","T","M","?","?","?","M","R"],"character_chosen":"IRONCLAD","items_purchased":["Rampage","Armaments","Trip","Toy Ornithopter","Inflame"],"gold_per_floor":[113,113,124,139,153,179,0,0,0,11,28,47,63,98,98,203,203,223,241,261,14,14,47,47,47,72,85,85,85,85,102,102],"floor_reached":33,"campfire_rested":3,"playtime":3240,"current_hp_per_floor":[80,80,80,80,75,50,50,74,74,80,77,78,80,75,75,49,80,80,74,63,63,63,24,48,48,48,45,29,29,13,18,34],"items_purged":[],"gold":102,"play_id":"c8975e03-d725-4e21-ae1a-b3e419d205ed","is_prod":false,"is_daily":false,"is_ascension_mode":false,"campfire_upgraded":0,"path_taken":["M","?","M","M","M","E","$","R","T","M","M","M","M","E","R","BOSS","M","M","M","$","?","E","R","$","T","M","?","?","?","M","R","BOSS"],"build_version":"2018-01-25-PROD3","purchased_purges":0,"victory":false,"master_deck":["Defend_R","Defend_R","Defend_R","Bash","Anger","Clash","Iron Wave","Cleave+1","Clash","Rampage","Armaments+1","Trip","Sever Soul","Headbutt","Twin Strike","Anger","Clash","Berserk","Twin Strike+1","Intimidate+1","Headbutt+1","Inflame","Iron Wave","Iron Wave","Bite_R","Bite_R","Bite_R","Bite_R","Bite_R","Shrug It Off"],"max_hp_per_floor":[80,80,80,80,80,80,80,80,80,80,80,80,80,80,80,80,80,80,80,80,80,80,80,80,80,80,80,80,56,56,56,56],"relics":["Burning Blood","Whetstone","Girya","Juzu Bracelet","White Beast Statue","Toy Ornithopter","Happy Flower","Anchor","Nilry\u0027s Codex"],"card_choices":[{"not_picked":["Shrug It Off","Perfected Strike"],"picked":"Anger"},{"not_picked":["Combust","Rupture"],"picked":"Clash"},{"not_picked":["Thunderclap","True Grit"],"picked":"Iron Wave"},{"not_picked":["Clothesline","Fire Breathing"],"picked":"Cleave"},{"not_picked":["Shrug It Off","True Grit"],"picked":"Clash"},{"not_picked":["Metallicize","Rage"],"picked":"Sever Soul"},{"not_picked":["Flex","Clothesline"],"picked":"Headbutt"},{"not_picked":["Anger","Battle Trance"],"picked":"Twin Strike"},{"not_picked":["Pommel Strike","Rupture"],"picked":"Anger"},{"not_picked":["Fire Breathing","Headbutt"],"picked":"Clash"},{"not_picked":["Brutality","Barricade"],"picked":"Berserk"},{"not_picked":["Bloodletting","Iron Wave"],"picked":"Twin Strike"},{"not_picked":["Flame Barrier","Flex"],"picked":"Intimidate"},{"not_picked":["Sword Boomerang","Clash"],"picked":"Headbutt"},{"not_picked":["Uppercut","Shockwave"],"picked":"Iron Wave"},{"not_picked":["True Grit","Flex"],"picked":"Iron Wave"},{"not_picked":["Impervious","Clothesline"],"picked":"Shrug It Off"}],"player_experience":0,"potions_floor_usage":[20,23,27,27,31,31,33,33],"damage_taken":[{"damage":1.0,"enemies":"Cultist","floor":1.0,"turns":3.0},{"damage":6.0,"enemies":"Blue Slaver","floor":3.0,"turns":4.0},{"damage":1.0,"enemies":"2 Louse","floor":4.0,"turns":2.0},{"damage":11.0,"enemies":"Large Slime","floor":5.0,"turns":5.0},{"damage":31.0,"enemies":"Gremlin Nob","floor":6.0,"turns":5.0},{"damage":0.0,"enemies":"Red Slaver","floor":10.0,"turns":3.0},{"damage":9.0,"enemies":"Exordium Thugs","floor":11.0,"turns":3.0},{"damage":5.0,"enemies":"3 Louse","floor":12.0,"turns":2.0},{"damage":0.0,"enemies":"Looter","floor":13.0,"turns":1.0},{"damage":11.0,"enemies":"3 Sentries","floor":14.0,"turns":4.0},{"damage":38.0,"enemies":"The Guardian","floor":16.0,"turns":5.0},{"damage":0.0,"enemies":"Chosen","floor":18.0,"turns":3.0},{"damage":12,"enemies":"Shell Parasite","floor":19,"turns":2},{"damage":17,"enemies":"Centurion and Healer","floor":20,"turns":3},{"damage":48,"enemies":"Slavers","floor":23,"turns":4},{"damage":15,"enemies":"Sentry and Sphere","floor":27,"turns":4},{"damage":17,"enemies":"Snecko","floor":31,"turns":5},{"damage":64,"enemies":"Champ","floor":33,"turns":8}],"event_choices":[{"event_name":"Bonfire Elementals","player_choice":"BASIC","floor":2.0,"damage_taken":0.0},{"event_name":"Accursed Blacksmith","player_choice":"Forge","floor":22,"damage_taken":0},{"event_name":"Knowing Skull","player_choice":"POTION ","floor":28,"damage_taken":0},{"event_name":"Vampires","player_choice":"Became a vampire","floor":29,"damage_taken":0},{"event_name":"Cursed Tome","player_choice":"Obtained Book","floor":30,"damage_taken":0}],"boss_relics":[],"potions_floor_spawned":[4,5,6,13,16,18,19,20,23,27,31],"seed_played":"-3664543807330824436","killed_by":"Champ","ascension_level":0,"is_trial":false}