{"gold_per_floor":[111,128,144,154,169,169,188,207,281,299,474,28,28,44,44,146,146,159,171,189,206,37,37,53,53,53,64,64,82,96,123,123,123],"floor_reached":33,"playtime":4294,"items_purged":["Doubt"],"score":299,"play_id":"3d760b48-2d6b-4756-a421-86fae406d2cb","local_time":"20190821081821","is_ascension_mode":false,"campfire_choices":[{"floor":6,"key":"REST"},{"data":"Berserk","floor":13,"key":"SMITH"},{"data":"Armaments","floor":15,"key":"SMITH"},{"floor":25,"key":"REST"},{"floor":32,"key":"REST"}],"neow_cost":"NONE","seed_source_timestamp":224343737480375,"circlet_count":0,"master_deck":["Strike_R","Strike_R","Strike_R","Strike_R","Strike_R","Defend_R","Defend_R","Defend_R","Defend_R","Bash","Berserk+1","Whirlwind","Warcry","Anger","Flame Barrier","Immolate","Cleave","Anger","Dual Wield","Secret Weapon","Armaments+1","Limit Break","Feed","Bloodletting+1","Pummel+1","Heavy Blade+1","Flex","Transmutation","Secret Weapon","Second Wind+1","Pommel Strike","Ghostly","Ghostly","Ghostly","Ghostly","Ghostly","Body Slam+1","Perfected Strike+1"],"relics":["Burning Blood","Pear","Red Skull","Runic Pyramid","Matryoshka","Kunai","Anchor"],"potions_floor_usage":[4,16,16,24,24,27,33],"damage_taken":[{"damage":4,"enemies":"Cultist","floor":1,"turns":3},{"damage":5,"enemies":"Small Slimes","floor":2,"turns":3},{"damage":2,"enemies":"2 Louse","floor":3,"turns":3},{"damage":25,"enemies":"Exordium Wildlife","floor":4,"turns":5},{"damage":8,"enemies":"3 Louse","floor":5,"turns":4},{"damage":15,"enemies":"Looter","floor":7,"turns":3},{"damage":14,"enemies":"Blue Slaver","floor":8,"turns":4},{"damage":12,"enemies":"Exordium Thugs","floor":10,"turns":2},{"damage":0,"enemies":"3 Louse","floor":14,"turns":1},{"damage":40,"enemies":"Slime Boss","floor":16,"turns":8},{"damage":27,"enemies":"Spheric Guardian","floor":18,"turns":5},{"damage":0,"enemies":"3 Byrds","floor":19,"turns":3},{"damage":29,"enemies":"3 Cultists","floor":20,"turns":4},{"damage":15,"enemies":"Centurion and Healer","floor":21,"turns":4},{"damage":0,"enemies":"Sentry and Sphere","floor":24,"turns":3},{"damage":20,"enemies":"Snecko","floor":27,"turns":5},{"damage":25,"enemies":"Centurion and Healer","floor":29,"turns":5},{"damage":9,"enemies":"Snake Plant","floor":30,"turns":4},{"damage":52,"enemies":"Collector","floor":33,"turns":7}],"seed_played":"5533673247817323790","potions_obtained":[{"floor":2,"key":"Fire Potion"},{"floor":3,"key":"Ancient Potion"},{"floor":7,"key":"GamblersBrew"},{"floor":10,"key":"Weak Potion"},{"floor":16,"key":"PowerPotion"},{"floor":19,"key":"Explosive Potion"},{"floor":20,"key":"Fruit Juice"},{"floor":27,"key":"Energy Potion"},{"floor":29,"key":"Dexterity Potion"},{"floor":30,"key":"EssenceOfSteel"}],"is_trial":false,"path_per_floor":["M","M","M","M","M","R","M","M","T","M","?","$","R","M","R","B",null,"M","M","M","M","$","?","M","R","T","M","?","M","M","T","R","B"],"character_chosen":"IRONCLAD","items_purchased":["Secret Weapon","Red Skull","Armaments","Transmutation"],"campfire_rested":3,"item_purchase_floors":[12,12,12,22],"current_hp_per_floor":[80,80,80,61,59,80,71,63,73,67,67,67,67,73,73,39,90,73,79,59,54,54,54,65,96,96,82,53,34,34,34,50,0],"gold":123,"neow_bonus":"ONE_RANDOM_RARE_CARD","is_prod":false,"is_daily":false,"chose_seed":false,"campfire_upgraded":2,"win_rate":0.0,"timestamp":1566346701,"path_taken":["M","M","M","M","M","R","M","M","T","M","?","$","R","M","R","BOSS","M","M","M","M","$","?","?","R","T","M","?","M","M","?","R","BOSS"],"build_version":"2019-07-17","purchased_purges":1,"victory":false,"max_hp_per_floor":[80,80,80,80,80,80,80,80,90,90,90,90,90,90,90,90,90,94,94,97,101,101,101,106,106,106,106,53,53,56,56,56,56],"card_choices":[{"not_picked":["Clash","Blood for Blood"],"picked":"Whirlwind","floor":1},{"not_picked":["Pummel","Shrug It Off"],"picked":"Warcry","floor":2},{"not_picked":["Shrug It Off","Corruption"],"picked":"Anger","floor":3},{"not_picked":["Combust","Armaments"],"picked":"Flame Barrier","floor":4},{"not_picked":["Wild Strike","Armaments"],"picked":"Immolate","floor":5},{"not_picked":["Perfected Strike","Sword Boomerang"],"picked":"Cleave","floor":7},{"not_picked":["Flame Barrier","Headbutt"],"picked":"Anger","floor":8},{"not_picked":["Iron Wave","Second Wind"],"picked":"Dual Wield","floor":10},{"not_picked":["Rage","Iron Wave"],"picked":"Limit Break","floor":14},{"not_picked":["Bludgeon","Berserk"],"picked":"Feed","floor":16},{"not_picked":["True Grit","Intimidate"],"picked":"Bloodletting+1","floor":18},{"not_picked":["Cleave","Thunderclap"],"picked":"Pummel+1","floor":19},{"not_picked":["Evolve","Clothesline+1"],"picked":"Heavy Blade+1","floor":20},{"not_picked":["Twin Strike","Bloodletting"],"picked":"Flex","floor":21},{"not_picked":["Whirlwind","Shrug It Off"],"picked":"Second Wind+1","floor":24},{"not_picked":["True Grit","Wild Strike"],"picked":"Pommel Strike","floor":27},{"not_picked":["Wild Strike+1","Armaments"],"picked":"Body Slam+1","floor":29},{"not_picked":["Dual Wield+1","Flame Barrier"],"picked":"Perfected Strike+1","floor":30}],"player_experience":36669,"relics_obtained":[{"floor":9,"key":"Pear"},{"floor":26,"key":"Matryoshka"},{"floor":31,"key":"Kunai"},{"floor":31,"key":"Anchor"}],"event_choices":[{"damage_healed":0,"gold_gain":175,"player_choice":"AGREE","damage_taken":0,"max_hp_gain":0,"max_hp_loss":0,"event_name":"Liars Game","floor":11,"gold_loss":0,"cards_obtained":["Doubt"]},{"damage_healed":0,"gold_gain":0,"player_choice":"Copied","damage_taken":0,"max_hp_gain":0,"max_hp_loss":0,"event_name":"Duplicator","floor":23,"gold_loss":0,"cards_obtained":["Secret Weapon"]},{"damage_healed":0,"gold_gain":0,"player_choice":"Became a Ghost","damage_taken":0,"max_hp_gain":0,"max_hp_loss":53,"event_name":"Ghosts","floor":28,"gold_loss":0,"cards_obtained":["Ghostly","Ghostly","Ghostly","Ghostly","Ghostly"]}],"is_beta":false,"boss_relics":[{"not_picked":["Mark of Pain","Fusion Hammer"],"picked":"Runic Pyramid"}],"items_purged_floors":[12],"is_endless":false,"potions_floor_spawned":[2,3,7,10,16,19,20,27,29,30],"killed_by":"Collector","ascension_level":0}