{"gold_per_floor":[109,127,302,302,56,81,81,106,106,135,135,135,153,153,153,250,300,319,319,336,347,347],"floor_reached":22,"playtime":1187,"items_purged":["Doubt"],"score":278,"play_id":"ec2f13cb-63c7-4670-9030-980a6b3e4346","local_time":"20181231173055","is_ascension_mode":true,"campfire_choices":[{"floor":7,"key":"REST"},{"floor":11,"key":"REST"},{"floor":12,"key":"REST"},{"floor":15,"key":"REST"}],"neow_cost":"NONE","seed_source_timestamp":597342900327032,"circlet_count":0,"master_deck":["Defend_G+1","Defend_G+1","Defend_G+1","Defend_G+1","Defend_G+1","Strike_G+1","Strike_G+1","Strike_G+1","Strike_G+1","Strike_G+1","Survivor","Neutralize","Dodge and Roll","Tools of the Trade","Underhanded Strike","Underhanded Strike","Noxious Fumes+1","Underhanded Strike","Corpse Explosion","Envenom+1","Backstab","Setup+1","Underhanded Strike"],"relics":["Ring of the Snake","Happy Flower","Darkstone Periapt","Bag of Marbles","Frozen Egg 2","WingedGreaves","Tiny House"],"potions_floor_usage":[10,18,20,21,22],"damage_taken":[{"damage":0,"enemies":"Small Slimes","floor":1,"turns":5},{"damage":0,"enemies":"2 Louse","floor":2,"turns":3},{"damage":48,"enemies":"3 Sentries","floor":6,"turns":15},{"damage":25,"enemies":"Lagavulin","floor":8,"turns":8},{"damage":16,"enemies":"3 Sentries","floor":10,"turns":9},{"damage":5,"enemies":"Cultist","floor":13,"turns":4},{"damage":38,"enemies":"Hexaghost","floor":16,"turns":9},{"damage":24,"enemies":"Shell Parasite","floor":18,"turns":5},{"damage":6,"enemies":"Chosen","floor":20,"turns":5},{"damage":22,"enemies":"Snake Plant","floor":21,"turns":4},{"damage":14,"enemies":"Colosseum Slavers","floor":22,"turns":1}],"seed_played":"5505092691757836734","potions_obtained":[{"floor":8,"key":"Ancient Potion"},{"floor":10,"key":"EssenceOfSteel"},{"floor":13,"key":"Explosive Potion"},{"floor":17,"key":"EssenceOfSteel"},{"floor":21,"key":"FearPotion"}],"is_trial":false,"path_per_floor":["M","M","?","?","$","E","R","E","T","E","R","R","M","?","R","B",null,"M","?","M","M","?"],"character_chosen":"THE_SILENT","items_purchased":["Tools of the Trade","Underhanded Strike"],"campfire_rested":4,"item_purchase_floors":[5,5],"current_hp_per_floor":[70,70,70,70,70,22,43,18,18,2,23,44,39,39,60,22,63,39,39,33,11,0],"gold":347,"neow_bonus":"RANDOM_COMMON_RELIC","is_prod":false,"is_daily":false,"chose_seed":false,"campfire_upgraded":0,"win_rate":0,"timestamp":1546273855,"path_taken":["M","M","?","?","$","E","R","E","T","E","R","R","?","?","R","BOSS","M","?","M","M","?"],"build_version":"2018-12-20","purchased_purges":1,"victory":false,"max_hp_per_floor":[70,70,70,70,70,70,70,70,70,70,70,70,70,70,70,70,75,75,75,75,75,75],"card_choices":[{"not_picked":["Cloak And Dagger","Slice"],"picked":"Dodge and Roll","floor":1},{"not_picked":["Sucker Punch","Tactician"],"picked":"Underhanded Strike","floor":2},{"not_picked":["Dodge and Roll","Leg Sweep"],"picked":"Underhanded Strike","floor":6},{"not_picked":["Backflip","Endless Agony"],"picked":"Noxious Fumes","floor":8},{"not_picked":["Endless Agony","Sucker Punch"],"picked":"Underhanded Strike","floor":10},{"not_picked":["Skewer","Backflip"],"picked":"Corpse Explosion","floor":13},{"not_picked":["Doppelganger","After Image+1"],"picked":"Envenom+1","floor":16},{"not_picked":["Masterful Stab","Prepared"],"picked":"Backstab","floor":17},{"not_picked":["Dagger Spray","PiercingWail+1"],"picked":"Setup+1","floor":18},{"not_picked":["Backflip","Slice","Skewer"],"picked":"SKIP","floor":20},{"not_picked":["Riddle With Holes","Crippling Poison"],"picked":"Underhanded Strike","floor":21}],"player_experience":342133,"relics_obtained":[{"floor":6,"key":"Darkstone Periapt"},{"floor":8,"key":"Bag of Marbles"},{"floor":9,"key":"Frozen Egg 2"},{"floor":10,"key":"WingedGreaves"}],"event_choices":[{"damage_healed":0,"gold_gain":175,"player_choice":"AGREE","damage_taken":0,"max_hp_gain":0,"max_hp_loss":0,"event_name":"Liars Game","floor":3,"gold_loss":0,"cards_obtained":["Doubt"]},{"cards_removed":["Underhanded Strike"],"damage_healed":5,"gold_gain":0,"player_choice":"Offered Common","damage_taken":0,"max_hp_gain":0,"max_hp_loss":0,"event_name":"Bonfire Elementals","floor":4,"gold_loss":0},{"cards_removed":["Underhanded Strike"],"damage_healed":5,"gold_gain":0,"player_choice":"Offered Special","damage_taken":0,"max_hp_gain":0,"max_hp_loss":0,"event_name":"Bonfire Elementals","floor":4,"gold_loss":0},{"damage_healed":0,"gold_gain":0,"player_choice":"Ignored","damage_taken":0,"max_hp_gain":0,"max_hp_loss":0,"event_name":"Shining Light","floor":14,"gold_loss":0},{"damage_healed":0,"gold_gain":0,"player_choice":"Simplicity","damage_taken":0,"max_hp_gain":0,"max_hp_loss":0,"event_name":"Back to Basics","floor":19,"gold_loss":0,"cards_upgraded":["Defend_G","Defend_G","Defend_G","Defend_G","Defend_G","Strike_G","Strike_G","Strike_G","Strike_G","Strike_G"]},{"damage_healed":0,"gold_gain":0,"player_choice":"Fight","damage_taken":0,"max_hp_gain":0,"max_hp_loss":0,"event_name":"Colosseum","floor":22,"gold_loss":0}],"is_beta":false,"boss_relics":[{"not_picked":["Ectoplasm","Empty Cage"],"picked":"Tiny House"}],"items_purged_floors":[5],"is_endless":false,"potions_floor_spawned":[8,10,13,21],"killed_by":"Colosseum Slavers","ascension_level":5}