{"gold_per_floor":[113,188,188,207,220,248,258,288,300,329,361,386,411,348,348,443,443,455,455,370,388,398,398,427,443,493,418,318,334,334,345,345,448,448,462,462,150,200,218,249,249,0,70,89,89,103,123,123,123,123],"floor_reached":51,"playtime":5517,"items_purged":["Coolheaded","Darkness"],"score":738,"play_id":"b99cc4ad-daa2-4604-8688-1c716a9eaef6","local_time":"20190627225555","daily_mods":["Draft"],"is_ascension_mode":false,"campfire_choices":[{"data":"Defragment","floor":15,"key":"SMITH"},{"data":"Double Energy","floor":23,"key":"SMITH"},{"data":"Double Energy","floor":30,"key":"SMITH"},{"data":"Self Repair","floor":32,"key":"SMITH"},{"data":"White Noise","floor":45,"key":"SMITH"},{"floor":49,"key":"REST"}],"neow_cost":"","seed_source_timestamp":747521133045180,"circlet_count":0,"master_deck":["Turbo","Force Field","Double Energy+1","Leap","Self Repair+1","Coolheaded","Defragment+1","Storm","BootSequence","White Noise","Heatsinks","Heatsinks","Skim","Storm","White Noise","Multi-Cast","Conserve Battery+1","Double Energy+1","Defragment+1","Conserve Battery","Echo Form+1","Defragment+1","White Noise+1","Reprogram+1","White Noise+1","Thunder Strike","Storm+1"],"relics":["Cracked Core","Pocketwatch","MawBank","Frozen Egg 2","White Beast Statue","Torii","Vajra","Happy Flower","Lizard Tail","Cables","Ice Cream","Juzu Bracelet","Toxic Egg 2","Red Mask","Bottled Tornado"],"potions_floor_usage":[11,24,25,29,31,33,35,47,50,50],"damage_taken":[{"damage":0,"enemies":"2 Louse","floor":1,"turns":4},{"damage":0,"enemies":"Small Slimes","floor":4,"turns":3},{"damage":0,"enemies":"Jaw Worm","floor":5,"turns":4},{"damage":0,"enemies":"Lagavulin","floor":6,"turns":11},{"damage":2,"enemies":"2 Fungi Beasts","floor":7,"turns":3},{"damage":11,"enemies":"Gremlin Nob","floor":8,"turns":4},{"damage":6,"enemies":"Exordium Thugs","floor":10,"turns":3},{"damage":2,"enemies":"Large Slime","floor":11,"turns":3},{"damage":1,"enemies":"Blue Slaver","floor":12,"turns":3},{"damage":2,"enemies":"3 Louse","floor":13,"turns":2},{"damage":29,"enemies":"Hexaghost","floor":16,"turns":8},{"damage":3,"enemies":"Spheric Guardian","floor":18,"turns":5},{"damage":20,"enemies":"Shell Parasite","floor":21,"turns":4},{"damage":8,"enemies":"Snecko","floor":22,"turns":4},{"damage":20,"enemies":"Gremlin Leader","floor":24,"turns":6},{"damage":1,"enemies":"3 Cultists","floor":25,"turns":3},{"damage":2,"enemies":"Snake Plant","floor":29,"turns":3},{"damage":10,"enemies":"Centurion and Healer","floor":31,"turns":3},{"damage":26,"enemies":"Champ","floor":33,"turns":10},{"damage":33,"enemies":"3 Darklings","floor":35,"turns":3},{"damage":10,"enemies":"2 Orb Walkers","floor":38,"turns":3},{"damage":0,"enemies":"3 Shapes","floor":39,"turns":3},{"damage":13,"enemies":"Giant Head","floor":40,"turns":4},{"damage":20,"enemies":"Spire Growth","floor":44,"turns":3},{"damage":0,"enemies":"Writhing Mass","floor":46,"turns":2},{"damage":0,"enemies":"3 Darklings","floor":47,"turns":3},{"damage":90,"enemies":"Awakened One","floor":50,"turns":5}],"seed_played":"-1391713138099724733","potions_obtained":[{"floor":6,"key":"Dexterity Potion"},{"floor":7,"key":"FocusPotion"},{"floor":11,"key":"PowerPotion"},{"floor":13,"key":"Fire Potion"},{"floor":18,"key":"GamblersBrew"},{"floor":21,"key":"Swift Potion"},{"floor":24,"key":"Explosive Potion"},{"floor":25,"key":"SpeedPotion"},{"floor":29,"key":"PowerPotion"},{"floor":31,"key":"Block Potion"},{"floor":33,"key":"SpeedPotion"},{"floor":35,"key":"Dexterity Potion"},{"floor":46,"key":"Block Potion"},{"floor":47,"key":"Swift Potion"}],"is_trial":true,"path_per_floor":["M","?","?","M","M","E","M","E","T","M","M","M","M","$","R","B",null,"M","?","?","M","M","R","E","M","T","?","$","M","R","M","R","B",null,"M","?","$","?","M","E","T","?","T","M","R","M","M","?","R","B",null],"character_chosen":"DEFECT","items_purchased":["Cables","White Noise"],"campfire_rested":1,"item_purchase_floors":[37,37],"current_hp_per_floor":[75,64,64,71,75,75,75,71,71,72,70,75,75,75,75,53,75,75,75,75,55,47,47,34,33,33,33,33,38,38,28,28,12,75,52,52,52,42,42,39,39,39,39,29,29,39,39,39,60,25],"gold":123,"neow_bonus":"","is_prod":false,"is_daily":false,"chose_seed":false,"campfire_upgraded":5,"win_rate":0,"timestamp":1561643755,"path_taken":["M","?","?","M","M","E","M","E","T","M","M","M","M","$","R","BOSS","M","?","?","M","?","R","E","M","T","?","$","M","R","M","R","BOSS","M","?","$","?","M","E","?","?","T","M","R","M","M","?","R","BOSS"],"build_version":"2019-01-23","purchased_purges":2,"victory":true,"max_hp_per_floor":[75,75,75,75,75,75,75,75,75,75,75,75,75,75,75,75,75,75,75,75,75,75,75,75,75,75,75,75,75,75,75,75,75,75,75,75,75,75,75,75,75,75,75,75,75,75,75,71,71,71],"card_choices":[{"not_picked":["Gash","Compile Driver"],"picked":"Turbo","floor":0},{"not_picked":["Redo","Steam"],"picked":"Force Field","floor":0},{"not_picked":["Coolheaded","Barrage"],"picked":"Sweeping Beam","floor":0},{"not_picked":["Scrape","Redo"],"picked":"Coolheaded","floor":0},{"not_picked":["Aggregate","Gash"],"picked":"Coolheaded","floor":0},{"not_picked":["Force Field","Hologram"],"picked":"Chaos","floor":0},{"not_picked":["Aggregate","Chill"],"picked":"Double Energy","floor":0},{"not_picked":["Stack","Compile Driver"],"picked":"Leap","floor":0},{"not_picked":["Stack","Steam"],"picked":"Self Repair","floor":0},{"not_picked":["Auto Shields","Turbo"],"picked":"Coolheaded","floor":0},{"not_picked":["Turbo","Coolheaded"],"picked":"Defragment","floor":0},{"not_picked":["Auto Shields","Beam Cell"],"picked":"Storm","floor":0},{"not_picked":["Turbo","Redo"],"picked":"BootSequence","floor":0},{"not_picked":["Self Repair","Turbo"],"picked":"White Noise","floor":0},{"not_picked":["Ball Lightning","Undo"],"picked":"Darkness","floor":0},{"not_picked":["Redo","Stack"],"picked":"Heatsinks","floor":1},{"not_picked":["Sweeping Beam","Leap","Sunder"],"picked":"SKIP","floor":4},{"not_picked":["Barrage","Ball Lightning"],"picked":"Heatsinks","floor":5},{"not_picked":["Streamline","Coolheaded"],"picked":"Skim","floor":6},{"not_picked":["Ball Lightning","Steam"],"picked":"Storm","floor":7},{"not_picked":["Cold Snap","Compile Driver","Gash"],"picked":"SKIP","floor":8},{"not_picked":["Sweeping Beam","Turbo","Ball Lightning"],"picked":"SKIP","floor":10},{"not_picked":["Ball Lightning","Sweeping Beam","Leap"],"picked":"SKIP","floor":11},{"not_picked":["Steam","Biased Cognition+1"],"picked":"White Noise","floor":12},{"not_picked":["Hologram","Sweeping Beam","Redo"],"picked":"SKIP","floor":13},{"not_picked":["Amplify","Reboot"],"picked":"Multi-Cast","floor":16},{"not_picked":["Ball Lightning","Coolheaded"],"picked":"Conserve Battery+1","floor":18},{"not_picked":["Rip and Tear","Scrape+1","Ball Lightning"],"picked":"SKIP","floor":21},{"not_picked":["Redo+1","Hologram","Rebound"],"picked":"SKIP","floor":22},{"not_picked":["Sunder","Coolheaded"],"picked":"Defragment+1","floor":24},{"not_picked":["Chaos","Glacier"],"picked":"Conserve Battery","floor":25},{"not_picked":["Streamline+1","Compile Driver","Go for the Eyes+1"],"picked":"SKIP","floor":29},{"not_picked":["Rainbow","Conserve Battery+1","Stack"],"picked":"SKIP","floor":31},{"not_picked":["Biased Cognition+1","Seek"],"picked":"Echo Form+1","floor":33},{"not_picked":["BootSequence","Undo+1"],"picked":"Defragment+1","floor":35},{"not_picked":["Blizzard+1","Beam Cell","Conserve Battery"],"picked":"SKIP","floor":39},{"not_picked":["Conserve Battery","Rebound+1"],"picked":"Reprogram+1","floor":40},{"not_picked":["Doom and Gloom","Turbo+1"],"picked":"White Noise+1","floor":44},{"not_picked":["Reinforced Body+1","Glacier+1"],"picked":"Thunder Strike","floor":46},{"not_picked":["Hello World+1","Recycle+1"],"picked":"Storm+1","floor":47}],"player_experience":81006,"relics_obtained":[{"floor":6,"key":"Pocketwatch"},{"floor":8,"key":"MawBank"},{"floor":9,"key":"Frozen Egg 2"},{"floor":24,"key":"Vajra"},{"floor":26,"key":"Happy Flower"},{"floor":38,"key":"Ice Cream"},{"floor":40,"key":"Juzu Bracelet"},{"floor":41,"key":"Toxic Egg 2"},{"floor":43,"key":"Bottled Tornado"}],"event_choices":[{"damage_healed":0,"gold_gain":75,"player_choice":"Gather Gold","damage_taken":11,"max_hp_gain":0,"max_hp_loss":0,"event_name":"World of Goop","floor":2,"gold_loss":0},{"damage_healed":0,"gold_gain":0,"player_choice":"Ignored","damage_taken":0,"max_hp_gain":0,"max_hp_loss":0,"event_name":"Liars Game","floor":3,"gold_loss":0},{"damage_healed":0,"gold_gain":0,"cards_transformed":["Sweeping Beam","Chaos"],"player_choice":"Became Test Subject","damage_taken":0,"max_hp_gain":0,"max_hp_loss":0,"event_name":"Drug Dealer","floor":19,"gold_loss":0,"cards_obtained":["Streamline","Double Energy"]},{"damage_healed":0,"gold_gain":0,"player_choice":"Obtained Relic","damage_taken":0,"relics_obtained":["Torii"],"max_hp_gain":0,"max_hp_loss":0,"event_name":"Addict","floor":20,"gold_loss":85},{"cards_removed":["Streamline"],"damage_healed":0,"gold_gain":0,"player_choice":"Gave Gold","damage_taken":0,"max_hp_gain":0,"max_hp_loss":0,"event_name":"Beggar","floor":27,"gold_loss":75},{"cards_removed":["Coolheaded"],"damage_healed":0,"gold_gain":0,"player_choice":"Removed Skill","damage_taken":0,"max_hp_gain":0,"max_hp_loss":0,"event_name":"Falling","floor":36,"gold_loss":0},{"damage_healed":0,"gold_gain":0,"player_choice":"Fight","damage_taken":0,"max_hp_gain":0,"max_hp_loss":0,"event_name":"Mysterious Sphere","floor":38,"gold_loss":0},{"damage_healed":0,"gold_gain":0,"player_choice":"Paid","damage_taken":0,"relics_obtained":["Red Mask"],"max_hp_gain":0,"max_hp_loss":0,"event_name":"Tomb of Lord Red Mask","floor":42,"gold_loss":249},{"damage_healed":0,"gold_gain":0,"player_choice":"Max HP","damage_taken":0,"max_hp_gain":0,"max_hp_loss":4,"event_name":"Winding Halls","floor":48,"gold_loss":0}],"is_beta":false,"boss_relics":[{"not_picked":["Snecko Eye","Fusion Hammer"],"picked":"White Beast Statue"},{"not_picked":["Philosopher\u0027s Stone","Velvet Choker"],"picked":"Lizard Tail"}],"items_purged_floors":[14,28],"is_endless":false,"potions_floor_spawned":[6,7,11,13,18,21,22,24,25,29,31,33,35,38,39,40,44,46,47],"ascension_level":0}