{"gold_per_floor":[113,124,135,29,43,43,103,103,128,153,28,45,45,59,59,164,164,177,357,376,376],"floor_reached":21,"playtime":1599,"items_purged":[],"score":337,"play_id":"309249b8-762a-4f21-8f9e-b36e26092b09","local_time":"20190710214037","is_ascension_mode":true,"campfire_choices":[{"data":"Chaos","floor":6,"key":"SMITH"},{"data":"Self Repair","floor":8,"key":"SMITH"},{"data":"Hologram","floor":13,"key":"SMITH"},{"data":"Go for the Eyes","floor":15,"key":"SMITH"}],"neow_cost":"NONE","seed_source_timestamp":14839820545224,"circlet_count":0,"master_deck":["Strike_B+1","Strike_B+1","Strike_B","Strike_B","Defend_B","Defend_B","Defend_B","Defend_B","Zap+1","Dualcast","Conserve Battery","Ball Lightning","White Noise","Self Repair+1","Sunder","Chaos+1","Electrodynamics","Auto Shields","Capacitor","Turbo","Go for the Eyes+1","Hologram+1","Tempest","Biased Cognition","Aggregate","Forethought","Reinforced Body+1"],"relics":["Cracked Core","Tiny Chest","Whetstone","Anchor","Inserter"],"potions_floor_usage":[14,21,21],"damage_taken":[{"damage":1,"enemies":"Cultist","floor":1,"turns":3},{"damage":0,"enemies":"Small Slimes","floor":2,"turns":4},{"damage":1,"enemies":"2 Louse","floor":3,"turns":2},{"damage":5,"enemies":"2 Fungi Beasts","floor":5,"turns":3},{"damage":36,"enemies":"Gremlin Nob","floor":7,"turns":4},{"damage":23,"enemies":"Lagavulin","floor":10,"turns":6},{"damage":1,"enemies":"Looter","floor":12,"turns":3},{"damage":0,"enemies":"Exordium Wildlife","floor":14,"turns":2},{"damage":0,"enemies":"Slime Boss","floor":16,"turns":5},{"damage":2,"enemies":"2 Thieves","floor":18,"turns":4},{"damage":12,"enemies":"Spheric Guardian","floor":20,"turns":4},{"damage":43,"enemies":"Shelled Parasite and Fungi","floor":21,"turns":4}],"seed_played":"-6332685986515649097","potions_obtained":[{"floor":3,"key":"PowerPotion"},{"floor":7,"key":"Explosive Potion"},{"floor":12,"key":"Poison Potion"}],"is_trial":false,"path_per_floor":["M","M","M","$","M","R","E","R","T","E","$","M","R","M","R","B",null,"M","?","M","M"],"character_chosen":"DEFECT","items_purchased":["Self Repair","Sunder","Capacitor","Turbo","Go for the Eyes"],"campfire_rested":0,"item_purchase_floors":[4,4,11,11,11],"current_hp_per_floor":[67,67,66,66,68,68,39,39,39,26,26,35,35,35,35,35,65,73,38,36,0],"gold":376,"neow_bonus":"UPGRADE_CARD","is_prod":false,"is_daily":false,"chose_seed":false,"campfire_upgraded":4,"win_rate":0,"timestamp":1562809237,"path_taken":["M","M","M","$","M","R","E","R","T","E","$","M","R","?","R","BOSS","M","?","M","?"],"build_version":"2019-07-05","purchased_purges":0,"victory":false,"max_hp_per_floor":[75,75,75,75,75,75,75,75,75,75,75,75,75,75,75,75,75,75,75,75,75],"card_choices":[{"not_picked":["Cold Snap","Force Field"],"picked":"Conserve Battery","floor":1},{"not_picked":["Sweeping Beam","Compile Driver"],"picked":"Ball Lightning","floor":2},{"not_picked":["Stack","Steam"],"picked":"White Noise","floor":3},{"not_picked":["Sunder","Conserve Battery"],"picked":"Chaos","floor":5},{"not_picked":["Conserve Battery","White Noise"],"picked":"Electrodynamics","floor":7},{"not_picked":["Ball Lightning","Reinforced Body"],"picked":"Auto Shields","floor":10},{"not_picked":["Glacier","Ball Lightning"],"picked":"Hologram","floor":12},{"not_picked":["Hologram","Rebound"],"picked":"Tempest","floor":14},{"not_picked":["Reboot","Meteor Strike"],"picked":"Biased Cognition","floor":16},{"not_picked":["Gash+1","Sweeping Beam+1"],"picked":"Aggregate","floor":18},{"not_picked":["Rebound+1","Go for the Eyes"],"picked":"Reinforced Body+1","floor":20}],"player_experience":199148,"relics_obtained":[{"floor":7,"key":"Tiny Chest"},{"floor":9,"key":"Whetstone"},{"floor":10,"key":"Anchor"}],"event_choices":[{"damage_healed":0,"gold_gain":180,"player_choice":"CARD POTION GOLD GOLD ","damage_taken":35,"max_hp_gain":0,"max_hp_loss":0,"event_name":"Knowing Skull","floor":19,"potions_obtained":["FearPotion"],"gold_loss":0,"cards_obtained":["Forethought"]}],"is_beta":false,"boss_relics":[{"not_picked":["Nuclear Battery","Cursed Key"],"picked":"Inserter"}],"items_purged_floors":[],"is_endless":false,"potions_floor_spawned":[3,7,12],"killed_by":"Shelled Parasite and Fungi","ascension_level":8}