{"gold_per_floor":[115,115,115,133,156,156,72,88,88,104,139,214,389,413,413,534,534,558,483,483,469,125,125,156,156,156,156,156,181,181,130,130,261,261,282,307,321,8,29,29],"floor_reached":40,"playtime":2091,"items_purged":["Doubt"],"score":487,"play_id":"c646da89-375b-4644-b94a-1e8a6d311d9c","local_time":"20181123182828","is_ascension_mode":true,"campfire_choices":[{"data":"Inflame","floor":6,"key":"SMITH"},{"floor":15,"key":"REST"},{"data":"Apotheosis","floor":23,"key":"SMITH"},{"data":"Berserk","floor":28,"key":"SMITH"},{"floor":30,"key":"REST"},{"floor":32,"key":"REST"}],"neow_cost":"NONE","seed_source_timestamp":496308648379142,"circlet_count":0,"master_deck":["Strike_R","Defend_R","Defend_R","Defend_R","Defend_R+1","Bash","Dropkick","Inflame+1","Flex+1","Bandage Up","Disarm","Reaper","Spot Weakness","Warcry","Berserk+1","Anger+1","Ghostly Armor+1","Intimidate+1","Perfected Strike+1","Apotheosis+1","Dropkick","Twin Strike","Fiend Fire","Clumsy","Twin Strike+1","Reaper","Ghostly Armor+1","Shockwave+1"],"relics":["Burning Blood","Golden Idol","Bottled Flame","Gremlin Horn","Astrolabe","War Paint","Dead Branch","Omamori","Calling Bell","Pen Nib","Question Card","Ice Cream","Nunchaku"],"potions_floor_usage":[5,11,14,21,24,33,36,39,40,40],"damage_taken":[{"damage":10,"enemies":"Small Slimes","floor":1,"turns":3},{"damage":0,"enemies":"2 Louse","floor":4,"turns":3},{"damage":2,"enemies":"Jaw Worm","floor":5,"turns":3},{"damage":7,"enemies":"2 Fungi Beasts","floor":8,"turns":3},{"damage":37,"enemies":"Exordium Thugs","floor":10,"turns":5},{"damage":36,"enemies":"Lagavulin","floor":11,"turns":7},{"damage":6,"enemies":"Blue Slaver","floor":14,"turns":2},{"damage":63,"enemies":"The Guardian","floor":16,"turns":12},{"damage":33,"enemies":"Shell Parasite","floor":18,"turns":8},{"damage":37,"enemies":"2 Thieves","floor":21,"turns":4},{"damage":78,"enemies":"Slavers","floor":24,"turns":5},{"damage":33,"enemies":"Snake Plant","floor":29,"turns":5},{"damage":18,"enemies":"Champ","floor":33,"turns":7},{"damage":6,"enemies":"3 Shapes","floor":35,"turns":4},{"damage":9,"enemies":"Orb Walker","floor":36,"turns":3},{"damage":60,"enemies":"Jaw Worm Horde","floor":37,"turns":4},{"damage":35,"enemies":"4 Shapes","floor":39,"turns":6},{"damage":48,"enemies":"Nemesis","floor":40,"turns":2}],"seed_played":"-6321500166506700263","potions_obtained":[{"floor":1,"key":"PowerPotion"},{"floor":5,"key":"Ancient Potion"},{"floor":10,"key":"Regen Potion"},{"floor":11,"key":"AttackPotion"},{"floor":18,"key":"PowerPotion"},{"floor":20,"key":"Strength Potion"},{"floor":21,"key":"Dexterity Potion"},{"floor":35,"key":"LiquidBronze"},{"floor":37,"key":"Strength Potion"}],"is_trial":false,"path_per_floor":["M","?","?","M","M","R","$","M","T","M","E","?","?","M","R","B",null,"M","$","?","M","$","R","E","?","T","$","R","M","R","$","R","B",null,"M","M","M","$","M","E"],"character_chosen":"IRONCLAD","items_purchased":["Bandage Up","Apotheosis","War Paint","SkillPotion","Nunchaku"],"campfire_rested":3,"item_purchase_floors":[7,22,22,31,38],"current_hp_per_floor":[84,84,62,68,72,72,72,75,75,48,50,39,39,39,65,24,88,84,84,84,79,79,79,48,48,48,48,48,27,53,53,79,77,88,88,85,37,37,32,0],"gold":29,"neow_bonus":"TEN_PERCENT_HP_BONUS","is_prod":false,"is_daily":false,"chose_seed":false,"campfire_upgraded":3,"win_rate":0,"timestamp":1542994108,"path_taken":["M","?","?","M","M","R","$","M","T","M","E","?","?","M","R","BOSS","M","$","?","M","?","R","E","?","T","?","R","M","R","$","R","BOSS","M","M","M","$","M","E"],"build_version":"2018-11-15","purchased_purges":1,"victory":false,"max_hp_per_floor":[88,88,88,88,88,88,88,88,88,88,88,88,88,88,88,88,88,88,88,88,88,88,88,88,88,88,88,88,88,88,88,88,88,88,88,88,88,88,88,88],"card_choices":[{"not_picked":["Battle Trance","Ghostly Armor"],"picked":"Dropkick","floor":1},{"not_picked":["Headbutt","Flex"],"picked":"Inflame","floor":4},{"not_picked":["Wild Strike","Second Wind"],"picked":"Flex","floor":5},{"not_picked":["Pommel Strike","Warcry"],"picked":"Disarm","floor":8},{"not_picked":["Wild Strike","Flex"],"picked":"Reaper","floor":10},{"not_picked":["Twin Strike","Clothesline"],"picked":"Spot Weakness","floor":11},{"not_picked":["Uppercut","Entrench"],"picked":"Warcry","floor":14},{"not_picked":["Bludgeon","Impervious"],"picked":"Berserk","floor":16},{"not_picked":["Cleave","Body Slam","Havoc"],"picked":"SKIP","floor":18},{"not_picked":["Entrench","Twin Strike+1"],"picked":"Perfected Strike+1","floor":21},{"not_picked":["Combust","Shockwave"],"picked":"Dropkick","floor":24},{"not_picked":["Headbutt","Hemokinesis+1"],"picked":"Twin Strike","floor":29},{"not_picked":["Berserk","Brutality"],"picked":"Fiend Fire","floor":33},{"not_picked":["Headbutt","Bloodletting+1","Wild Strike"],"picked":"Twin Strike+1","floor":35},{"not_picked":["Rampage","Thunderclap","Battle Trance+1"],"picked":"Reaper","floor":36},{"not_picked":["Dual Wield+1","Flex+1","Clothesline"],"picked":"Ghostly Armor+1","floor":37},{"not_picked":["Whirlwind+1","Bloodletting+1","Cleave+1"],"picked":"Shockwave+1","floor":39}],"player_experience":300608,"relics_obtained":[{"floor":9,"key":"Bottled Flame"},{"floor":11,"key":"Gremlin Horn"},{"floor":24,"key":"Dead Branch"},{"floor":26,"key":"Omamori"},{"floor":34,"key":"Pen Nib"},{"floor":34,"key":"Question Card"},{"floor":34,"key":"Ice Cream"}],"event_choices":[{"damage_healed":0,"gold_gain":0,"player_choice":"Leave","damage_taken":0,"max_hp_gain":0,"max_hp_loss":0,"event_name":"The Cleric","floor":2,"gold_loss":0},{"damage_healed":0,"gold_gain":0,"player_choice":"Take Damage","damage_taken":22,"relics_obtained":["Golden Idol"],"max_hp_gain":0,"max_hp_loss":0,"event_name":"Golden Idol","floor":3,"gold_loss":0},{"damage_healed":0,"gold_gain":75,"player_choice":"Gather Gold","damage_taken":11,"max_hp_gain":0,"max_hp_loss":0,"event_name":"World of Goop","floor":12,"gold_loss":0},{"damage_healed":0,"gold_gain":175,"player_choice":"AGREE","damage_taken":0,"max_hp_gain":0,"max_hp_loss":0,"event_name":"Liars Game","floor":13,"gold_loss":0,"cards_obtained":["Doubt"]},{"damage_healed":0,"gold_gain":0,"player_choice":"Got Potions","damage_taken":0,"max_hp_gain":0,"max_hp_loss":0,"event_name":"Lab","floor":20,"gold_loss":0},{"cards_removed":["Strike_R"],"damage_healed":0,"gold_gain":0,"player_choice":"Elegance","damage_taken":0,"max_hp_gain":0,"max_hp_loss":0,"event_name":"Back to Basics","floor":25,"gold_loss":0}],"is_beta":false,"boss_relics":[{"not_picked":["Tiny House","Empty Cage"],"picked":"Astrolabe"},{"not_picked":["Black Star","Runic Dome"],"picked":"Calling Bell"}],"items_purged_floors":[19],"is_endless":false,"potions_floor_spawned":[1,5,10,11,18,21,35,37],"killed_by":"Nemesis","ascension_level":4}