{"gold_per_floor":[113,113,140,159,175,175,190,202,227,227,257,257,23,35,35,137,137,154,21,37,50,50,50,84,84,111,128,147,165,182,182,182,182],"floor_reached":33,"playtime":4045,"items_purged":[],"score":261,"play_id":"dcdf2548-4fa4-4dd4-8c2b-36d6ef11f50b","local_time":"20190820211438","is_ascension_mode":false,"campfire_choices":[{"data":"Inflame","floor":6.0,"key":"SMITH"},{"data":"Heavy Blade","floor":10.0,"key":"SMITH"},{"data":"Headbutt","floor":12.0,"key":"SMITH"},{"data":"Clash","floor":15.0,"key":"SMITH"},{"floor":23.0,"key":"REST"},{"data":"Infernal Blade","floor":25.0,"key":"SMITH"},{"data":"Infernal Blade","floor":32,"key":"SMITH"}],"neow_cost":"NONE","seed_source_timestamp":0,"circlet_count":0,"master_deck":["Strike_R","Strike_R","Strike_R","Strike_R","Defend_R","Defend_R+1","Defend_R","Defend_R","Bash+1","Inflame+1","Headbutt+1","Disarm","Battle Trance","Armaments","Heavy Blade+1","Impervious","Cleave","Clash+1","Feed","Flex","Dramatic Entrance","Shrug It Off","Flex+1","Dropkick+1","Infernal Blade+1","Flex","Seeing Red","Infernal Blade+1","Shrug It Off"],"special_seed":0,"relics":["Burning Blood","Bag of Preparation","Potion Belt","Vajra","Lizard Tail","Boot","Centennial Puzzle","NlothsMask"],"potions_floor_usage":[33,33,33],"damage_taken":[{"damage":0.0,"enemies":"Small Slimes","floor":1.0,"turns":3.0},{"damage":0.0,"enemies":"Jaw Worm","floor":4.0,"turns":4.0},{"damage":0.0,"enemies":"Cultist","floor":5.0,"turns":4.0},{"damage":3.0,"enemies":"Looter","floor":7.0,"turns":3.0},{"damage":10.0,"enemies":"Gremlin Gang","floor":8.0,"turns":5.0},{"damage":1.0,"enemies":"2 Fungi Beasts","floor":14.0,"turns":2.0},{"damage":28.0,"enemies":"Hexaghost","floor":16.0,"turns":10.0},{"damage":34.0,"enemies":"2 Thieves","floor":18.0,"turns":4.0},{"damage":14.0,"enemies":"Spheric Guardian","floor":20.0,"turns":4.0},{"damage":16.0,"enemies":"Centurion and Healer","floor":21.0,"turns":6.0},{"damage":12.0,"enemies":"Gremlin Leader","floor":24.0,"turns":4.0},{"damage":7.0,"enemies":"3 Cultists","floor":27.0,"turns":4.0},{"damage":11.0,"enemies":"Snake Plant","floor":28.0,"turns":2.0},{"damage":0.0,"enemies":"Sentry and Sphere","floor":29.0,"turns":3.0},{"damage":9.0,"enemies":"3 Cultists","floor":30.0,"turns":3.0},{"damage":143,"enemies":"Automaton","floor":33,"turns":10}],"seed_played":"-2502265294340965112","potions_obtained":[{"floor":4.0,"key":"AttackPotion"},{"floor":5.0,"key":"SpeedPotion"},{"floor":8.0,"key":"BloodPotion"},{"floor":22.0,"key":"Poison Potion"},{"floor":22.0,"key":"Fire Potion"},{"floor":22.0,"key":"Regen Potion"},{"floor":24.0,"key":"Fire Potion"},{"floor":28.0,"key":"SkillPotion"},{"floor":29.0,"key":"SneckoOil"}],"is_trial":false,"path_per_floor":["M","?","T","M","M","R","M","M","T","R","?","R","$","M","R","B",null,"M","$","M","M","?","R","E","R","T","M","M","M","M","?","R","B"],"character_chosen":"IRONCLAD","items_purchased":["Impervious","Cleave","AttackPotion","Dramatic Entrance","Shrug It Off"],"campfire_rested":1,"item_purchase_floors":[13,13,13,19,19],"current_hp_per_floor":[80,64,64,70,76,76,79,75,75,75,75,75,75,80,80,58,80,52,52,67,57,57,81,75,75,75,74,69,78,75,75,75,0],"gold":182,"neow_bonus":"TRANSFORM_CARD","is_prod":false,"is_daily":false,"chose_seed":false,"campfire_upgraded":6,"win_rate":0.0,"timestamp":1566306878,"path_taken":["M","?","?","M","M","R","M","M","T","R","?","R","$","M","R","BOSS","M","$","M","M","?","R","E","R","T","M","?","M","M","?","R","BOSS"],"build_version":"2019-07-17","purchased_purges":0,"victory":false,"max_hp_per_floor":[80,80,80,80,80,80,80,80,80,80,80,80,80,80,80,80,80,80,80,83,83,83,83,83,83,83,83,83,86,86,86,86,86],"card_choices":[{"not_picked":["Anger","Searing Blow"],"picked":"Headbutt","floor":1.0},{"not_picked":["Clothesline","Sever Soul"],"picked":"Disarm","floor":4.0},{"not_picked":["Clothesline","Warcry"],"picked":"Battle Trance","floor":5.0},{"not_picked":["Warcry","Pommel Strike"],"picked":"Armaments","floor":7.0},{"not_picked":["Pummel","Headbutt"],"picked":"Heavy Blade","floor":8.0},{"not_picked":["Armaments","Perfected Strike"],"picked":"Clash","floor":14.0},{"not_picked":["Brutality","Dark Embrace"],"picked":"Feed","floor":16.0},{"not_picked":["Perfected Strike","Thunderclap"],"picked":"Flex","floor":18.0},{"not_picked":["Perfected Strike","Ghostly Armor+1"],"picked":"Flex+1","floor":20.0},{"not_picked":["Warcry","Power Through"],"picked":"Dropkick+1","floor":21.0},{"not_picked":["Warcry","Power Through"],"picked":"Infernal Blade","floor":24.0},{"not_picked":["Feel No Pain","Spot Weakness"],"picked":"Flex","floor":27.0},{"not_picked":["Sever Soul","Offering"],"picked":"Seeing Red","floor":28.0},{"not_picked":["Corruption","Second Wind"],"picked":"Infernal Blade","floor":29.0},{"not_picked":["Thunderclap","Uppercut"],"picked":"Shrug It Off","floor":30}],"player_experience":21021,"relics_obtained":[{"floor":3.0,"key":"Bag of Preparation"},{"floor":9.0,"key":"Potion Belt"},{"floor":24.0,"key":"Boot"},{"floor":26.0,"key":"Centennial Puzzle"}],"event_choices":[{"damage_healed":0.0,"max_hp_gain":0.0,"max_hp_loss":0.0,"gold_gain":0.0,"event_name":"Shining Light","player_choice":"Entered Light","floor":2.0,"gold_loss":0.0,"damage_taken":16.0,"cards_upgraded":["Defend_R","Bash"]},{"damage_healed":0.0,"max_hp_gain":0.0,"max_hp_loss":0.0,"gold_gain":30.0,"event_name":"Dead Adventurer","player_choice":"Searched \u00272\u0027 times","floor":11.0,"gold_loss":0.0,"damage_taken":0.0,"relics_obtained":["Vajra"]},{"damage_healed":0.0,"max_hp_gain":0.0,"max_hp_loss":0.0,"gold_gain":0.0,"event_name":"Lab","player_choice":"Got Potions","floor":22.0,"gold_loss":0.0,"damage_taken":0.0},{"damage_healed":0,"gold_gain":0,"player_choice":"Trade","damage_taken":0,"relics_obtained":["NlothsMask"],"max_hp_gain":0,"max_hp_loss":0,"event_name":"FaceTrader","floor":31,"gold_loss":0}],"is_beta":false,"boss_relics":[{"not_picked":["Velvet Choker","Cursed Key"],"picked":"Lizard Tail"}],"items_purged_floors":[],"is_endless":false,"potions_floor_spawned":[4,5,8,24,28,29],"killed_by":"Automaton","ascension_level":0}