{"gold_per_floor":[112,62,73,73,85,114,114,148,148,179,179,19,32,87,87,164,164,182,11,28,28,28,28,39,1,1,1,1,19,32,51,51,125,125,138,15,25,39,52,52,67,67,90,90,104,104,104,134,134,134],"floor_reached":50,"playtime":3647,"items_purged":["Berserk"],"score":903,"play_id":"358139e6-0700-4cac-8d7f-8e12cc1a58a2","local_time":"20190827180434","is_ascension_mode":true,"campfire_choices":[{"data":"Barricade","floor":7.0,"key":"SMITH"},{"floor":15.0,"key":"REST"},{"data":"Evolve","floor":23.0,"key":"SMITH"},{"floor":28.0,"key":"REST"},{"floor":32.0,"key":"REST"},{"floor":40,"key":"REST"},{"floor":42,"key":"REST"},{"floor":44,"key":"REST"},{"floor":47,"key":"REST"},{"floor":49,"key":"REST"}],"neow_cost":"NONE","seed_source_timestamp":674768315448000,"circlet_count":0,"master_deck":["AscendersBane","Defend_R","Defend_R","Defend_R","Defend_R","Bash","Barricade+1","Pommel Strike","Body Slam","Bludgeon","Anger","Reckless Charge","Flame Barrier","Feed","Immolate","Evolve+1","Shrug It Off","Wild Strike+1","Impervious","Power Through","Reckless Charge+1","Reckless Charge+1","Corruption","Armaments","True Grit","Metallicize","Seeing Red","Bite+1","Bite+1","Bite+1","Bite+1","Bite+1","Evolve","Havoc","Ghostly Armor","Body Slam+1","Brutality","Carnage+1","Ghostly Armor","Parasite","Warcry","Shrug It Off","Dark Embrace","Writhe","Power Through"],"special_seed":0,"relics":["Burning Blood","The Courier","Sundial","Pear","Whetstone","Gremlin Horn","Molten Egg 2","Orrery","Pen Nib","Bottled Lightning","Snecko Eye","Orichalcum","Singing Bowl"],"potions_floor_usage":[38,41,48,48],"damage_taken":[{"damage":12.0,"enemies":"Jaw Worm","floor":1.0,"turns":2.0},{"damage":2.0,"enemies":"2 Louse","floor":3.0,"turns":4.0},{"damage":0.0,"enemies":"Small Slimes","floor":5.0,"turns":2.0},{"damage":8.0,"enemies":"Gremlin Nob","floor":6.0,"turns":3.0},{"damage":35.0,"enemies":"Lagavulin","floor":8.0,"turns":5.0},{"damage":32.0,"enemies":"Gremlin Nob","floor":10.0,"turns":4.0},{"damage":11.0,"enemies":"Looter","floor":13.0,"turns":2.0},{"damage":11.0,"enemies":"Gremlin Nob","floor":14.0,"turns":4.0},{"damage":13.0,"enemies":"Slime Boss","floor":16.0,"turns":12.0},{"damage":17.0,"enemies":"2 Thieves","floor":18.0,"turns":3.0},{"damage":18.0,"enemies":"Shell Parasite","floor":20.0,"turns":7.0},{"damage":49.0,"enemies":"Snake Plant","floor":24.0,"turns":6.0},{"damage":29.0,"enemies":"Shelled Parasite and Fungi","floor":29.0,"turns":9.0},{"damage":29.0,"enemies":"Centurion and Healer","floor":30.0,"turns":9.0},{"damage":19.0,"enemies":"Sentry and Sphere","floor":31.0,"turns":7.0},{"damage":55.0,"enemies":"Automaton","floor":33.0,"turns":10.0},{"damage":0.0,"enemies":"3 Darklings","floor":35.0,"turns":1.0},{"damage":0.0,"enemies":"3 Shapes","floor":37.0,"turns":3.0},{"damage":31,"enemies":"Writhing Mass","floor":38,"turns":7},{"damage":39,"enemies":"3 Darklings","floor":39,"turns":5},{"damage":51,"enemies":"4 Shapes","floor":41,"turns":6},{"damage":60,"enemies":"Transient","floor":45,"turns":5},{"damage":41,"enemies":"Reptomancer","floor":48,"turns":6},{"damage":103,"enemies":"Donu and Deca","floor":50,"turns":7}],"seed_played":"4058279484653068948","potions_obtained":[{"floor":5.0,"key":"EssenceOfSteel"},{"floor":8.0,"key":"Strength Potion"},{"floor":14.0,"key":"Poison Potion"},{"floor":24.0,"key":"Dexterity Potion"},{"floor":31.0,"key":"Poison Potion"},{"floor":33.0,"key":"PowerPotion"},{"floor":35.0,"key":"LiquidBronze"},{"floor":39,"key":"LiquidBronze"},{"floor":41,"key":"Energy Potion"},{"floor":45,"key":"Strength Potion"}],"is_trial":false,"path_per_floor":["M","?","M","?","M","E","R","E","T","E","T","$","M","?","R","B",null,"M","$","M","?","?","R","M","$","T","$","R","M","M","M","R","B",null,"M","$","M","M","M","R","M","R","T","R","M","?","R","E","R","B"],"character_chosen":"IRONCLAD","items_purchased":["Immolate","Evolve","Shrug It Off","Metallicize","Pen Nib","Havoc","Carnage+1"],"campfire_rested":8,"item_purchase_floors":[12,12,12,19,19,25,36],"current_hp_per_floor":[66,66,70,70,76,74,74,45,55,29,29,29,27,22,49,42,80,72,72,60,60,67,67,24,24,24,24,44,33,37,39,60,29,62,71,71,73,57,36,57,27,49,49,71,22,41,63,52,75,0],"gold":134,"neow_bonus":"ONE_RANDOM_RARE_CARD","is_prod":false,"is_daily":false,"chose_seed":false,"campfire_upgraded":2,"win_rate":0,"timestamp":1566954274,"path_taken":["M","?","M","?","M","E","R","E","T","E","?","$","M","?","R","BOSS","M","$","M","?","?","R","?","?","T","$","R","M","?","M","R","BOSS","M","$","M","M","M","R","M","R","T","R","M","?","R","E","R","BOSS"],"build_version":"2019-07-17","purchased_purges":1,"victory":false,"max_hp_per_floor":[80,80,80,80,80,80,80,80,90,90,90,90,93,93,93,93,93,96,96,96,67,67,67,67,67,67,67,67,70,70,73,73,73,73,73,73,73,73,73,73,76,76,76,76,76,76,76,79,79,79],"card_choices":[{"not_picked":["Bloodletting","Havoc"],"picked":"Pommel Strike","floor":1.0},{"not_picked":["Havoc","Anger"],"picked":"Body Slam","floor":3.0},{"not_picked":["Havoc","Wild Strike"],"picked":"Anger","floor":5.0},{"not_picked":["Flex","Heavy Blade"],"picked":"Reckless Charge","floor":6.0},{"not_picked":["Thunderclap","Perfected Strike"],"picked":"Flame Barrier","floor":8.0},{"not_picked":["Dual Wield","Armaments"],"picked":"Feed","floor":10.0},{"not_picked":["Thunderclap","True Grit","Carnage"],"picked":"SKIP","floor":13.0},{"not_picked":["Armaments","Flex"],"picked":"Wild Strike","floor":14.0},{"not_picked":["Juggernaut","Demon Form"],"picked":"Impervious","floor":16.0},{"not_picked":["Headbutt+1","Combust"],"picked":"Power Through","floor":17.0},{"not_picked":["Whirlwind+1","Shrug It Off"],"picked":"Reckless Charge+1","floor":17.0},{"not_picked":["Clothesline+1","Clash+1"],"picked":"Reckless Charge+1","floor":17.0},{"not_picked":["Rage","Dual Wield"],"picked":"Corruption","floor":17.0},{"not_picked":["Perfected Strike+1","Pummel+1"],"picked":"Armaments","floor":17.0},{"not_picked":["Wild Strike+1","Headbutt+1"],"picked":"True Grit","floor":18.0},{"not_picked":["Shockwave","Heavy Blade+1"],"picked":"Seeing Red","floor":20.0},{"not_picked":["Headbutt+1","Body Slam+1"],"picked":"Evolve","floor":24.0},{"not_picked":["Thunderclap+1","Wild Strike+1"],"picked":"Ghostly Armor","floor":29.0},{"not_picked":["Perfected Strike+1","Pummel+1"],"picked":"Body Slam+1","floor":30.0},{"not_picked":["Evolve","Flex"],"picked":"Brutality","floor":31.0},{"not_picked":["Limit Break","Demon Form"],"picked":"Berserk","floor":33.0},{"not_picked":["Thunderclap+1","Headbutt+1","Rupture"],"picked":"SKIP","floor":35.0},{"not_picked":["Headbutt+1","Iron Wave+1"],"picked":"Ghostly Armor","floor":37.0},{"not_picked":["Reckless Charge+1","Sword Boomerang+1"],"picked":"Warcry","floor":38},{"not_picked":["Body Slam+1","Clash+1"],"picked":"Shrug It Off","floor":39},{"not_picked":["Clothesline+1","Wild Strike+1","Whirlwind+1"],"picked":"SKIP","floor":41},{"not_picked":["Iron Wave+1","Body Slam+1"],"picked":"Dark Embrace","floor":45},{"not_picked":["Perfected Strike+1","Shrug It Off"],"picked":"Power Through","floor":48}],"player_experience":238209,"relics_obtained":[{"floor":6.0,"key":"The Courier"},{"floor":8.0,"key":"Sundial"},{"floor":9.0,"key":"Pear"},{"floor":10.0,"key":"Whetstone"},{"floor":11.0,"key":"Gremlin Horn"},{"floor":14.0,"key":"Molten Egg 2"},{"floor":26.0,"key":"Bottled Lightning"},{"floor":43,"key":"Orichalcum"},{"floor":48,"key":"Singing Bowl"}],"event_choices":[{"cards_removed":["Strike_R"],"damage_healed":0.0,"max_hp_gain":0.0,"max_hp_loss":0.0,"gold_gain":0.0,"event_name":"The Cleric","player_choice":"Card Removal","floor":2.0,"gold_loss":50.0,"damage_taken":0.0},{"damage_healed":0.0,"max_hp_gain":0.0,"max_hp_loss":0.0,"gold_gain":0.0,"cards_transformed":["Strike_R"],"event_name":"Living Wall","player_choice":"Change","floor":4.0,"gold_loss":0.0,"damage_taken":0.0,"cards_obtained":["Bludgeon"]},{"damage_healed":0.0,"max_hp_gain":0.0,"max_hp_loss":0.0,"gold_gain":0.0,"event_name":"Dead Adventurer","player_choice":"Searched \u00271\u0027 times","floor":14.0,"gold_loss":0.0,"damage_taken":0.0},{"damage_healed":0.0,"max_hp_gain":0.0,"max_hp_loss":29.0,"gold_gain":0.0,"event_name":"Vampires","player_choice":"Became a vampire","floor":21.0,"gold_loss":0.0,"damage_taken":0.0,"cards_obtained":["Bite","Bite","Bite","Bite","Bite"]},{"damage_healed":7.0,"max_hp_gain":0.0,"max_hp_loss":0.0,"gold_gain":0.0,"event_name":"Wheel of Change","player_choice":"Full Heal","floor":22.0,"gold_loss":0.0,"damage_taken":0.0},{"damage_healed":19,"gold_gain":0,"player_choice":"Writhe","damage_taken":0,"max_hp_gain":0,"max_hp_loss":0,"event_name":"Winding Halls","floor":46,"gold_loss":0,"cards_obtained":["Writhe"]}],"is_beta":false,"boss_relics":[{"not_picked":["Pandora\u0027s Box","Runic Cube"],"picked":"Orrery"},{"not_picked":["Astrolabe","Coffee Dripper"],"picked":"Snecko Eye"}],"items_purged_floors":[36],"is_endless":false,"potions_floor_spawned":[5,8,14,24,31,33,35,39,41,45],"killed_by":"Donu and Deca","ascension_level":13}