{"gold_per_floor":[112,127,127,137,157,157,157,186,261,296,296,116,133,144,144,215,215,228,228,228,64,79,79,111,111],"floor_reached":25,"playtime":1914,"items_purged":["Writhe"],"score":462,"play_id":"9f10e663-41f4-45c2-8ea7-fc8f895f16a6","local_time":"20190824204119","is_ascension_mode":true,"campfire_choices":[{"floor":6,"key":"REST"},{"floor":11,"key":"REST"},{"floor":15,"key":"DIG"},{"floor":23,"key":"REST"}],"neow_cost":"CURSE","seed_source_timestamp":350110000419600,"circlet_count":0,"master_deck":["AscendersBane","Strike_B","Strike_B","Strike_B","Strike_B","Defend_B","Defend_B","Defend_B","Defend_B","Zap","Dualcast","Conserve Battery","Coolheaded","Lockon","Chill","Coolheaded","Undo","Rainbow","Blind","Steam","Redo","Creative AI","Steam+1","Impatience","White Noise","Chill"],"relics":["Cracked Core","StoneCalendar","NlothsMask","Shovel","Art of War","Blue Candle","Sozu","Boot","Emotion Chip"],"potions_floor_usage":[10,16],"damage_taken":[{"damage":3,"enemies":"Cultist","floor":1,"turns":3},{"damage":3,"enemies":"Jaw Worm","floor":2,"turns":4},{"damage":0,"enemies":"2 Louse","floor":4,"turns":2},{"damage":17,"enemies":"Large Slime","floor":5,"turns":5},{"damage":36,"enemies":"Gremlin Nob","floor":8,"turns":4},{"damage":7,"enemies":"Lagavulin","floor":10,"turns":7},{"damage":0,"enemies":"Exordium Wildlife","floor":13,"turns":4},{"damage":4,"enemies":"Exordium Thugs","floor":14,"turns":4},{"damage":21,"enemies":"The Guardian","floor":16,"turns":9},{"damage":21,"enemies":"3 Byrds","floor":18,"turns":6},{"damage":3,"enemies":"Shell Parasite","floor":22,"turns":6},{"damage":48,"enemies":"Slavers","floor":24,"turns":7},{"damage":35,"enemies":"3 Cultists","floor":25,"turns":5}],"seed_played":"-3023084799341175700","potions_obtained":[{"floor":5,"key":"Poison Potion"},{"floor":8,"key":"PowerPotion"},{"floor":13,"key":"FairyPotion"}],"is_trial":false,"path_per_floor":["M","M","?","M","M","R","?","E","T","E","R","$","M","M","R","B",null,"M","?","?","$","M","R","E","M"],"character_chosen":"DEFECT","items_purchased":["Rainbow","Blind","Impatience"],"campfire_rested":3,"item_purchase_floors":[12,12,21],"current_hp_per_floor":[61,58,58,58,41,62,55,19,19,12,33,33,33,29,29,8,55,34,34,34,34,31,52,4,0],"gold":111,"neow_bonus":"ONE_RARE_RELIC","is_prod":false,"is_daily":false,"chose_seed":false,"campfire_upgraded":0,"win_rate":0,"timestamp":1566693679,"path_taken":["M","M","?","?","M","R","?","E","T","E","R","$","M","M","R","BOSS","M","?","?","?","?","R","E","M"],"build_version":"2019-07-17","purchased_purges":1,"victory":false,"max_hp_per_floor":[71,71,71,71,71,71,71,71,71,71,71,71,71,71,71,71,71,71,71,71,71,71,71,71,71],"card_choices":[{"not_picked":["Beam Cell","Steam"],"picked":"Conserve Battery","floor":1},{"not_picked":["Recycle","Hologram"],"picked":"Coolheaded","floor":2},{"not_picked":["Leap","Steam"],"picked":"Lockon","floor":4},{"not_picked":["Heatsinks","Hello World"],"picked":"Chill","floor":5},{"not_picked":["Recycle","Scrape"],"picked":"Coolheaded","floor":8},{"not_picked":["BootSequence","FTL"],"picked":"Undo","floor":10},{"not_picked":["Turbo","Conserve Battery"],"picked":"Steam","floor":13},{"not_picked":["Lockon","Turbo"],"picked":"Redo","floor":14},{"not_picked":["Core Surge","Seek"],"picked":"Creative AI","floor":16},{"not_picked":["Leap","Conserve Battery"],"picked":"Steam+1","floor":18},{"not_picked":["Steam","Hologram"],"picked":"White Noise","floor":22},{"not_picked":["Compile Driver","Streamline"],"picked":"Chill","floor":24}],"player_experience":437276,"relics_obtained":[{"floor":8,"key":"Shovel"},{"floor":10,"key":"Art of War"},{"floor":15,"key":"Blue Candle"},{"floor":24,"key":"Emotion Chip"}],"event_choices":[{"damage_healed":0,"gold_gain":0,"player_choice":"Trade","damage_taken":0,"relics_obtained":["NlothsMask"],"max_hp_gain":0,"max_hp_loss":0,"event_name":"FaceTrader","floor":3,"gold_loss":0},{"cards_removed":["Shame"],"damage_healed":0,"gold_gain":0,"player_choice":"Card Removal","damage_taken":7,"max_hp_gain":0,"max_hp_loss":0,"event_name":"Golden Wing","floor":7,"gold_loss":0},{"damage_healed":0,"gold_gain":0,"player_choice":"Opened","damage_taken":0,"relics_obtained":["Boot"],"max_hp_gain":0,"max_hp_loss":0,"event_name":"The Mausoleum","floor":19,"gold_loss":0,"cards_obtained":["Writhe"]},{"damage_healed":0,"gold_gain":0,"player_choice":"Ignored","damage_taken":0,"max_hp_gain":0,"max_hp_loss":0,"event_name":"Ghosts","floor":20,"gold_loss":0}],"is_beta":false,"boss_relics":[{"not_picked":["Fusion Hammer","Orrery"],"picked":"Sozu"}],"items_purged_floors":[21],"is_endless":false,"potions_floor_spawned":[5,8,13,18,24],"killed_by":"3 Cultists","ascension_level":20}