{"gold_per_floor":[119,131,145,23,37,37,63,63,63,37,53,73,73,73,73,176,176,193,37,50,70,70,70,104,104],"floor_reached":25,"playtime":936,"items_purged":[],"score":268,"play_id":"47215a01-ff31-4795-aa7b-6a6592c53517","local_time":"20181120135621","is_ascension_mode":true,"campfire_choices":[{"data":"Flex","floor":6,"key":"SMITH"},{"data":"Bash","floor":8,"key":"SMITH"},{"data":"Flex","floor":15,"key":"SMITH"},{"data":"Double Tap","floor":23,"key":"SMITH"}],"neow_cost":"NONE","seed_source_timestamp":221934787073748,"circlet_count":0,"master_deck":["Strike_R","Strike_R","Strike_R","Strike_R","Strike_R","Defend_R","Defend_R","Defend_R","Defend_R","Bash+1","Finesse","Twin Strike","Thunderclap","Twin Strike","Flex+1","Barricade","Carnage","Iron Wave","Flex+1","Parasite","Double Tap+1","Twin Strike+1","Thunderclap+1","J.A.X.","Shockwave+1"],"relics":["Burning Blood","Meat on the Bone","Singing Bowl","Cursed Key","Anchor","Toxic Egg 2"],"potions_floor_usage":[2,7,16,24,25,25],"damage_taken":[{"damage":1,"enemies":"Cultist","floor":1,"turns":4},{"damage":1,"enemies":"2 Louse","floor":2,"turns":3},{"damage":7,"enemies":"Small Slimes","floor":3,"turns":3},{"damage":6,"enemies":"3 Louse","floor":5,"turns":3},{"damage":28,"enemies":"3 Sentries","floor":7,"turns":4},{"damage":7,"enemies":"Red Slaver","floor":11,"turns":2},{"damage":3,"enemies":"Exordium Wildlife","floor":12,"turns":2},{"damage":67,"enemies":"Hexaghost","floor":16,"turns":8},{"damage":17,"enemies":"2 Thieves","floor":18,"turns":3},{"damage":11,"enemies":"Spheric Guardian","floor":20,"turns":3},{"damage":3,"enemies":"Chosen and Byrds","floor":21,"turns":4},{"damage":27,"enemies":"Slavers","floor":24,"turns":4},{"damage":18,"enemies":"Colosseum Slavers","floor":25,"turns":4},{"damage":76,"enemies":"Colosseum Nobs","floor":25,"turns":4}],"seed_played":"651733912624258634","potions_obtained":[{"floor":1,"key":"Fruit Juice"},{"floor":2,"key":"Strength Potion"},{"floor":5,"key":"Fire Potion"},{"floor":18,"key":"Weak Potion"},{"floor":21,"key":"Fire Potion"},{"floor":24,"key":"Energy Potion"}],"is_trial":false,"path_per_floor":["M","M","M","$","M","R","E","R","T","$","M","M","$","?","R","B",null,"M","$","M","M","?","R","E","?"],"character_chosen":"IRONCLAD","items_purchased":["Flex","Barricade","Flex","Anchor"],"campfire_rested":0,"item_purchase_floors":[4,4,10,19],"current_hp_per_floor":[80,85,84,84,84,84,62,62,62,62,63,68,68,89,89,40,89,78,78,75,78,78,78,57,0],"gold":104,"neow_bonus":"RANDOM_COLORLESS","is_prod":false,"is_daily":false,"chose_seed":false,"campfire_upgraded":4,"win_rate":0,"timestamp":1542718581,"path_taken":["M","?","M","$","M","R","E","R","T","$","M","?","?","?","R","BOSS","M","$","M","M","?","R","E","?"],"build_version":"2018-11-15","purchased_purges":0,"victory":false,"max_hp_per_floor":[80,85,85,85,85,85,85,85,85,85,87,89,89,89,89,89,89,89,89,91,91,91,91,91,91],"card_choices":[{"not_picked":["Heavy Blade","Headbutt"],"picked":"Twin Strike","floor":1},{"not_picked":["Heavy Blade","Sentinel"],"picked":"Thunderclap","floor":2},{"not_picked":["Flame Barrier","Iron Wave"],"picked":"Twin Strike","floor":3},{"not_picked":["Body Slam","Anger"],"picked":"Carnage","floor":5},{"not_picked":["Second Wind","Battle Trance"],"picked":"Iron Wave","floor":7},{"not_picked":["Pommel Strike","Perfected Strike","Feel No Pain"],"picked":"Singing Bowl","floor":11},{"not_picked":["Heavy Blade","Bludgeon","Second Wind"],"picked":"Singing Bowl","floor":12},{"not_picked":["Brutality","Barricade"],"picked":"Double Tap","floor":16},{"not_picked":["Battle Trance","Headbutt"],"picked":"Twin Strike+1","floor":18},{"not_picked":["Body Slam","Clothesline+1","Rupture"],"picked":"Singing Bowl","floor":20},{"not_picked":["Wild Strike","Heavy Blade"],"picked":"Thunderclap+1","floor":21},{"not_picked":["Entrench","Perfected Strike"],"picked":"Shockwave+1","floor":24}],"player_experience":291662,"relics_obtained":[{"floor":7,"key":"Meat on the Bone"},{"floor":9,"key":"Singing Bowl"},{"floor":24,"key":"Toxic Egg 2"}],"event_choices":[{"damage_healed":22,"gold_gain":0,"player_choice":"Healed and dodged fight","damage_taken":0,"max_hp_gain":0,"max_hp_loss":0,"event_name":"Mushrooms","floor":14,"gold_loss":0,"cards_obtained":["Parasite"]},{"damage_healed":0,"gold_gain":0,"player_choice":"Obtain J.A.X.","damage_taken":0,"max_hp_gain":0,"max_hp_loss":0,"event_name":"Drug Dealer","floor":22,"gold_loss":0,"cards_obtained":["J.A.X."]},{"damage_healed":0,"gold_gain":0,"player_choice":"Fight","damage_taken":0,"max_hp_gain":0,"max_hp_loss":0,"event_name":"Colosseum","floor":25,"gold_loss":0},{"damage_healed":0,"gold_gain":0,"player_choice":"Fought Nobs","damage_taken":0,"max_hp_gain":0,"max_hp_loss":0,"event_name":"Colosseum","floor":25,"gold_loss":0}],"is_beta":false,"boss_relics":[{"not_picked":["Ectoplasm","Astrolabe"],"picked":"Cursed Key"}],"items_purged_floors":[],"is_endless":false,"potions_floor_spawned":[1,2,5,18,21,24,25],"killed_by":"Colosseum Nobs","ascension_level":4}