{"gold_per_floor":[113,113,63,74,74,104,116,116,142,142,476,492,522,534,534,630,630,649,649,659,121,137,137,137,166,166,185,200,200,250,262,262,364,364,376,18,18,18,37,62,62,90,90,0,0],"floor_reached":45,"playtime":2972,"items_purged":["Strike_R","Strike_R"],"score":605,"play_id":"576d9571-f823-4edf-9ff7-2762028d1158","local_time":"20190101171829","is_ascension_mode":true,"campfire_choices":[{"data":"True Grit","floor":8,"key":"SMITH"},{"data":"Inflame","floor":10,"key":"SMITH"},{"floor":15,"key":"REST"},{"data":"Apotheosis","floor":23,"key":"SMITH"},{"data":"Heavy Blade","floor":29,"key":"SMITH"},{"floor":32,"key":"REST"},{"floor":41,"key":"REST"}],"neow_cost":"NONE","seed_source_timestamp":264197416536726,"circlet_count":0,"master_deck":["Strike_R","Defend_R+1","Defend_R","Defend_R+1","Defend_R","Bash","Inflame+1","True Grit+1","Battle Trance","Cleave","Headbutt","Reaper","Flex+1","Heavy Blade+1","Thunderclap","Power Through","Uppercut","Apotheosis+1","Pummel+1","Decay","Flex","Sever Soul+1","Shrug It Off+1","Double Tap","Entrench+1","Heavy Blade","Inflame+1","Madness","Madness","Corruption+1","Burning Pact+1","Intimidate+1"],"relics":["Burning Blood","NeowsBlessing","Juzu Bracelet","War Paint","Old Coin","Velvet Choker","Anchor","Potion Belt","Dead Branch","Fusion Hammer","DollysMirror","Pocketwatch","Blood Vial","Unceasing Top","Red Mask"],"potions_floor_usage":[16,33,33,33,42,42],"damage_taken":[{"damage":0,"enemies":"2 Louse","floor":1,"turns":1},{"damage":0,"enemies":"Small Slimes","floor":4,"turns":1},{"damage":0,"enemies":"Lagavulin","floor":6,"turns":1},{"damage":7,"enemies":"Jaw Worm","floor":7,"turns":4},{"damage":26,"enemies":"3 Sentries","floor":11,"turns":8},{"damage":4,"enemies":"Blue Slaver","floor":12,"turns":5},{"damage":12,"enemies":"3 Louse","floor":14,"turns":3},{"damage":64,"enemies":"The Guardian","floor":16,"turns":10},{"damage":9,"enemies":"Chosen","floor":18,"turns":5},{"damage":18,"enemies":"Shell Parasite","floor":20,"turns":4},{"damage":10,"enemies":"Snake Plant","floor":22,"turns":3},{"damage":16,"enemies":"Book of Stabbing","floor":25,"turns":4},{"damage":0,"enemies":"Centurion and Healer","floor":27,"turns":4},{"damage":20,"enemies":"Shelled Parasite and Fungi","floor":28,"turns":4},{"damage":7,"enemies":"Cultist and Chosen","floor":31,"turns":5},{"damage":33,"enemies":"Collector","floor":33,"turns":8},{"damage":11,"enemies":"3 Darklings","floor":35,"turns":6},{"damage":0,"enemies":"3 Shapes","floor":39,"turns":3},{"damage":29,"enemies":"Giant Head","floor":40,"turns":7},{"damage":71,"enemies":"Reptomancer","floor":42,"turns":5},{"damage":24,"enemies":"Transient","floor":45,"turns":3}],"seed_played":"1902785227584710912","potions_obtained":[{"floor":6,"key":"AttackPotion"},{"floor":7,"key":"SmokeBomb"},{"floor":12,"key":"EssenceOfSteel"},{"floor":14,"key":"Ancient Potion"},{"floor":18,"key":"Fire Potion"},{"floor":22,"key":"SkillPotion"},{"floor":28,"key":"Energy Potion"},{"floor":40,"key":"EssenceOfSteel"}],"is_trial":false,"path_per_floor":["M","?","?","M","?","E","M","R","T","R","E","M","?","M","R","B",null,"M","?","M","$","M","R","?","E","T","M","M","R","?","M","R","B",null,"M","$","?","?","M","E","R","E","T","?","M"],"character_chosen":"IRONCLAD","items_purchased":["Power Through","Uppercut","Apotheosis","Anchor","Heavy Blade","DollysMirror"],"campfire_rested":3,"item_purchase_floors":[21,21,21,21,36,36],"current_hp_per_floor":[80,80,80,80,80,80,79,79,79,79,59,61,61,55,79,21,80,80,80,79,79,75,75,75,65,65,80,66,66,66,68,80,65,80,80,80,70,70,76,53,77,12,12,12,0],"gold":0,"neow_bonus":"THREE_ENEMY_KILL","is_prod":false,"is_daily":false,"chose_seed":false,"campfire_upgraded":4,"win_rate":0,"timestamp":1546330709,"path_taken":["M","?","?","M","?","E","M","R","T","R","E","M","?","M","R","BOSS","M","?","M","$","M","R","?","E","T","M","M","R","?","M","R","BOSS","M","$","?","?","M","E","R","E","T","?","M"],"build_version":"2018-12-20","purchased_purges":2,"victory":false,"max_hp_per_floor":[80,80,80,80,80,80,80,80,80,80,80,80,80,80,80,80,80,80,80,80,80,80,80,80,80,80,80,80,80,80,80,80,80,80,80,80,80,80,80,80,80,80,80,80,80],"card_choices":[{"not_picked":["Shrug It Off","Flame Barrier"],"picked":"Inflame","floor":1},{"not_picked":["Feel No Pain","Havoc"],"picked":"True Grit","floor":4},{"not_picked":["Anger","Combust","Armaments"],"picked":"SKIP","floor":6},{"not_picked":["Second Wind","Flame Barrier"],"picked":"Battle Trance","floor":7},{"not_picked":["Combust","Impervious","Metallicize"],"picked":"SKIP","floor":11},{"not_picked":["Shrug It Off","Blood for Blood"],"picked":"Cleave","floor":12},{"not_picked":["Iron Wave","Sword Boomerang"],"picked":"Headbutt","floor":14},{"not_picked":["Fiend Fire","Exhume"],"picked":"Reaper","floor":16},{"not_picked":["Infernal Blade","Blood for Blood+1"],"picked":"Flex+1","floor":18},{"not_picked":["Armaments","Warcry"],"picked":"Thunderclap","floor":20},{"not_picked":["Armaments","Carnage"],"picked":"Pummel+1","floor":22},{"not_picked":["Havoc","Perfected Strike"],"picked":"Flex","floor":25},{"not_picked":["Flex","Rage+1"],"picked":"Sever Soul+1","floor":27},{"not_picked":["Combust","Twin Strike"],"picked":"Shrug It Off+1","floor":28},{"not_picked":["Headbutt","Shrug It Off","Warcry"],"picked":"SKIP","floor":31},{"not_picked":["Berserk","Brutality"],"picked":"Double Tap","floor":33},{"not_picked":["Clash+1","Anger+1"],"picked":"Entrench+1","floor":35},{"not_picked":["Feel No Pain","Cleave+1"],"picked":"Corruption+1","floor":39},{"not_picked":["Reckless Charge","Armaments+1"],"picked":"Burning Pact+1","floor":40},{"not_picked":["Cleave","Immolate"],"picked":"Intimidate+1","floor":42}],"player_experience":98257,"relics_obtained":[{"floor":6,"key":"Juzu Bracelet"},{"floor":9,"key":"War Paint"},{"floor":11,"key":"Old Coin"},{"floor":25,"key":"Potion Belt"},{"floor":26,"key":"Dead Branch"},{"floor":40,"key":"Pocketwatch"},{"floor":42,"key":"Blood Vial"},{"floor":43,"key":"Unceasing Top"}],"event_choices":[{"damage_healed":0,"gold_gain":0,"player_choice":"Ignored","damage_taken":0,"max_hp_gain":0,"max_hp_loss":0,"event_name":"Liars Game","floor":2,"gold_loss":0},{"cards_removed":["Strike_R"],"damage_healed":0,"gold_gain":0,"player_choice":"Card Removal","damage_taken":0,"max_hp_gain":0,"max_hp_loss":0,"event_name":"The Cleric","floor":3,"gold_loss":50},{"cards_removed":["Strike_R"],"damage_healed":0,"gold_gain":0,"player_choice":"Forget","damage_taken":0,"max_hp_gain":0,"max_hp_loss":0,"event_name":"Living Wall","floor":5,"gold_loss":0},{"damage_healed":0,"gold_gain":30,"player_choice":"Searched \u00271\u0027 times","damage_taken":0,"max_hp_gain":0,"max_hp_loss":0,"event_name":"Dead Adventurer","floor":13,"gold_loss":0},{"damage_healed":0,"gold_gain":0,"player_choice":"Read","damage_taken":0,"max_hp_gain":0,"max_hp_loss":0,"event_name":"The Library","floor":19,"gold_loss":0,"cards_obtained":["Heavy Blade"]},{"damage_healed":0,"gold_gain":0,"player_choice":"Smashed Altar","damage_taken":0,"max_hp_gain":0,"max_hp_loss":0,"event_name":"Forgotten Altar","floor":24,"gold_loss":0,"cards_obtained":["Decay"]},{"damage_healed":0,"gold_gain":100,"player_choice":"Bet on Murderer","damage_taken":0,"max_hp_gain":0,"max_hp_loss":0,"event_name":"The Joust","floor":30,"gold_loss":50},{"damage_healed":0,"gold_gain":0,"player_choice":"Embrace Madness","damage_taken":10,"max_hp_gain":0,"max_hp_loss":0,"event_name":"Winding Halls","floor":37,"gold_loss":0,"cards_obtained":["Madness","Madness"]},{"damage_healed":0,"gold_gain":0,"player_choice":"Ignored","damage_taken":0,"max_hp_gain":0,"max_hp_loss":0,"event_name":"SecretPortal","floor":38,"gold_loss":0},{"damage_healed":0,"gold_gain":0,"player_choice":"Paid","damage_taken":0,"relics_obtained":["Red Mask"],"max_hp_gain":0,"max_hp_loss":0,"event_name":"Tomb of Lord Red Mask","floor":44,"gold_loss":90}],"is_beta":false,"boss_relics":[{"not_picked":["Orrery","Eternal Feather"],"picked":"Velvet Choker"},{"not_picked":["Sozu","Mark of Pain"],"picked":"Fusion Hammer"}],"items_purged_floors":[21,36],"is_endless":false,"potions_floor_spawned":[6,7,12,14,18,22,28,40],"killed_by":"Transient","ascension_level":3}