{"gold_per_floor":[109,184,184,194,210,210,227,242,287,303,303,8,20,68,68,171,171,189,189,216,232,243,243],"floor_reached":23,"playtime":487,"items_purged":["Strike_B"],"score":210,"play_id":"4bf2a01e-0bc6-4884-827e-718e543abf19","local_time":"20190902045535","is_ascension_mode":false,"campfire_choices":[{"data":"Dualcast","floor":6.0,"key":"SMITH"},{"data":"Zap","floor":11.0,"key":"SMITH"},{"data":"Loop","floor":15,"key":"SMITH"}],"neow_cost":"TEN_PERCENT_HP_LOSS","seed_source_timestamp":5255916771824,"circlet_count":0,"master_deck":["Strike_B","Strike_B","Defend_B","Defend_B","Defend_B","Defend_B","Zap+1","Dualcast+1","Ball Lightning","Loop+1","Ball Lightning","Leap","Auto Shields","Ball Lightning","Zap+1","Leap","Thunder Strike","Ball Lightning"],"special_seed":0,"relics":["Cracked Core","Nunchaku","Centennial Puzzle","DollysMirror","Regal Pillow","Sozu","Enchiridion","Pen Nib"],"potions_floor_usage":[16],"damage_taken":[{"damage":0.0,"enemies":"2 Louse","floor":1.0,"turns":3.0},{"damage":0.0,"enemies":"Cultist","floor":4.0,"turns":3.0},{"damage":1.0,"enemies":"Jaw Worm","floor":5.0,"turns":3.0},{"damage":22.0,"enemies":"Exordium Thugs","floor":7.0,"turns":5.0},{"damage":3.0,"enemies":"Gremlin Gang","floor":8.0,"turns":4.0},{"damage":0.0,"enemies":"3 Louse","floor":10.0,"turns":4.0},{"damage":1,"enemies":"Exordium Thugs","floor":13,"turns":2},{"damage":3,"enemies":"The Guardian","floor":16,"turns":9},{"damage":1,"enemies":"Shell Parasite","floor":18,"turns":4},{"damage":15,"enemies":"2 Thieves","floor":21,"turns":2},{"damage":20,"enemies":"Sentry and Sphere","floor":22,"turns":4},{"damage":17,"enemies":"Book of Stabbing","floor":23,"turns":3}],"seed_played":"4573775847378044199","potions_obtained":[{"floor":4.0,"key":"Swift Potion"},{"floor":8.0,"key":"AttackPotion"},{"floor":13,"key":"Dexterity Potion"}],"is_trial":false,"path_per_floor":["M","?","?","M","M","R","M","M","T","M","R","$","M","T","R","B",null,"M","?","T","M","M","E"],"character_chosen":"DEFECT","items_purchased":["Ball Lightning","DollysMirror"],"campfire_rested":0,"item_purchase_floors":[12,12],"current_hp_per_floor":[68,57,57,57,56,56,34,31,31,31,31,31,30,30,30,27,68,67,51,51,36,16,0],"gold":243,"neow_bonus":"ONE_RARE_RELIC","is_prod":false,"is_daily":false,"chose_seed":false,"campfire_upgraded":3,"win_rate":0,"timestamp":1567421735,"path_taken":["M","?","?","M","?","R","M","M","T","?","R","$","M","?","R","BOSS","M","?","?","M","?","E"],"build_version":"2019-07-17","purchased_purges":1,"victory":false,"max_hp_per_floor":[68,68,68,68,68,68,68,68,68,68,68,68,68,68,68,68,68,68,68,68,68,68,68],"card_choices":[{"not_picked":["Rebound","Turbo"],"picked":"Ball Lightning","floor":1.0},{"not_picked":["Barrage","Gash"],"picked":"Loop","floor":4.0},{"not_picked":["Undo","Conserve Battery"],"picked":"Ball Lightning","floor":5.0},{"not_picked":["White Noise","Go for the Eyes"],"picked":"Leap","floor":7.0},{"not_picked":["Redo","Force Field","Chill"],"picked":"SKIP","floor":8.0},{"not_picked":["Reprogram","Melter"],"picked":"Auto Shields","floor":10.0},{"not_picked":["Compile Driver","All For One"],"picked":"Leap","floor":13},{"not_picked":["Reboot","Multi-Cast"],"picked":"Thunder Strike","floor":16},{"not_picked":["Static Discharge+1","Redo","Force Field"],"picked":"SKIP","floor":18},{"not_picked":["Sweeping Beam","Compile Driver"],"picked":"Ball Lightning","floor":21},{"not_picked":["Coolheaded","Barrage","Cold Snap+1"],"picked":"SKIP","floor":22}],"player_experience":1710826,"relics_obtained":[{"floor":9.0,"key":"Centennial Puzzle"},{"floor":14,"key":"Regal Pillow"},{"floor":19,"key":"Enchiridion"},{"floor":20,"key":"Pen Nib"}],"event_choices":[{"damage_healed":0.0,"max_hp_gain":0.0,"max_hp_loss":0.0,"gold_gain":75.0,"event_name":"World of Goop","player_choice":"Gather Gold","floor":2.0,"gold_loss":0.0,"damage_taken":11.0},{"cards_removed":["Strike_B"],"damage_healed":0.0,"max_hp_gain":0.0,"max_hp_loss":0.0,"gold_gain":0.0,"event_name":"Bonfire Elementals","player_choice":"Offered Basic","floor":3.0,"gold_loss":0.0,"damage_taken":0.0},{"damage_healed":0,"gold_gain":0,"player_choice":"Obtained Book","damage_taken":16,"max_hp_gain":0,"max_hp_loss":0,"event_name":"Cursed Tome","floor":19,"gold_loss":0}],"is_beta":false,"boss_relics":[{"not_picked":["Cursed Key","Busted Crown"],"picked":"Sozu"}],"items_purged_floors":[12],"is_endless":false,"potions_floor_spawned":[4,8,13,21],"killed_by":"Book of Stabbing","ascension_level":0}