{"gold_per_floor":[115,290,365,379,394,394,408,433,433,446,465,145,155,155,155,250,250,264,278,278,278,193,193,58,58,58,58],"floor_reached":27,"playtime":2351,"items_purged":["Doubt"],"score":213,"play_id":"cf5fda5c-a8c6-40b4-82a2-123f7fb78942","local_time":"20190922161253","is_ascension_mode":false,"campfire_choices":[{"floor":6.0,"key":"REST"},{"floor":15.0,"key":"REST"},{"floor":23,"key":"REST"}],"neow_cost":"","seed_source_timestamp":0,"circlet_count":0,"master_deck":["Strike_R","Strike_R","Strike_R","Strike_R","Strike_R","Defend_R","Defend_R","Defend_R","Defend_R","Bash","Pommel Strike","Anger","True Grit","Hemokinesis","Berserk","Iron Wave","Metallicize","Twin Strike","Warcry","Juggernaut","Headbutt+1","Carnage","Double Tap","RitualDagger+1"],"special_seed":0,"relics":["Burning Blood","PreservedInsect","Happy Flower","TheAbacus","Mercury Hourglass","Runic Pyramid","MutagenicStrength","Molten Egg 2","Mummified Hand","Ornamental Fan"],"potions_floor_usage":[],"damage_taken":[{"damage":7.0,"enemies":"Small Slimes","floor":1.0,"turns":3.0},{"damage":5.0,"enemies":"2 Louse","floor":4.0,"turns":3.0},{"damage":13.0,"enemies":"Jaw Worm","floor":5.0,"turns":3.0},{"damage":5.0,"enemies":"3 Louse","floor":7.0,"turns":5.0},{"damage":49.0,"enemies":"3 Sentries","floor":8.0,"turns":9.0},{"damage":10.0,"enemies":"Looter","floor":10.0,"turns":3.0},{"damage":24.0,"enemies":"Blue Slaver","floor":11.0,"turns":3.0},{"damage":8.0,"enemies":"2 Fungi Beasts","floor":13.0,"turns":3.0},{"damage":33.0,"enemies":"The Guardian","floor":16.0,"turns":11.0},{"damage":30,"enemies":"2 Thieves","floor":18,"turns":5},{"damage":37,"enemies":"Shell Parasite","floor":19,"turns":6},{"damage":46,"enemies":"Book of Stabbing","floor":27,"turns":3}],"seed_played":"4656857622692780033","potions_obtained":[{"floor":1.0,"key":"Dexterity Potion"},{"floor":4.0,"key":"SpeedPotion"},{"floor":18,"key":"EssenceOfSteel"}],"is_trial":false,"path_per_floor":["M","?","?","M","M","R","M","E","T","M","M","$","M","T","R","B",null,"M","M","?","?","?","R","$","?","T","E"],"character_chosen":"IRONCLAD","items_purchased":["Twin Strike","TheAbacus","Double Tap"],"campfire_rested":3,"item_purchase_floors":[12,12,24],"current_hp_per_floor":[79,79,68,69,62,80,80,37,37,33,15,15,13,13,37,10,80,56,25,25,25,25,49,49,43,43,0],"gold":58,"neow_bonus":"","is_prod":false,"is_daily":false,"chose_seed":false,"campfire_upgraded":0,"win_rate":0.0,"timestamp":1569161573,"path_taken":["M","?","?","M","M","R","M","E","T","M","M","$","M","?","R","BOSS","M","M","?","?","?","R","?","?","T","E"],"build_version":"2019-07-05","purchased_purges":1,"victory":false,"max_hp_per_floor":[80,80,80,80,80,80,80,80,80,80,80,80,80,80,80,80,80,80,80,80,80,80,80,80,80,80,80],"card_choices":[{"not_picked":["Whirlwind","Twin Strike"],"picked":"Pommel Strike","floor":1.0},{"not_picked":["Clash","Twin Strike"],"picked":"Anger","floor":4.0},{"not_picked":["Whirlwind","Perfected Strike"],"picked":"True Grit","floor":5.0},{"not_picked":["Pummel","Shrug It Off"],"picked":"Hemokinesis","floor":7.0},{"not_picked":["Seeing Red","Bloodletting"],"picked":"Berserk","floor":8.0},{"not_picked":["Combust","Power Through"],"picked":"Iron Wave","floor":10.0},{"not_picked":["Flame Barrier","Warcry"],"picked":"Metallicize","floor":11.0},{"not_picked":["Thunderclap","Combust"],"picked":"Warcry","floor":13.0},{"not_picked":["Double Tap","Berserk"],"picked":"Juggernaut","floor":16.0},{"not_picked":["Metallicize","Intimidate"],"picked":"Headbutt+1","floor":18},{"not_picked":["Clothesline+1","Battle Trance+1"],"picked":"Carnage","floor":19}],"player_experience":0,"relics_obtained":[{"floor":8.0,"key":"PreservedInsect"},{"floor":9.0,"key":"Happy Flower"},{"floor":14.0,"key":"Mercury Hourglass"},{"floor":26,"key":"Ornamental Fan"}],"event_choices":[{"damage_healed":0.0,"max_hp_gain":0.0,"max_hp_loss":0.0,"gold_gain":175.0,"event_name":"Liars Game","player_choice":"AGREE","floor":2.0,"gold_loss":0.0,"damage_taken":0.0,"cards_obtained":["Doubt"]},{"damage_healed":0.0,"max_hp_gain":0.0,"max_hp_loss":0.0,"gold_gain":75.0,"event_name":"World of Goop","player_choice":"Gather Gold","floor":3.0,"gold_loss":0.0,"damage_taken":11.0},{"damage_healed":0,"gold_gain":0,"player_choice":"Inject Mutagens","damage_taken":0,"relics_obtained":["MutagenicStrength"],"max_hp_gain":0,"max_hp_loss":0,"event_name":"Drug Dealer","floor":20,"gold_loss":0},{"damage_healed":0,"gold_gain":0,"player_choice":"Opened","damage_taken":0,"relics_obtained":["Molten Egg 2"],"max_hp_gain":0,"max_hp_loss":0,"event_name":"The Mausoleum","floor":21,"gold_loss":0},{"damage_healed":0,"gold_gain":0,"player_choice":"Obtained Relic","damage_taken":0,"relics_obtained":["Mummified Hand"],"max_hp_gain":0,"max_hp_loss":0,"event_name":"Addict","floor":22,"gold_loss":85},{"damage_healed":0,"gold_gain":0,"player_choice":"Joined the Cult","damage_taken":6,"max_hp_gain":0,"max_hp_loss":0,"event_name":"Nest","floor":25,"gold_loss":0,"cards_obtained":["RitualDagger"]}],"is_beta":false,"boss_relics":[{"not_picked":["Philosopher\u0027s Stone","Empty Cage"],"picked":"Runic Pyramid"}],"items_purged_floors":[12],"is_endless":false,"potions_floor_spawned":[1,4,18],"killed_by":"Book of Stabbing","ascension_level":0}