{"gold_per_floor":[118,118,418,418,431,431,356,356,356,371,71,86,86,117,117,216,216,201,76,76,76,76,76,76,76,76,76,76,76,76,76,76,76,76,76,76,0,0,0,0,0,0],"floor_reached":42,"playtime":731,"items_purged":["Strike_R","Defend_R","Strike_R"],"score":490,"play_id":"673275ee-5d3f-4eb2-aa00-edeb2c47f9db","local_time":"20190828014916","is_ascension_mode":false,"campfire_choices":[{"data":"Flex","floor":6.0,"key":"SMITH"},{"data":"Heavy Blade","floor":15.0,"key":"SMITH"},{"data":"Flex","floor":23.0,"key":"SMITH"},{"floor":25.0,"key":"REST"},{"data":"Bash","floor":28.0,"key":"SMITH"},{"floor":30.0,"key":"REST"},{"floor":32.0,"key":"REST"},{"floor":41,"key":"REST"}],"neow_cost":"NONE","seed_source_timestamp":16815737893680,"circlet_count":0,"master_deck":["Strike_R","Strike_R","Strike_R","Defend_R","Defend_R","Bash+1","Clumsy","Flex+1","Decay","Heavy Blade+1","Pummel","Flex+1","Normality","Twin Strike","Shrug It Off+1","Pain","Limit Break","Flex","Shrug It Off+1"],"special_seed":0,"relics":["Cursed Key","Old Coin","Blue Candle","Art of War","ClockworkSouvenir","Singing Bowl","Ectoplasm","PreservedInsect","Letter Opener","Dodecahedron","Sozu","Red Mask","Gambling Chip","Matryoshka"],"potions_floor_usage":[35],"damage_taken":[{"damage":2.0,"enemies":"Small Slimes","floor":1.0,"turns":4.0},{"damage":6.0,"enemies":"Jaw Worm","floor":5.0,"turns":2.0},{"damage":6.0,"enemies":"2 Louse","floor":10.0,"turns":3.0},{"damage":9.0,"enemies":"Exordium Wildlife","floor":12.0,"turns":3.0},{"damage":14.0,"enemies":"3 Sentries","floor":14.0,"turns":4.0},{"damage":28.0,"enemies":"The Guardian","floor":16.0,"turns":5.0},{"damage":5.0,"enemies":"2 Thieves","floor":18.0,"turns":2.0},{"damage":59.0,"enemies":"Gremlin Leader","floor":24.0,"turns":5.0},{"damage":2.0,"enemies":"3 Byrds","floor":27.0,"turns":4.0},{"damage":19.0,"enemies":"Centurion and Healer","floor":29.0,"turns":5.0},{"damage":77,"enemies":"Collector","floor":33,"turns":8},{"damage":18,"enemies":"3 Shapes","floor":35,"turns":3},{"damage":20,"enemies":"Orb Walker","floor":36,"turns":3},{"damage":21,"enemies":"Mind Bloom Boss Battle","floor":38,"turns":5},{"damage":0,"enemies":"Jaw Worm Horde","floor":39,"turns":2},{"damage":33,"enemies":"Reptomancer","floor":40,"turns":4},{"damage":45,"enemies":"Nemesis","floor":42,"turns":3}],"seed_played":"-4360052600470221823","potions_obtained":[{"floor":1.0,"key":"Regen Potion"},{"floor":12.0,"key":"SteroidPotion"},{"floor":14.0,"key":"SkillPotion"},{"floor":16.0,"key":"Dexterity Potion"},{"floor":27.0,"key":"Weak Potion"},{"floor":29.0,"key":"Swift Potion"}],"is_trial":false,"path_per_floor":["M","?","T","?","M","R","$","?","T","M","$","M","$","E","R","B",null,"M","$","?","?","$","R","E","R","T","M","R","M","R","T","R","B",null,"M","M","?","?","M","E","R","E"],"character_chosen":"IRONCLAD","items_purchased":["ClockworkSouvenir"],"campfire_rested":4,"item_purchase_floors":[11],"current_hp_per_floor":[78,71,71,76,70,70,70,63,63,57,57,48,48,36,36,10,89,84,84,67,67,67,67,24,52,52,50,50,31,59,59,87,10,96,78,60,60,39,41,10,40,0],"gold":0,"neow_bonus":"BOSS_RELIC","is_prod":false,"is_daily":false,"chose_seed":false,"campfire_upgraded":4,"win_rate":0,"timestamp":1566978556,"path_taken":["M","?","?","?","?","R","$","?","T","M","$","M","?","E","R","BOSS","M","$","?","?","$","R","E","R","T","M","R","M","R","?","R","BOSS","M","M","?","?","M","E","R","E"],"build_version":"2019-07-17","purchased_purges":3,"victory":false,"max_hp_per_floor":[80,80,80,85,85,85,85,85,85,85,85,85,85,87,87,89,89,89,89,94,94,94,94,96,96,96,96,96,96,96,96,96,96,96,96,98,98,98,100,102,102,102],"card_choices":[{"not_picked":["Dropkick","Anger","Blood for Blood"],"picked":"SKIP","floor":1.0},{"not_picked":["True Grit","Hemokinesis"],"picked":"Flex","floor":5.0},{"not_picked":["Iron Wave","Twin Strike"],"picked":"Heavy Blade","floor":10.0},{"not_picked":["Carnage","Anger"],"picked":"Pummel","floor":12.0},{"not_picked":["Dropkick","Metallicize","True Grit"],"picked":"Singing Bowl","floor":14.0},{"not_picked":["Fiend Fire","Bludgeon","Exhume"],"picked":"Singing Bowl","floor":16.0},{"not_picked":["Shrug It Off","Headbutt+1"],"picked":"Flex","floor":18.0},{"not_picked":["Berserk","Fire Breathing","Body Slam"],"picked":"Singing Bowl","floor":24.0},{"not_picked":["Disarm","Armaments"],"picked":"Twin Strike","floor":27.0},{"not_picked":["Rage","Cleave"],"picked":"Shrug It Off+1","floor":29.0},{"not_picked":["Brutality","Offering"],"picked":"Limit Break","floor":33},{"not_picked":["Clothesline+1","Combust"],"picked":"Flex","floor":35},{"not_picked":["Havoc","Spot Weakness","Thunderclap+1"],"picked":"Singing Bowl","floor":36},{"not_picked":["Iron Wave+1","Rupture+1"],"picked":"Shrug It Off+1","floor":38},{"not_picked":["Spot Weakness+1","Armaments+1","Iron Wave"],"picked":"Singing Bowl","floor":39},{"not_picked":["Disarm+1","Armaments+1","Anger+1"],"picked":"Singing Bowl","floor":40}],"player_experience":1693184,"relics_obtained":[{"floor":3.0,"key":"Old Coin"},{"floor":9.0,"key":"Art of War"},{"floor":14.0,"key":"Singing Bowl"},{"floor":24.0,"key":"PreservedInsect"},{"floor":26.0,"key":"Letter Opener"},{"floor":31.0,"key":"Dodecahedron"},{"floor":38,"key":"Gambling Chip"},{"floor":40,"key":"Matryoshka"}],"event_choices":[{"cards_removed":["Defend_R"],"damage_healed":0.0,"max_hp_gain":0.0,"max_hp_loss":0.0,"gold_gain":0.0,"event_name":"Golden Wing","player_choice":"Card Removal","floor":2.0,"gold_loss":0.0,"damage_taken":7.0},{"damage_healed":0.0,"max_hp_gain":5.0,"max_hp_loss":0.0,"gold_gain":0.0,"event_name":"Big Fish","player_choice":"Donut","floor":4.0,"gold_loss":0.0,"damage_taken":0.0},{"damage_healed":0.0,"max_hp_gain":0.0,"max_hp_loss":0.0,"gold_gain":0.0,"event_name":"Scrap Ooze","player_choice":"Success","floor":8.0,"gold_loss":0.0,"damage_taken":7.0,"relics_obtained":["Blue Candle"]},{"damage_healed":0.0,"max_hp_gain":5.0,"max_hp_loss":0.0,"gold_gain":0.0,"event_name":"Forgotten Altar","player_choice":"Shed Blood","floor":20.0,"gold_loss":0.0,"damage_taken":22.0},{"damage_healed":0.0,"max_hp_gain":0.0,"max_hp_loss":0.0,"gold_gain":0.0,"event_name":"Vampires","player_choice":"Ignored","floor":21.0,"gold_loss":0.0,"damage_taken":0.0},{"damage_healed":0,"gold_gain":0,"player_choice":"Paid","damage_taken":0,"relics_obtained":["Red Mask"],"max_hp_gain":0,"max_hp_loss":0,"event_name":"Tomb of Lord Red Mask","floor":37,"gold_loss":76},{"damage_healed":0,"gold_gain":0,"player_choice":"Fight","damage_taken":0,"max_hp_gain":0,"max_hp_loss":0,"event_name":"MindBloom","floor":38,"gold_loss":0}],"is_beta":false,"boss_relics":[{"not_picked":["Runic Pyramid","Lizard Tail"],"picked":"Ectoplasm"},{"not_picked":["Snecko Eye","Runic Dome"],"picked":"Sozu"}],"items_purged_floors":[7,11,19],"is_endless":false,"potions_floor_spawned":[1,12,14,16,27,29,36,40],"killed_by":"Nemesis","ascension_level":0}