{"gold_per_floor":[109,119,139,150,165,197,197,223,291,303,303,314,314],"floor_reached":13,"playtime":1231,"items_purged":[],"score":104,"play_id":"b9bb196a-7745-443d-afec-5f2f6ea79ef7","local_time":"20190816133022","is_ascension_mode":true,"campfire_choices":[{"data":"Noxious Fumes","floor":7,"key":"SMITH"},{"data":"Glass Knife","floor":11,"key":"SMITH"}],"neow_cost":"NONE","seed_source_timestamp":594361323914064,"circlet_count":0,"master_deck":["Strike_G","Strike_G","Strike_G","Strike_G","Defend_G","Defend_G","Defend_G","Defend_G","Defend_G","Survivor","Neutralize","Noxious Fumes+1","Catalyst","Tools of the Trade","Glass Knife+1","Well Laid Plans","Poisoned Stab","Blur"],"relics":["Ring of the Snake","Boot","Mercury Hourglass","Letter Opener"],"potions_floor_usage":[6,6,8],"damage_taken":[{"damage":6,"enemies":"Cultist","floor":1,"turns":5},{"damage":0,"enemies":"Small Slimes","floor":2,"turns":5},{"damage":0,"enemies":"2 Louse","floor":3,"turns":4},{"damage":10,"enemies":"Looter","floor":4,"turns":4},{"damage":0,"enemies":"Blue Slaver","floor":5,"turns":5},{"damage":26,"enemies":"Gremlin Nob","floor":6,"turns":5},{"damage":20,"enemies":"3 Sentries","floor":8,"turns":6},{"damage":1,"enemies":"Red Slaver","floor":10,"turns":3},{"damage":5,"enemies":"Lots of Slimes","floor":12,"turns":2},{"damage":4,"enemies":"Gremlin Gang","floor":13,"turns":1}],"seed_played":"-2000139298569555215","potions_obtained":[{"floor":2,"key":"Swift Potion"},{"floor":3,"key":"Swift Potion"},{"floor":4,"key":"EssenceOfSteel"},{"floor":5,"key":"GamblersBrew"}],"is_trial":false,"path_per_floor":["M","M","M","M","M","E","R","E","T","M","R","M","M"],"character_chosen":"THE_SILENT","items_purchased":[],"campfire_rested":0,"item_purchase_floors":[],"current_hp_per_floor":[64,64,64,54,54,28,28,8,8,7,7,2,0],"gold":314,"neow_bonus":"REMOVE_CARD","is_prod":false,"is_daily":false,"chose_seed":false,"campfire_upgraded":2,"win_rate":0,"timestamp":1565951422,"path_taken":["M","M","M","?","M","E","R","E","T","M","R","M","M"],"build_version":"2019-07-17","purchased_purges":0,"victory":false,"max_hp_per_floor":[70,70,70,70,70,70,70,70,70,70,70,70,70],"card_choices":[{"not_picked":["Acrobatics","Calculated Gamble"],"picked":"Noxious Fumes","floor":1},{"not_picked":["Deadly Poison","Acrobatics"],"picked":"Catalyst","floor":2},{"not_picked":["Blade Dance","Slice"],"picked":"Tools of the Trade","floor":3},{"not_picked":["Bane","Underhanded Strike","Acrobatics"],"picked":"SKIP","floor":4},{"not_picked":["Dagger Spray","Bane","Blade Dance"],"picked":"SKIP","floor":5},{"not_picked":["Masterful Stab","PiercingWail"],"picked":"Glass Knife","floor":6},{"not_picked":["Prepared","Underhanded Strike"],"picked":"Well Laid Plans","floor":8},{"not_picked":["Dodge and Roll","Flying Knee"],"picked":"Poisoned Stab","floor":10},{"not_picked":["Dodge and Roll","Bane"],"picked":"Blur","floor":12}],"player_experience":226060,"relics_obtained":[{"floor":6,"key":"Boot"},{"floor":8,"key":"Mercury Hourglass"},{"floor":9,"key":"Letter Opener"}],"event_choices":[],"is_beta":false,"boss_relics":[],"items_purged_floors":[],"is_endless":false,"potions_floor_spawned":[2,3,4,5],"killed_by":"Gremlin Gang","ascension_level":1}