{"gold_per_floor":[118,132,5,5,5,5,5,5,5,5,20,31,43,55,55,159,159,178,78,18,18,31,31,45,45,69,82,115,115,115,131,131,227,227,238,287,287,302,316,316],"floor_reached":40,"playtime":624,"items_purged":["Strike_R","Defend_R"],"score":398,"play_id":"8820d402-e024-4882-835b-2a50229dc130","local_time":"20190916232711","is_ascension_mode":false,"campfire_choices":[{"data":"Flex","floor":6.0,"key":"SMITH"},{"data":"Bash","floor":8.0,"key":"SMITH"},{"data":"Defend_R","floor":10.0,"key":"SMITH"},{"data":"Headbutt","floor":15.0,"key":"SMITH"},{"data":"Whirlwind","floor":23,"key":"SMITH"},{"data":"Berserk","floor":25,"key":"SMITH"},{"data":"Whirlwind","floor":30,"key":"SMITH"},{"data":"Flex","floor":32,"key":"SMITH"}],"neow_cost":"NONE","seed_source_timestamp":2244494657675,"circlet_count":0,"master_deck":["Strike_R+1","Defend_R+1","Bash+1","Whirlwind+1","Flex+1","Thunderclap+1","Headbutt+1","Berserk+1","Whirlwind+1","Disarm","Whirlwind+1","Flex+1","Berserk","Flex+1"],"special_seed":0,"relics":["Burning Blood","NeowsBlessing","Whetstone","Velvet Choker","Bag of Preparation","Blood Vial","Empty Cage","Calipers"],"potions_floor_usage":[33,35,35],"damage_taken":[{"damage":0.0,"enemies":"Small Slimes","floor":1.0,"turns":1.0},{"damage":0.0,"enemies":"Jaw Worm","floor":2.0,"turns":1.0},{"damage":0.0,"enemies":"Cultist","floor":11.0,"turns":1.0},{"damage":6.0,"enemies":"Exordium Wildlife","floor":12.0,"turns":2.0},{"damage":8.0,"enemies":"Red Slaver","floor":13.0,"turns":2.0},{"damage":2.0,"enemies":"Looter","floor":14.0,"turns":2.0},{"damage":52.0,"enemies":"The Guardian","floor":16.0,"turns":7.0},{"damage":0.0,"enemies":"3 Byrds","floor":18.0,"turns":3.0},{"damage":10,"enemies":"Chosen","floor":22,"turns":3},{"damage":10,"enemies":"Sentry and Sphere","floor":24,"turns":3},{"damage":8,"enemies":"Snecko","floor":27,"turns":3},{"damage":18,"enemies":"Gremlin Leader","floor":28,"turns":3},{"damage":15,"enemies":"Centurion and Healer","floor":31,"turns":2},{"damage":32,"enemies":"Automaton","floor":33,"turns":5},{"damage":16,"enemies":"3 Darklings","floor":35,"turns":3},{"damage":22,"enemies":"2 Orb Walkers","floor":36,"turns":2},{"damage":14,"enemies":"Orb Walker","floor":38,"turns":2},{"damage":0,"enemies":"Transient","floor":39,"turns":5},{"damage":63,"enemies":"Giant Head","floor":40,"turns":5}],"seed_played":"4467655528851697984","potions_obtained":[{"floor":2.0,"key":"Swift Potion"},{"floor":11.0,"key":"SkillPotion"},{"floor":12.0,"key":"Energy Potion"},{"floor":13.0,"key":"SpeedPotion"},{"floor":22,"key":"PowerPotion"},{"floor":27,"key":"Fire Potion"},{"floor":31,"key":"Weak Potion"},{"floor":38,"key":"DuplicationPotion"}],"is_trial":false,"path_per_floor":["M","M","$","?","?","R","$","R","T","R","M","M","M","M","R","B",null,"M","$","?","$","M","R","M","R","T","M","E","?","R","M","R","B",null,"M","?","?","M","M","E"],"character_chosen":"IRONCLAD","items_purchased":["Thunderclap"],"campfire_rested":0,"item_purchase_floors":[3],"current_hp_per_floor":[80,80,80,80,73,73,73,73,73,73,79,79,77,80,80,34,80,80,80,80,80,76,76,72,72,72,70,58,58,58,51,51,27,80,70,56,56,50,58,0],"gold":316,"neow_bonus":"THREE_ENEMY_KILL","is_prod":false,"is_daily":false,"chose_seed":false,"campfire_upgraded":8,"win_rate":0,"timestamp":1568698031,"path_taken":["M","M","$","?","?","R","?","R","T","R","M","M","M","M","R","BOSS","M","$","?","$","?","R","M","R","T","M","E","?","R","M","R","BOSS","M","?","?","M","M","E"],"build_version":"2019-09-16","purchased_purges":2,"victory":false,"max_hp_per_floor":[80,80,80,80,80,80,80,80,80,80,80,80,80,80,80,80,80,80,80,80,80,80,80,80,80,80,80,80,80,80,80,80,80,80,80,80,80,80,80,80],"card_choices":[{"not_picked":["Body Slam","Iron Wave"],"picked":"Whirlwind","floor":1.0},{"not_picked":["Pommel Strike","Havoc"],"picked":"Flex","floor":2.0},{"not_picked":["Searing Blow","Rage","Headbutt"],"picked":"SKIP","floor":11.0},{"not_picked":["Searing Blow","Rage"],"picked":"Headbutt","floor":11.0},{"not_picked":["Rupture","Hemokinesis","Combust"],"picked":"SKIP","floor":12.0},{"not_picked":["Flame Barrier","Corruption","Juggernaut"],"picked":"SKIP","floor":13.0},{"not_picked":["Shrug It Off","Rage","Havoc"],"picked":"SKIP","floor":14.0},{"not_picked":["Bludgeon","Reaper"],"picked":"Berserk","floor":16.0},{"not_picked":["Fire Breathing","Hemokinesis","Warcry"],"picked":"SKIP","floor":18.0},{"not_picked":["Disarm","Iron Wave+1"],"picked":"Whirlwind","floor":22},{"not_picked":["Bloodletting","Pummel","True Grit"],"picked":"SKIP","floor":24},{"not_picked":["Feel No Pain","Havoc","Warcry"],"picked":"SKIP","floor":27},{"not_picked":["Blood for Blood","Seeing Red","Wild Strike"],"picked":"SKIP","floor":28},{"not_picked":["Warcry","Clash+1"],"picked":"Flex","floor":31},{"not_picked":["Feed","Barricade"],"picked":"Berserk","floor":33},{"not_picked":["Uppercut+1","Body Slam+1","Evolve+1"],"picked":"SKIP","floor":35},{"not_picked":["Rampage","Twin Strike","Shrug It Off"],"picked":"SKIP","floor":38},{"not_picked":["Rage","Havoc+1","Heavy Blade"],"picked":"SKIP","floor":39}],"player_experience":1540577,"relics_obtained":[{"floor":9.0,"key":"Whetstone"},{"floor":26,"key":"Bag of Preparation"},{"floor":28,"key":"Blood Vial"},{"floor":36,"key":"Calipers"}],"event_choices":[{"damage_healed":0.0,"max_hp_gain":0.0,"max_hp_loss":0.0,"gold_gain":0.0,"event_name":"Living Wall","player_choice":"Grow","floor":4.0,"gold_loss":0.0,"damage_taken":0.0,"cards_upgraded":["Whirlwind"]},{"cards_removed":["Strike_R"],"damage_healed":0.0,"max_hp_gain":0.0,"max_hp_loss":0.0,"gold_gain":0.0,"event_name":"Golden Wing","player_choice":"Card Removal","floor":5.0,"gold_loss":0.0,"damage_taken":7.0},{"damage_healed":0,"gold_gain":0,"cards_transformed":["Defend_R","Strike_R"],"player_choice":"Transformed Cards","damage_taken":0,"max_hp_gain":0,"max_hp_loss":0,"event_name":"Designer","floor":20,"gold_loss":60,"cards_obtained":["Whirlwind","Disarm"]},{"damage_healed":0,"gold_gain":0,"player_choice":"Bought 0 Potions","damage_taken":0,"max_hp_gain":0,"max_hp_loss":0,"event_name":"The Woman in Blue","floor":29,"gold_loss":0},{"damage_healed":0,"gold_gain":0,"player_choice":"Fight","damage_taken":0,"max_hp_gain":0,"max_hp_loss":0,"event_name":"Mysterious Sphere","floor":36,"gold_loss":0},{"damage_healed":0,"gold_gain":0,"player_choice":"Copied","damage_taken":0,"max_hp_gain":0,"max_hp_loss":0,"event_name":"Duplicator","floor":37,"gold_loss":0,"cards_obtained":["Flex"]}],"is_beta":true,"boss_relics":[{"not_picked":["Ectoplasm","Fusion Hammer"],"picked":"Velvet Choker"},{"not_picked":["Tiny House","Mark of Pain"],"picked":"Empty Cage"}],"items_purged_floors":[3,19],"is_endless":false,"potions_floor_spawned":[2,11,12,13,22,27,31,38],"killed_by":"Giant Head","ascension_level":0}