{"gold_per_floor":[114,134,147,159,172,172,206,206,229,229,229,244,272,288,288,385,385,395,320,67,67,67,67,92,92,92,108,125,125,44,63,63,159,159,171,117,127,127,144,144,164,164,164,174,171,221,271,287,287,287],"floor_reached":50,"playtime":5454,"items_purged":[],"score":524,"play_id":"eddb2c04-9ef7-4879-819b-babe31bf7bab","local_time":"20190922190319","is_ascension_mode":false,"campfire_choices":[{"data":"Coolheaded","floor":6,"key":"SMITH"},{"floor":8,"key":"REST"},{"floor":10,"key":"REST"},{"floor":15,"key":"REST"},{"data":"Glacier","floor":23,"key":"SMITH"},{"floor":25,"key":"REST"},{"data":"Defragment","floor":29,"key":"SMITH"},{"data":"Glacier","floor":32,"key":"SMITH"},{"data":"Hologram","floor":40,"key":"SMITH"},{"data":"Chill","floor":42,"key":"SMITH"},{"data":"Doubt","floor":49,"key":"PURGE"}],"neow_cost":"NONE","seed_source_timestamp":6603039805700,"circlet_count":0,"master_deck":["Strike_B","Strike_B","Strike_B","Defend_B","Defend_B","Defend_B","Zap","Dualcast","Chill+1","Coolheaded+1","White Noise","Gash","Barrage","Force Field","Ball Lightning","Defragment+1","Gash","Machine Learning","Skim+1","Gash","Glacier+1","White Noise+1","Gash+1","Hologram+1","Glacier+1","Sweeping Beam+1","Rainbow","FTL+1","Coolheaded","Hologram+1","Scrape","Leap+1","Cold Snap+1","Cold Snap","Iron Wave","Leap+1"],"relics":["Cracked Core","NeowsBlessing","Question Card","Regal Pillow","Juzu Bracelet","Centennial Puzzle","Eternal Feather","Oddly Smooth Stone","Gremlin Horn","Boot","Mango","Coffee Dripper","SsserpentHead","Peace Pipe"],"potions_floor_usage":[16,16,33,33,33,39,50],"damage_taken":[{"damage":0,"enemies":"Cultist","floor":1,"turns":1},{"damage":0,"enemies":"2 Louse","floor":2,"turns":1},{"damage":0,"enemies":"Small Slimes","floor":3,"turns":1},{"damage":9,"enemies":"2 Fungi Beasts","floor":4,"turns":5},{"damage":9,"enemies":"Exordium Wildlife","floor":5,"turns":4},{"damage":38,"enemies":"Gremlin Nob","floor":7,"turns":5},{"damage":1,"enemies":"Large Slime","floor":12,"turns":6},{"damage":41,"enemies":"Lagavulin","floor":13,"turns":6},{"damage":15,"enemies":"Exordium Thugs","floor":14,"turns":5},{"damage":9,"enemies":"Slime Boss","floor":16,"turns":5},{"damage":13,"enemies":"Spheric Guardian","floor":18,"turns":5},{"damage":48,"enemies":"Book of Stabbing","floor":24,"turns":7},{"damage":34,"enemies":"2 Thieves","floor":27,"turns":5},{"damage":5,"enemies":"Snecko","floor":28,"turns":6},{"damage":4,"enemies":"Centurion and Healer","floor":31,"turns":5},{"damage":28,"enemies":"Champ","floor":33,"turns":9},{"damage":41,"enemies":"3 Shapes","floor":35,"turns":4},{"damage":13,"enemies":"Orb Walker","floor":37,"turns":5},{"damage":33,"enemies":"Spire Growth","floor":39,"turns":6},{"damage":2,"enemies":"4 Shapes","floor":41,"turns":6},{"damage":5,"enemies":"Maw","floor":44,"turns":9},{"damage":58,"enemies":"Transient","floor":48,"turns":5},{"damage":56,"enemies":"Awakened One","floor":50,"turns":5}],"seed_played":"6968696060475833236","potions_obtained":[{"floor":3,"key":"EssenceOfSteel"},{"floor":5,"key":"SkillPotion"},{"floor":14,"key":"Swift Potion"},{"floor":16,"key":"Energy Potion"},{"floor":31,"key":"Fire Potion"},{"floor":35,"key":"Block Potion"},{"floor":37,"key":"PowerPotion"},{"floor":41,"key":"SpeedPotion"}],"is_trial":false,"path_per_floor":["M","M","M","M","M","R","E","R","T","R","?","M","E","M","R","B",null,"M","?","$","?","?","R","E","R","T","M","M","R","$","M","R","B",null,"M","$","M","?","M","R","M","R","T","M","$","?","?","M","R","B"],"character_chosen":"DEFECT","items_purchased":["Oddly Smooth Stone","Gash","Glacier","Glacier","Coolheaded","Cold Snap"],"campfire_rested":4,"item_purchase_floors":[20,20,20,30,36,45],"current_hp_per_floor":[75,75,75,66,57,57,19,41,41,75,75,74,33,18,55,46,75,62,62,62,62,62,74,26,75,89,55,50,65,65,61,76,48,89,48,48,35,35,2,20,18,36,36,31,31,31,89,31,52,0],"gold":287,"neow_bonus":"THREE_ENEMY_KILL","is_prod":false,"is_daily":false,"chose_seed":false,"campfire_upgraded":6,"win_rate":0.0,"timestamp":1569171799,"path_taken":["M","M","M","?","M","R","E","R","T","R","?","M","E","M","R","BOSS","M","?","$","?","?","R","E","R","T","M","M","R","$","M","R","BOSS","M","$","M","?","M","R","M","R","T","M","?","?","?","M","R","BOSS"],"build_version":"2019-07-05","purchased_purges":0,"victory":false,"max_hp_per_floor":[75,75,75,75,75,75,75,75,75,75,75,75,75,75,75,75,75,75,75,75,75,75,75,75,75,89,89,89,89,89,89,89,89,89,89,89,89,89,89,89,89,89,89,89,89,89,89,89,89,89],"card_choices":[{"not_picked":["Hologram","Ball Lightning"],"picked":"Chill","floor":1},{"not_picked":["Compile Driver","Redo"],"picked":"Coolheaded","floor":2},{"not_picked":["Auto Shields","Gash"],"picked":"White Noise","floor":3},{"not_picked":["Steam","Aggregate"],"picked":"Gash","floor":4},{"not_picked":["Scrape","Streamline"],"picked":"Barrage","floor":5},{"not_picked":["Conserve Battery","Steam Power"],"picked":"Force Field","floor":7},{"not_picked":["Leap","Conserve Battery","Auto Shields"],"picked":"Ball Lightning","floor":12},{"not_picked":["Auto Shields","Ball Lightning","Blizzard"],"picked":"Defragment","floor":13},{"not_picked":["Go for the Eyes","Fusion","Barrage"],"picked":"Gash","floor":14},{"not_picked":["Amplify","Rainbow","Thunder Strike"],"picked":"Machine Learning","floor":16},{"not_picked":["Steam","Leap","Rip and Tear"],"picked":"Skim+1","floor":18},{"not_picked":["Fusion","Defragment","Force Field"],"picked":"White Noise+1","floor":24},{"not_picked":["Streamline","Compile Driver","Blizzard+1"],"picked":"Gash+1","floor":27},{"not_picked":["Beam Cell","Barrage+1","Static Discharge+1"],"picked":"Hologram+1","floor":28},{"not_picked":["Steam","Stack","Conserve Battery"],"picked":"Sweeping Beam+1","floor":31},{"not_picked":["Buffer","Amplify","Machine Learning"],"picked":"Rainbow","floor":33},{"not_picked":["Steam+1","Compile Driver+1","Aggregate"],"picked":"FTL+1","floor":35},{"not_picked":["Gash+1","Leap+1","Redo"],"picked":"Hologram","floor":37},{"not_picked":["Redo","Stack","Chaos"],"picked":"Scrape","floor":39},{"not_picked":["Ball Lightning+1","Storm","Conserve Battery"],"picked":"Leap+1","floor":41},{"not_picked":["Barrage+1","Stack","Compile Driver"],"picked":"Cold Snap+1","floor":44},{"not_picked":["Go for the Eyes+1","Storm+1","Streamline+1"],"picked":"Leap+1","floor":48}],"player_experience":5460,"relics_obtained":[{"floor":7,"key":"Question Card"},{"floor":9,"key":"Regal Pillow"},{"floor":13,"key":"Centennial Puzzle"},{"floor":24,"key":"Boot"},{"floor":26,"key":"Mango"},{"floor":43,"key":"Peace Pipe"}],"event_choices":[{"damage_healed":0,"gold_gain":0,"player_choice":"Searched \u00272\u0027 times","damage_taken":0,"relics_obtained":["Juzu Bracelet"],"max_hp_gain":0,"max_hp_loss":0,"event_name":"Dead Adventurer","floor":11,"gold_loss":0},{"cards_removed":["Strike_B"],"damage_healed":0,"gold_gain":0,"player_choice":"Gave Gold","damage_taken":0,"max_hp_gain":0,"max_hp_loss":0,"event_name":"Beggar","floor":19,"gold_loss":75},{"damage_healed":0,"gold_gain":0,"player_choice":"Opened","damage_taken":0,"relics_obtained":["Gremlin Horn"],"max_hp_gain":0,"max_hp_loss":0,"event_name":"The Mausoleum","floor":21,"gold_loss":0},{"damage_healed":0,"gold_gain":0,"player_choice":"Bought 0 Potions","damage_taken":0,"max_hp_gain":0,"max_hp_loss":0,"event_name":"The Woman in Blue","floor":22,"gold_loss":0},{"damage_healed":0,"gold_gain":0,"player_choice":"Trade","damage_taken":0,"relics_obtained":["SsserpentHead"],"max_hp_gain":0,"max_hp_loss":0,"event_name":"FaceTrader","floor":38,"gold_loss":0},{"cards_removed":["Defend_B"],"damage_healed":0,"gold_gain":0,"player_choice":"Took Card","damage_taken":0,"max_hp_gain":0,"max_hp_loss":0,"event_name":"NoteForYourself","floor":46,"gold_loss":0,"cards_obtained":["Iron Wave"]},{"damage_healed":58,"gold_gain":0,"player_choice":"Heal","damage_taken":0,"max_hp_gain":0,"max_hp_loss":0,"event_name":"MindBloom","floor":47,"gold_loss":0,"cards_obtained":["Doubt"]}],"is_beta":false,"boss_relics":[{"not_picked":["Orrery","Lizard Tail"],"picked":"Eternal Feather"},{"not_picked":["Tiny House","Sozu"],"picked":"Coffee Dripper"}],"items_purged_floors":[],"is_endless":false,"potions_floor_spawned":[3,5,14,16,31,35,37,41],"killed_by":"Awakened One","ascension_level":0}