{"gold_per_floor":[114,128,143,170,180,209,229,257,257,267,293,273,273,291,291,388,388,404,419,439,439,449,449],"floor_reached":23,"playtime":890,"items_purged":[],"score":228,"play_id":"31b9ba9a-51e1-4762-8069-834c6a8c6717","local_time":"20190806041050","is_ascension_mode":true,"campfire_choices":[{"data":"Searing Blow","floor":13,"key":"SMITH"},{"data":"Searing Blow+1","floor":15,"key":"SMITH"}],"neow_cost":"NONE","seed_source_timestamp":251070171991011,"circlet_count":0,"master_deck":["Bash+1","Sword Boomerang","Searing Blow+2","Armaments","Headbutt","Armaments","Double Tap","Dual Wield","Headbutt","Infernal Blade","Battle Trance","True Grit","Body Slam","Ghostly Armor","Bloodletting","Power Through","Immolate","Blind"],"relics":["Burning Blood","Red Skull","Vajra","Calipers","Ornamental Fan","Boot","Pandora\u0027s Box"],"potions_floor_usage":[6,8,8,14,16,16,19,19,23],"damage_taken":[{"damage":1,"enemies":"Cultist","floor":1,"turns":3},{"damage":10,"enemies":"Small Slimes","floor":2,"turns":4},{"damage":9,"enemies":"2 Louse","floor":3,"turns":4},{"damage":15,"enemies":"2 Fungi Beasts","floor":5,"turns":4},{"damage":28,"enemies":"Gremlin Nob","floor":6,"turns":4},{"damage":14,"enemies":"Exordium Thugs","floor":7,"turns":3},{"damage":21,"enemies":"Lagavulin","floor":8,"turns":5},{"damage":0,"enemies":"Blue Slaver","floor":10,"turns":2},{"damage":27,"enemies":"Gremlin Nob","floor":11,"turns":4},{"damage":10,"enemies":"Lots of Slimes","floor":14,"turns":6},{"damage":17,"enemies":"The Guardian","floor":16,"turns":10},{"damage":14,"enemies":"Spheric Guardian","floor":18,"turns":4},{"damage":24,"enemies":"2 Thieves","floor":19,"turns":4},{"damage":46,"enemies":"Cultist and Chosen","floor":20,"turns":6},{"damage":10,"enemies":"3 Cultists","floor":22,"turns":4},{"damage":18,"enemies":"Gremlin Leader","floor":23,"turns":3}],"seed_played":"-1190073497440186751","potions_obtained":[{"floor":1,"key":"BloodPotion"},{"floor":5,"key":"Strength Potion"},{"floor":6,"key":"Weak Potion"},{"floor":8,"key":"Fire Potion"},{"floor":11,"key":"SkillPotion"},{"floor":12,"key":"SpeedPotion"},{"floor":16,"key":"SkillPotion"},{"floor":18,"key":"AttackPotion"},{"floor":22,"key":"Dexterity Potion"}],"is_trial":false,"path_per_floor":["M","M","M","T","M","E","M","E","T","M","E","?","R","M","R","B",null,"M","M","M","?","M","E"],"character_chosen":"IRONCLAD","items_purchased":[],"campfire_rested":0,"item_purchase_floors":[],"current_hp_per_floor":[80,76,73,73,64,42,34,39,39,45,24,24,24,20,20,9,80,72,54,14,14,10,0],"gold":449,"neow_bonus":"UPGRADE_CARD","is_prod":false,"is_daily":false,"chose_seed":false,"campfire_upgraded":2,"win_rate":0,"timestamp":1565053850,"path_taken":["M","M","M","?","M","E","M","E","T","M","E","?","R","M","R","BOSS","M","M","M","?","?","E"],"build_version":"2019-07-17","purchased_purges":0,"victory":false,"max_hp_per_floor":[80,80,80,80,80,80,80,80,80,80,80,80,80,80,80,80,80,80,80,80,80,80,80],"card_choices":[{"not_picked":["Seeing Red","Intimidate"],"picked":"Sword Boomerang","floor":1},{"not_picked":["Hemokinesis","Twin Strike"],"picked":"Searing Blow","floor":2},{"not_picked":["Bloodletting","Cleave","Evolve"],"picked":"SKIP","floor":3},{"not_picked":["Body Slam","Bludgeon"],"picked":"Armaments","floor":5},{"not_picked":["Inflame","Twin Strike","Warcry"],"picked":"SKIP","floor":6},{"not_picked":["Warcry","True Grit","Dropkick"],"picked":"SKIP","floor":7},{"not_picked":["Thunderclap","Dual Wield"],"picked":"Headbutt","floor":8},{"not_picked":["True Grit","Flame Barrier"],"picked":"Armaments","floor":10},{"not_picked":["Twin Strike","Perfected Strike","Hemokinesis"],"picked":"SKIP","floor":11},{"not_picked":["Evolve","Body Slam","Twin Strike"],"picked":"SKIP","floor":14},{"not_picked":["Feed","Demon Form"],"picked":"Double Tap","floor":16},{"not_picked":["Anger","Iron Wave+1","Wild Strike"],"picked":"SKIP","floor":18},{"not_picked":["Warcry","True Grit","Metallicize+1"],"picked":"SKIP","floor":19},{"not_picked":["Cleave","Pummel","Body Slam+1"],"picked":"SKIP","floor":20},{"not_picked":["Brutality","True Grit","Clothesline"],"picked":"SKIP","floor":22}],"player_experience":188562,"relics_obtained":[{"floor":4,"key":"Red Skull"},{"floor":6,"key":"Vajra"},{"floor":8,"key":"Calipers"},{"floor":9,"key":"Ornamental Fan"},{"floor":11,"key":"Boot"}],"event_choices":[{"damage_healed":0,"gold_gain":0,"player_choice":"Bought 1 Potion","damage_taken":0,"max_hp_gain":0,"max_hp_loss":0,"event_name":"The Woman in Blue","floor":12,"gold_loss":0},{"damage_healed":0,"gold_gain":0,"player_choice":"2 cards matched","damage_taken":0,"max_hp_gain":0,"max_hp_loss":0,"event_name":"Match and Keep!","floor":21,"gold_loss":0,"cards_obtained":["Immolate","Blind"]}],"is_beta":false,"boss_relics":[{"not_picked":["Ectoplasm","Orrery"],"picked":"Pandora\u0027s Box"}],"items_purged_floors":[],"is_endless":false,"potions_floor_spawned":[1,5,6,8,11,16,18,22],"killed_by":"Gremlin Leader","ascension_level":1}