{"gold_per_floor":[113,123,140,158,174,205,240,273,273,308,383,409,434,463,463,566,566,582,274,274,8,20,54,54,79,79,79,79,79,112,142,142,247,247,263,318,318,228,228,255,282,309,339,369,404,431,431,444,444,540,540,551,551,551,571,571,571,602,635,635,635],"floor_reached":61,"playtime":3053,"items_purged":["Pain"],"score":2115,"play_id":"154aef94-e275-4f27-90a3-c4013847c79f","local_time":"20190128072136","daily_mods":["Vintage","Time Dilation","Flight"],"is_ascension_mode":true,"campfire_choices":[{"data":"Double Energy","floor":15,"key":"SMITH"},{"data":"Genetic Algorithm","floor":24,"key":"SMITH"},{"data":"Adrenaline","floor":27,"key":"SMITH"},{"data":"Adrenaline","floor":28,"key":"SMITH"},{"data":"Adrenaline","floor":32,"key":"SMITH"},{"data":"Reboot","floor":47,"key":"SMITH"},{"data":"Tempest","floor":49,"key":"SMITH"}],"neow_cost":"","seed_source_timestamp":0,"circlet_count":0,"master_deck":["Adrenaline+1","Adrenaline+1","Adrenaline+1","Adrenaline+1","Adrenaline+1","Adrenaline+1","Apotheosis+1","Blizzard","strawberrySpire:Compressor","strawberrySpire:AnotherWinter","strawberrySpire:AnotherWinter","strawberrySpire:AnotherWinter","strawberrySpire:AnotherWinter","strawberrySpire:AnotherWinter","strawberrySpire:AnotherWinter","strawberrySpire:AnotherWinter","strawberrySpire:AnotherWinter","strawberrySpire:AnotherWinter","strawberrySpire:AnotherWinter","strawberrySpire:AnotherWinter","strawberrySpire:AnotherWinter","strawberrySpire:AnotherWinter","strawberrySpire:AnotherWinter","strawberrySpire:AnotherWinter","strawberrySpire:AnotherWinter","strawberrySpire:AnotherWinter","strawberrySpire:AnotherWinter+1","strawberrySpire:AnotherWinter","strawberrySpire:AnotherWinter","Genetic Algorithm+1","Double Energy+1","Tempest+1","strawberrySpire:BlasterWyrm","Heatsinks+1","All For One+1","Storm+1","strawberrySpire:BreederCore","Steam","All For One+1","Tempest+1","Core Surge","Hologram+1","Madness","Finesse","Reboot+1","strawberrySpire:BlasterWyrm+1","Go for the Eyes+1","Turbo+1","Turbo+1","Chill+1","Rainbow+1","Go for the Eyes+1","Clumsy","FTL+1"],"relics":["Cracked Core","strawberrySpire:Dictionifier","strawberrySpire:AztechBall","Runic Capacitor","strawberrySpire:CapacitorDischarge","OrangePellets","Membership Card","Dead Branch","strawberrySpire:DirtyLipstick","strawberrySpire:WhoaramAlpha","Gremlin Horn","strawberrySpire:PoopsieRoll","strawberrySpire:TinySteamboat","Unceasing Top","PreservedInsect","Question Card","War Paint","Mango","Boot","strawberrySpire:ElectricRodnt","Philosopher\u0027s Stone","Blue Candle","ClockworkSouvenir","strawberrySpire:ShipInABottle","Bag of Preparation","WarpedTongs","strawberrySpire:StillNotAdequateHouse","Frozen Egg 2","Matryoshka","Dodecahedron","Sundial","Juzu Bracelet","Cables","Ancient Tea Set","Meat on the Bone","Runic Dome","strawberrySpire:ElefentMask","Turnip","strawberrySpire:KineticCharger","Pen Nib","Pear","strawberrySpire:MawJerky","Tiny Chest","Bronze Scales","Mercury Hourglass","Strawberry","Shuriken","Black Star","Molten Egg 2","Odd Mushroom","strawberrySpire:Icefruit","Kunai"],"potions_floor_usage":[],"damage_taken":[{"damage":11,"enemies":"Jaw Worm","floor":1,"turns":2},{"damage":0,"enemies":"Cultist","floor":2,"turns":2},{"damage":0,"enemies":"Small Slimes","floor":3,"turns":3},{"damage":13,"enemies":"Gremlin Gang","floor":4,"turns":3},{"damage":7,"enemies":"3 Louse","floor":5,"turns":2},{"damage":9,"enemies":"3 Sentries","floor":6,"turns":3},{"damage":7,"enemies":"Gremlin Nob","floor":7,"turns":3},{"damage":0,"enemies":"Lagavulin","floor":8,"turns":1},{"damage":8,"enemies":"strawberrySpire:EnergyPylons","floor":10,"turns":1},{"damage":0,"enemies":"3 Sentries","floor":12,"turns":1},{"damage":0,"enemies":"Gremlin Nob","floor":13,"turns":1},{"damage":0,"enemies":"Lagavulin","floor":14,"turns":1},{"damage":0,"enemies":"Hexaghost","floor":16,"turns":2},{"damage":0,"enemies":"theJungle:Flameango_and_Byrd","floor":18,"turns":1},{"damage":0,"enemies":"theJungle:GiantWrat","floor":22,"turns":2},{"damage":0,"enemies":"theJungle:MamaSnecko","floor":23,"turns":1},{"damage":0,"enemies":"theJungle:Cassacara","floor":25,"turns":1},{"damage":0,"enemies":"theJungle:2_Phrogs","floor":30,"turns":1},{"damage":0,"enemies":"theJungle:MamaSnecko","floor":31,"turns":1},{"damage":0,"enemies":"theJungle:TotemBoss","floor":33,"turns":1},{"damage":0,"enemies":"3 Darklings","floor":35,"turns":1},{"damage":0,"enemies":"2 Orb Walkers","floor":36,"turns":1},{"damage":0,"enemies":"strawberrySpire:EssenceStones","floor":40,"turns":2},{"damage":0,"enemies":"Reptomancer","floor":41,"turns":1},{"damage":0,"enemies":"strawberrySpire:EssenceStones","floor":42,"turns":1},{"damage":0,"enemies":"Nemesis","floor":44,"turns":1},{"damage":0,"enemies":"Giant Head","floor":45,"turns":2},{"damage":0,"enemies":"Reptomancer","floor":46,"turns":1},{"damage":0,"enemies":"3 Shapes","floor":48,"turns":1},{"damage":0,"enemies":"Donu and Deca","floor":50,"turns":1},{"damage":0,"enemies":"Small Slimes","floor":52,"turns":1},{"damage":0,"enemies":"The Mushroom Lair","floor":55,"turns":2},{"damage":0,"enemies":"Lagavulin","floor":58,"turns":2},{"damage":0,"enemies":"3 Sentries","floor":59,"turns":1},{"damage":0,"enemies":"Lagavulin","floor":61,"turns":1}],"seed_played":"3193098389617245183","potions_obtained":[{"floor":1,"key":"Energy Potion"},{"floor":3,"key":"Weak Potion"},{"floor":8,"key":"EssenceOfSteel"},{"floor":14,"key":"PowerPotion"},{"floor":30,"key":"PowerPotion"}],"is_trial":true,"path_per_floor":["M","M","M","M","M","E","E","E","T","E","?","E","E","E","R","B",null,"M","$","?","$","M","E","R","E","T","R","R","?","E","E","R","B",null,"M","?","?","?","?","E","E","E","T","E","E","E","R","M","R","B",null,"M","?","?","?","?","R","E","E","T","E"],"character_chosen":"DEFECT","items_purchased":["ClockworkSouvenir","strawberrySpire:ShipInABottle","Bag of Preparation","strawberrySpire:StillNotAdequateHouse","Frozen Egg 2","Storm+1","strawberrySpire:BreederCore"],"campfire_rested":0,"item_purchase_floors":[19,19,19,21,21,21,21],"current_hp_per_floor":[64,64,64,51,44,35,28,28,28,20,13,27,27,27,27,27,89,89,89,89,95,95,95,95,95,95,95,95,95,95,95,95,95,95,95,95,83,83,83,83,83,93,93,97,101,112,112,112,112,112,124,124,124,129,129,129,129,133,137,137,137],"gold":635,"neow_bonus":"","is_prod":false,"is_daily":false,"chose_seed":false,"campfire_upgraded":7,"win_rate":0,"timestamp":1548649296,"path_taken":["M","M","M","M","M","E","E","E","T","E","?","E","E","E","R","BOSS","M","?","?","$","?","E","R","E","T","R","R","?","E","E","R","BOSS","M","?","?","?","?","E","E","E","T","E","E","E","R","M","R","BOSS","M","?","?","?","?","R","E","E","T","E"],"build_version":"2019-01-23","purchased_purges":1,"victory":false,"max_hp_per_floor":[75,75,75,75,75,75,75,75,75,75,75,89,89,89,89,89,89,89,89,89,95,95,95,95,95,95,95,95,95,95,95,95,95,95,95,95,95,95,95,95,95,105,105,109,113,124,124,124,124,124,124,124,124,129,129,129,129,133,137,137,137],"card_choices":[{"not_picked":["strawberrySpire:BiBeamBolt","Barrage"],"picked":"Genetic Algorithm","floor":6},{"not_picked":["Stack","Ball Lightning"],"picked":"Double Energy","floor":7},{"not_picked":["Ball Lightning","strawberrySpire:Adapter","Barrage"],"picked":"SKIP","floor":8},{"not_picked":["Consume","Redo","Barrage"],"picked":"Tempest","floor":10},{"not_picked":["Force Field","strawberrySpire:NeonFlight","Lockon"],"picked":"strawberrySpire:BlasterWyrm","floor":12},{"not_picked":["Rainbow","Recycle","strawberrySpire:Disconnect"],"picked":"Heatsinks","floor":13},{"not_picked":["Coolheaded","Beam Cell","Steam","strawberrySpire:NeonFlight"],"picked":"SKIP","floor":14},{"not_picked":["Fission","Meteor Strike","Buffer"],"picked":"All For One","floor":16},{"not_picked":["Compile Driver+1","strawberrySpire:Adapter","strawberrySpire:BreederCore","Beam Cell+1"],"picked":"SKIP","floor":23},{"not_picked":["strawberrySpire:Adapter+1","Compile Driver+1","Auto Shields"],"picked":"Steam","floor":25},{"not_picked":["Rebound","strawberrySpire:DataDump","Melter"],"picked":"All For One+1","floor":30},{"not_picked":["Sweeping Beam","Gash","Rip and Tear+1"],"picked":"Tempest+1","floor":31},{"not_picked":["Machine Learning+1","Multi-Cast","strawberrySpire:AnotherWinter+1"],"picked":"Core Surge","floor":33},{"not_picked":["Leap","Beam Cell","Coolheaded"],"picked":"Hologram+1","floor":36},{"not_picked":["strawberrySpire:Compressor+1","Compile Driver","Core Surge"],"picked":"Reboot","floor":40},{"not_picked":["strawberrySpire:BreederCore+1","Gash+1","Glacier"],"picked":"strawberrySpire:BlasterWyrm+1","floor":41},{"not_picked":["Hello World+1","strawberrySpire:Disconnect","Steam+1"],"picked":"Go for the Eyes+1","floor":42},{"not_picked":["strawberrySpire:NeonFlight","strawberrySpire:DataDump+1","strawberrySpire:BlasterWyrm"],"picked":"Turbo+1","floor":44},{"not_picked":["Hello World+1","Coolheaded+1","Reprogram"],"picked":"Turbo+1","floor":45},{"not_picked":["Machine Learning+1","strawberrySpire:ReturnNull+1","Streamline+1"],"picked":"Chill+1","floor":46},{"not_picked":["Fission","strawberrySpire:Refactor","Core Surge"],"picked":"Rainbow+1","floor":50},{"not_picked":["Undo","strawberrySpire:FocalLaser+1","Consume+1"],"picked":"Go for the Eyes+1","floor":55},{"not_picked":["Chaos+1","Conserve Battery","Redo"],"picked":"FTL+1","floor":58},{"not_picked":["Cold Snap+1","Heatsinks+1","Stack+1","Redo"],"picked":"SKIP","floor":59}],"player_experience":1103739,"relics_obtained":[{"floor":1,"key":"Dead Branch"},{"floor":2,"key":"strawberrySpire:DirtyLipstick"},{"floor":3,"key":"strawberrySpire:WhoaramAlpha"},{"floor":4,"key":"Gremlin Horn"},{"floor":5,"key":"strawberrySpire:PoopsieRoll"},{"floor":6,"key":"strawberrySpire:TinySteamboat"},{"floor":7,"key":"Unceasing Top"},{"floor":8,"key":"PreservedInsect"},{"floor":9,"key":"Question Card"},{"floor":10,"key":"War Paint"},{"floor":12,"key":"Mango"},{"floor":13,"key":"Boot"},{"floor":14,"key":"strawberrySpire:ElectricRodnt"},{"floor":18,"key":"Blue Candle"},{"floor":22,"key":"Matryoshka"},{"floor":23,"key":"Dodecahedron"},{"floor":25,"key":"Sundial"},{"floor":26,"key":"Juzu Bracelet"},{"floor":26,"key":"Cables"},{"floor":30,"key":"Ancient Tea Set"},{"floor":31,"key":"Meat on the Bone"},{"floor":35,"key":"strawberrySpire:ElefentMask"},{"floor":36,"key":"Turnip"},{"floor":40,"key":"strawberrySpire:KineticCharger"},{"floor":41,"key":"Pen Nib"},{"floor":42,"key":"Pear"},{"floor":43,"key":"strawberrySpire:MawJerky"},{"floor":43,"key":"Tiny Chest"},{"floor":44,"key":"Bronze Scales"},{"floor":45,"key":"Mercury Hourglass"},{"floor":46,"key":"Strawberry"},{"floor":48,"key":"Shuriken"},{"floor":52,"key":"Molten Egg 2"},{"floor":55,"key":"Odd Mushroom"},{"floor":57,"key":"strawberrySpire:Icefruit"},{"floor":60,"key":"Kunai"}],"event_choices":[{"damage_healed":0,"gold_gain":75,"player_choice":"Touch","damage_taken":7,"max_hp_gain":0,"max_hp_loss":0,"event_name":"FaceTrader","floor":11,"gold_loss":0},{"damage_healed":0,"gold_gain":0,"player_choice":"Rummage","damage_taken":0,"relics_obtained":["WarpedTongs"],"max_hp_gain":0,"max_hp_loss":0,"event_name":"Accursed Blacksmith","floor":20,"gold_loss":0,"cards_obtained":["Pain"]},{"damage_healed":0,"gold_gain":0,"player_choice":"Fight","damage_taken":0,"max_hp_gain":0,"max_hp_loss":0,"event_name":"Mysterious Sphere","floor":36,"gold_loss":0},{"damage_healed":0,"gold_gain":0,"player_choice":"Embrace Madness","damage_taken":12,"max_hp_gain":0,"max_hp_loss":0,"event_name":"Winding Halls","floor":37,"gold_loss":0,"cards_obtained":["Madness","Madness"]},{"cards_removed":["Madness"],"damage_healed":0,"gold_gain":0,"player_choice":"Upgrade and Remove","damage_taken":0,"max_hp_gain":0,"max_hp_loss":0,"event_name":"Designer","floor":38,"gold_loss":90,"cards_upgraded":["strawberrySpire:AnotherWinter"]},{"damage_healed":0,"gold_gain":0,"player_choice":"1 cards matched","damage_taken":0,"max_hp_gain":0,"max_hp_loss":0,"event_name":"Match and Keep!","floor":39,"gold_loss":0,"cards_obtained":["Finesse"]},{"damage_healed":0,"gold_gain":0,"player_choice":"Grow","damage_taken":0,"max_hp_gain":0,"max_hp_loss":0,"event_name":"Living Wall","floor":53,"gold_loss":0,"cards_upgraded":["Apotheosis"]},{"damage_healed":0,"gold_gain":0,"player_choice":"Donut","damage_taken":0,"max_hp_gain":5,"max_hp_loss":0,"event_name":"Big Fish","floor":54,"gold_loss":0},{"damage_healed":0,"gold_gain":0,"player_choice":"Fought Mushrooms","damage_taken":0,"max_hp_gain":0,"max_hp_loss":0,"event_name":"Mushrooms","floor":55,"gold_loss":0}],"is_beta":true,"boss_relics":[{"not_picked":["Busted Crown","Velvet Choker"],"picked":"Philosopher\u0027s Stone"},{"not_picked":["strawberrySpire:RottenAvocado","Coffee Dripper"],"picked":"Runic Dome"},{"not_picked":["Pandora\u0027s Box","Empty Cage"],"picked":"Black Star"}],"items_purged_floors":[21],"is_endless":true,"potions_floor_spawned":[1,3,8,14,16,23,25,30,33,41,44,48,50,58],"killed_by":"Lagavulin","ascension_level":1}