{"gold_per_floor":[112,287,304,156,231,257,257,289,289,322,322,322,322,385,385,484,484,495,495,495,352,371,371,399,399,424,454,454,46,46,81,81,184,184,194,194,206,306,306,306,341,66,66,94,94,10,10,26,26,26,26,26,26,58,58],"floor_reached":55,"playtime":2298,"items_purged":["Doubt","Strike_R"],"score":910,"play_id":"29f8ec70-defb-46d2-98e0-c479cae073e7","local_time":"20181218101212","is_ascension_mode":true,"campfire_choices":[{"data":"Juggernaut","floor":7,"key":"SMITH"},{"data":"Metallicize","floor":13,"key":"SMITH"},{"floor":15,"key":"REST"},{"data":"Barricade","floor":23,"key":"SMITH"},{"floor":25,"key":"REST"},{"data":"Body Slam","floor":32,"key":"SMITH"},{"floor":40,"key":"RECALL"},{"data":"Body Slam","floor":45,"key":"SMITH"},{"data":"Bash","floor":47,"key":"SMITH"},{"data":"Reaper","floor":49,"key":"SMITH"},{"floor":52,"key":"REST"}],"neow_cost":"TEN_PERCENT_HP_LOSS","seed_source_timestamp":387460434063485,"circlet_count":0,"master_deck":["Defend_R+1","Defend_R+1","Defend_R+1","Defend_R+1","Bash+1","Juggernaut+1","Seeing Red+1","Metallicize+1","Body Slam+1","Headbutt+1","Barricade+1","True Grit+1","Body Slam+1","Shrug It Off+1","Disarm+1","Good Instincts+1","Shrug It Off+1","Reaper+1","Iron Wave+1","Shockwave+1","Uppercut+1","Madness+1","Madness+1","Impervious+1","Finesse+1","Finesse+1","Ghostly Armor+1","Disarm+1"],"relics":["Burning Blood","Matryoshka","Regal Pillow","Juzu Bracelet","Bag of Preparation","Toxic Egg 2","Sozu","Oddly Smooth Stone","Strawberry","Whetstone","Ancient Tea Set","Lantern","Nilry\u0027s Codex","Orichalcum","War Paint","Astrolabe","StoneCalendar","GremlinMask","Singing Bowl","OrangePellets","Dodecahedron","Potion Belt","Pear"],"potions_floor_usage":[6,10,55],"damage_taken":[{"damage":7,"enemies":"2 Louse","floor":1,"turns":4},{"damage":11,"enemies":"Jaw Worm","floor":3,"turns":5},{"damage":24,"enemies":"Gremlin Nob","floor":6,"turns":5},{"damage":10,"enemies":"Lagavulin","floor":8,"turns":7},{"damage":21,"enemies":"Gremlin Nob","floor":10,"turns":4},{"damage":17,"enemies":"Lagavulin Event","floor":14,"turns":5},{"damage":40,"enemies":"The Guardian","floor":16,"turns":11},{"damage":0,"enemies":"Chosen","floor":18,"turns":6},{"damage":35,"enemies":"3 Byrds","floor":22,"turns":5},{"damage":31,"enemies":"Slavers","floor":24,"turns":6},{"damage":12,"enemies":"Gremlin Leader","floor":27,"turns":8},{"damage":5,"enemies":"Book of Stabbing","floor":31,"turns":5},{"damage":26,"enemies":"Automaton","floor":33,"turns":9},{"damage":0,"enemies":"3 Shapes","floor":35,"turns":8},{"damage":0,"enemies":"Orb Walker","floor":37,"turns":2},{"damage":0,"enemies":"Mind Bloom Boss Battle","floor":38,"turns":7},{"damage":0,"enemies":"Giant Head","floor":41,"turns":8},{"damage":20,"enemies":"Nemesis","floor":44,"turns":7},{"damage":3,"enemies":"3 Darklings","floor":48,"turns":7},{"damage":11,"enemies":"Awakened One","floor":50,"turns":11},{"damage":56,"enemies":"Shield and Spear","floor":54,"turns":8},{"damage":65,"enemies":"The Heart","floor":55,"turns":5}],"seed_played":"7083422780064468534","potions_obtained":[{"floor":1,"key":"LiquidBronze"},{"floor":3,"key":"Fire Potion"},{"floor":6,"key":"Ancient Potion"},{"floor":16,"key":"Dexterity Potion"}],"is_trial":false,"path_per_floor":["M","?","M","$","?","E","R","E","T","E","?","?","R","?","R","B",null,"M","?","?","?","M","R","E","R","T","E","?","$","?","E","R","B",null,"M","?","M","?","?","R","E","$","T","E","R","$","R","M","R","B",null,"R","$","E","B"],"character_chosen":"IRONCLAD","items_purchased":["Metallicize","Disarm+1","Good Instincts+1","Orichalcum","Finesse+1","OrangePellets","Finesse+1"],"campfire_rested":3,"item_purchase_floors":[4,29,29,29,42,42,46],"current_hp_per_floor":[71,71,66,66,55,37,37,33,33,18,18,23,23,12,50,16,77,77,63,63,63,34,34,16,57,57,51,35,35,35,36,36,16,89,89,78,84,89,89,89,91,91,91,85,85,85,85,93,93,93,93,93,93,65,0],"gold":58,"neow_bonus":"THREE_RARE_CARDS","is_prod":false,"is_daily":false,"chose_seed":false,"campfire_upgraded":7,"win_rate":0,"timestamp":1545117132,"path_taken":["M","?","M","$","?","E","R","E","T","E","?","?","R","?","R","BOSS","M","?","?","?","M","R","E","R","T","E","?","$","?","E","R","BOSS","M","?","M","?","?","R","E","$","T","E","R","$","R","M","R","BOSS","R","$","E","BOSS"],"build_version":"2018-12-13","purchased_purges":2,"victory":false,"max_hp_per_floor":[72,72,72,72,72,72,72,72,72,72,72,77,77,77,77,77,77,77,82,82,82,82,82,89,89,89,89,89,89,89,89,89,89,89,89,89,89,89,89,89,91,91,91,93,93,93,93,93,93,93,93,93,93,103,103],"card_choices":[{"not_picked":["Offering","Bludgeon"],"picked":"Juggernaut","floor":0},{"not_picked":["Rupture","Fire Breathing"],"picked":"Seeing Red","floor":1},{"not_picked":["Thunderclap","Twin Strike","Warcry"],"picked":"SKIP","floor":3},{"not_picked":["Intimidate","Exhume"],"picked":"Body Slam","floor":6},{"not_picked":["Infernal Blade","Clothesline"],"picked":"Headbutt","floor":8},{"not_picked":["Burning Pact","Limit Break"],"picked":"Armaments","floor":10},{"not_picked":["Fiend Fire","Immolate"],"picked":"Barricade","floor":16},{"not_picked":["Sword Boomerang+1","Headbutt","Whirlwind"],"picked":"SKIP","floor":18},{"not_picked":["Heavy Blade","Havoc+1","Seeing Red+1"],"picked":"SKIP","floor":22},{"not_picked":["Thunderclap","Headbutt"],"picked":"Body Slam","floor":24},{"not_picked":["Dropkick+1","Pommel Strike"],"picked":"Shrug It Off+1","floor":27},{"not_picked":["Berserk","Burning Pact+1"],"picked":"Shrug It Off+1","floor":31},{"not_picked":["Bludgeon","Barricade"],"picked":"Reaper","floor":33},{"not_picked":["Sword Boomerang+1","Headbutt+1","Perfected Strike"],"picked":"SKIP","floor":35},{"not_picked":["Blood for Blood+1","Clash+1"],"picked":"Impervious+1","floor":37},{"not_picked":["Heavy Blade","Headbutt+1","Cleave+1"],"picked":"Singing Bowl","floor":41},{"not_picked":["Perfected Strike","Heavy Blade+1","Havoc+1"],"picked":"Singing Bowl","floor":44},{"not_picked":["Twin Strike","Flex+1"],"picked":"Ghostly Armor+1","floor":48},{"not_picked":["Immolate","Intimidate+1"],"picked":"Disarm+1","floor":54}],"player_experience":988455,"relics_obtained":[{"floor":6,"key":"Matryoshka"},{"floor":8,"key":"Regal Pillow"},{"floor":9,"key":"Juzu Bracelet"},{"floor":10,"key":"Bag of Preparation"},{"floor":14,"key":"Toxic Egg 2"},{"floor":24,"key":"Strawberry"},{"floor":26,"key":"Whetstone"},{"floor":26,"key":"Ancient Tea Set"},{"floor":27,"key":"Lantern"},{"floor":28,"key":"Nilry\u0027s Codex"},{"floor":31,"key":"War Paint"},{"floor":38,"key":"StoneCalendar"},{"floor":41,"key":"Singing Bowl"},{"floor":43,"key":"Dodecahedron"},{"floor":44,"key":"Potion Belt"},{"floor":54,"key":"Pear"}],"event_choices":[{"damage_healed":0,"gold_gain":175,"player_choice":"AGREE","damage_taken":0,"max_hp_gain":0,"max_hp_loss":0,"event_name":"Liars Game","floor":2,"gold_loss":0,"cards_obtained":["Doubt"]},{"damage_healed":0,"gold_gain":75,"player_choice":"Gather Gold","damage_taken":11,"max_hp_gain":0,"max_hp_loss":0,"event_name":"World of Goop","floor":5,"gold_loss":0},{"cards_removed":["Strike_R"],"damage_healed":0,"gold_gain":0,"player_choice":"Offered Basic","damage_taken":0,"max_hp_gain":0,"max_hp_loss":0,"event_name":"Bonfire Elementals","floor":11,"gold_loss":0},{"damage_healed":0,"gold_gain":0,"player_choice":"Donut","damage_taken":0,"max_hp_gain":5,"max_hp_loss":0,"event_name":"Big Fish","floor":12,"gold_loss":0},{"damage_healed":0,"gold_gain":0,"player_choice":"Searched \u00272\u0027 times","damage_taken":0,"max_hp_gain":0,"max_hp_loss":0,"event_name":"Dead Adventurer","floor":14,"gold_loss":0},{"damage_healed":0,"gold_gain":0,"player_choice":"Shed Blood","damage_taken":19,"max_hp_gain":5,"max_hp_loss":0,"event_name":"Forgotten Altar","floor":19,"gold_loss":0},{"damage_healed":0,"gold_gain":0,"cards_transformed":["Strike_R","Strike_R"],"player_choice":"Became Test Subject","damage_taken":0,"max_hp_gain":0,"max_hp_loss":0,"event_name":"Drug Dealer","floor":20,"gold_loss":0,"cards_obtained":["Warcry","True Grit"]},{"damage_healed":0,"gold_gain":0,"player_choice":"Paid Gold","damage_taken":0,"relics_obtained":["Oddly Smooth Stone"],"max_hp_gain":0,"max_hp_loss":0,"event_name":"WeMeetAgain","floor":21,"gold_loss":143},{"damage_healed":0,"gold_gain":0,"player_choice":"Obtained Book","damage_taken":16,"max_hp_gain":0,"max_hp_loss":0,"event_name":"Cursed Tome","floor":28,"gold_loss":0},{"damage_healed":0,"gold_gain":0,"player_choice":"Simplicity","damage_taken":0,"max_hp_gain":0,"max_hp_loss":0,"event_name":"Back to Basics","floor":30,"gold_loss":0,"cards_upgraded":["Defend_R","Defend_R","Defend_R","Defend_R"]},{"damage_healed":0,"gold_gain":0,"player_choice":"Embrace Madness","damage_taken":11,"max_hp_gain":0,"max_hp_loss":0,"event_name":"Winding Halls","floor":36,"gold_loss":0,"cards_obtained":["Madness","Madness"]},{"damage_healed":0,"gold_gain":0,"player_choice":"Fight","damage_taken":0,"max_hp_gain":0,"max_hp_loss":0,"event_name":"MindBloom","floor":38,"gold_loss":0},{"damage_healed":0,"gold_gain":0,"player_choice":"Trade","damage_taken":0,"relics_obtained":["GremlinMask"],"max_hp_gain":0,"max_hp_loss":0,"event_name":"FaceTrader","floor":39,"gold_loss":0}],"is_beta":true,"boss_relics":[{"not_picked":["Lizard Tail","Eternal Feather"],"picked":"Sozu"},{"not_picked":["Coffee Dripper","Pandora\u0027s Box"],"picked":"Astrolabe"}],"items_purged_floors":[4,29],"is_endless":false,"potions_floor_spawned":[1,3,6,16,27,33,38],"killed_by":"The Heart","ascension_level":1}