{"gold_per_floor":[119,129,141,216,216,216,251,261,308,318,318,318,351,370,370,501,501,521,796,821,7,32,32,65,90,90,131,131,166,191,227,227,350,350,369,389,389,407,407,407,440,440,467,486,2,23,62,62],"floor_reached":48,"playtime":3172,"items_purged":["Strike_B"],"score":837,"play_id":"1bf6a855-f966-4497-bb13-7d572441cdb9","local_time":"20181219030732","is_ascension_mode":true,"campfire_choices":[{"data":"Dualcast","floor":6.0,"key":"SMITH"},{"data":"Go for the Eyes","floor":12.0,"key":"SMITH"},{"floor":15.0,"key":"REST"},{"data":"Beam Cell","floor":23.0,"key":"SMITH"},{"data":"FTL","floor":28,"key":"SMITH"},{"data":"Defragment","floor":32,"key":"SMITH"},{"floor":40,"key":"RECALL"}],"neow_cost":"NONE","seed_source_timestamp":0,"circlet_count":0,"master_deck":["Strike_B","Strike_B","Strike_B","Defend_B","Defend_B","Defend_B","Defend_B","Zap+1","Dualcast+1","Ball Lightning","Go for the Eyes+1","Cold Snap","Conserve Battery+1","Ball Lightning","Auto Shields+1","Coolheaded+1","Leap+1","All For One","Streamline+1","Regret","Beam Cell+1","FTL+1","Undo+1","Consume+1","Stack+1","Gash","Steam+1","Core Surge","Skim+1","Turbo+1","Decay","Parasite","Steam+1","Chill+1","Clumsy","Injury","Conserve Battery+1","Mayhem","Loop","BootSequence+1","Steam+1","Steam+1"],"special_seed":0,"relics":["Cracked Core","Toxic Egg 2","Regal Pillow","Bronze Scales","Golden Idol","Blood Vial","Inserter","Nunchaku","Meat on the Bone","Darkstone Periapt","Incense Burner","Centennial Puzzle","Gambling Chip","Mercury Hourglass","Cursed Key","Shovel","Happy Flower","Juzu Bracelet"],"potions_floor_usage":[25,27,27,27,27,27,27,41,41,47],"damage_taken":[{"damage":0.0,"enemies":"Small Slimes","floor":1.0,"turns":3.0},{"damage":1.0,"enemies":"Cultist","floor":2.0,"turns":3.0},{"damage":4.0,"enemies":"2 Louse","floor":3.0,"turns":2.0},{"damage":15.0,"enemies":"3 Sentries","floor":7.0,"turns":6.0},{"damage":0.0,"enemies":"Large Slime","floor":8.0,"turns":4.0},{"damage":2.0,"enemies":"Gremlin Gang","floor":10.0,"turns":4.0},{"damage":3.0,"enemies":"Gremlin Nob","floor":13.0,"turns":4.0},{"damage":6.0,"enemies":"3 Louse","floor":14.0,"turns":2.0},{"damage":7.0,"enemies":"Slime Boss","floor":16.0,"turns":11.0},{"damage":0.0,"enemies":"3 Byrds","floor":18.0,"turns":4.0},{"damage":0.0,"enemies":"Chosen","floor":20.0,"turns":3.0},{"damage":23.0,"enemies":"Snake Plant","floor":22.0,"turns":4.0},{"damage":0.0,"enemies":"Book of Stabbing","floor":24.0,"turns":4.0},{"damage":6,"enemies":"Centurion and Healer","floor":25,"turns":6},{"damage":17,"enemies":"Slavers","floor":27,"turns":4},{"damage":5,"enemies":"Gremlin Leader","floor":29,"turns":7},{"damage":6,"enemies":"Sentry and Sphere","floor":30,"turns":4},{"damage":3,"enemies":"Slavers","floor":31,"turns":5},{"damage":33,"enemies":"Automaton","floor":33,"turns":11},{"damage":18,"enemies":"3 Darklings","floor":35,"turns":5},{"damage":0,"enemies":"Orb Walker","floor":36,"turns":2},{"damage":18,"enemies":"Writhing Mass","floor":38,"turns":5},{"damage":27,"enemies":"Giant Head","floor":41,"turns":8},{"damage":14,"enemies":"Spire Growth","floor":44,"turns":4},{"damage":0,"enemies":"Jaw Worm Horde","floor":46,"turns":5},{"damage":42,"enemies":"Reptomancer","floor":47,"turns":6},{"damage":30,"enemies":"2 Orb Walkers","floor":48,"turns":4}],"seed_played":"-1999384092406544352","potions_obtained":[{"floor":2.0,"key":"Explosive Potion"},{"floor":3.0,"key":"Fire Potion"},{"floor":13.0,"key":"SmokeBomb"},{"floor":16.0,"key":"EssenceOfSteel"},{"floor":18.0,"key":"EssenceOfSteel"},{"floor":29,"key":"SpeedPotion"},{"floor":35,"key":"AttackPotion"},{"floor":41,"key":"Block Potion"},{"floor":44,"key":"Dexterity Potion"},{"floor":46,"key":"SpeedPotion"},{"floor":47,"key":"Weak Potion"}],"is_trial":false,"path_per_floor":["M","M","M","?","?","R","E","M","T","M","?","R","E","M","R","B",null,"M","?","M","$","M","R","E","E","M","T","E","R","E","M","E","R","B",null,"M","M","?","M","?","R","E","?","T","M","$","M","E","?"],"character_chosen":"DEFECT","items_purchased":["Nunchaku","Meat on the Bone","EntropicBrew","FTL","Mayhem","Happy Flower","Loop","BootSequence+1"],"campfire_rested":1,"item_purchase_floors":[21,21,21,21,45,45,45,45],"current_hp_per_floor":[75,74,70,59,59,59,44,44,44,42,24,24,21,17,54,49,75,75,75,75,75,52,52,54,50,50,49,49,46,42,41,41,22,75,57,59,65,55,55,55,42,48,54,54,54,56,28,0],"gold":62,"neow_bonus":"UPGRADE_CARD","is_prod":false,"is_daily":false,"chose_seed":false,"campfire_upgraded":5,"win_rate":0,"timestamp":1545178052,"path_taken":["M","M","M","?","?","R","E","M","T","?","?","R","E","M","R","BOSS","M","?","M","$","M","R","E","M","T","E","R","E","M","E","R","BOSS","M","?","?","?","?","R","E","?","T","?","?","M","E","?"],"build_version":"2018-12-17","purchased_purges":1,"victory":false,"max_hp_per_floor":[75,75,75,75,75,75,75,75,75,75,75,75,75,75,75,75,75,75,75,75,75,75,75,75,75,75,75,75,75,75,75,75,75,75,75,75,81,87,87,87,87,93,99,99,99,99,99,99],"card_choices":[{"not_picked":["Chaos","Reprogram"],"picked":"Ball Lightning","floor":1.0},{"not_picked":["Stack","Chill"],"picked":"Go for the Eyes","floor":2.0},{"not_picked":["Steam Power","Leap"],"picked":"Cold Snap","floor":3.0},{"not_picked":["Force Field+1","Reinforced Body+1"],"picked":"Conserve Battery+1","floor":7.0},{"not_picked":["Lockon","Tempest+1"],"picked":"Ball Lightning","floor":8.0},{"not_picked":["Gash","Barrage"],"picked":"Auto Shields+1","floor":10.0},{"not_picked":["Lockon","Blizzard"],"picked":"Coolheaded+1","floor":13.0},{"not_picked":["Coolheaded+1","Hyperbeam"],"picked":"Leap+1","floor":14.0},{"not_picked":["Hyperbeam","Buffer"],"picked":"All For One","floor":16.0},{"not_picked":["Leap+1","Sunder+1"],"picked":"Streamline+1","floor":18.0},{"not_picked":["Chaos+1","Sweeping Beam"],"picked":"Beam Cell","floor":20.0},{"not_picked":["Conserve Battery+1","Coolheaded+1"],"picked":"Undo+1","floor":22.0},{"not_picked":["Redo+1","Steam Power+1"],"picked":"Consume+1","floor":24},{"not_picked":["Redo+1","Ball Lightning"],"picked":"Stack+1","floor":25},{"not_picked":["Compile Driver","Rip and Tear"],"picked":"Gash","floor":27},{"not_picked":["Melter","Gash"],"picked":"Steam+1","floor":29},{"not_picked":["Reinforced Body+1","Tempest+1","FTL+1"],"picked":"SKIP","floor":30},{"not_picked":["Rip and Tear","Seek+1"],"picked":"Defragment","floor":31},{"not_picked":["Biased Cognition","Meteor Strike"],"picked":"Core Surge","floor":33},{"not_picked":["Stack+1","Skim+1","Gash"],"picked":"SKIP","floor":35},{"not_picked":["Stack+1","Gash"],"picked":"Skim+1","floor":35},{"not_picked":["Stack+1","Aggregate+1"],"picked":"Turbo+1","floor":36},{"not_picked":["Chill+1","Ball Lightning"],"picked":"Steam+1","floor":38},{"not_picked":["Chaos+1","Sweeping Beam+1"],"picked":"Chill+1","floor":41},{"not_picked":["Meteor Strike","Redo+1"],"picked":"Conserve Battery+1","floor":44},{"not_picked":["Chill+1","Reinforced Body+1"],"picked":"Steam+1","floor":46},{"not_picked":["Lockon","Core Surge"],"picked":"Steam+1","floor":47}],"player_experience":993855,"relics_obtained":[{"floor":7.0,"key":"Regal Pillow"},{"floor":9.0,"key":"Bronze Scales"},{"floor":13.0,"key":"Blood Vial"},{"floor":24,"key":"Darkstone Periapt"},{"floor":26,"key":"Incense Burner"},{"floor":27,"key":"Centennial Puzzle"},{"floor":29,"key":"Gambling Chip"},{"floor":31,"key":"Mercury Hourglass"},{"floor":41,"key":"Shovel"},{"floor":47,"key":"Juzu Bracelet"}],"event_choices":[{"damage_healed":0.0,"max_hp_gain":0.0,"max_hp_loss":0.0,"gold_gain":75.0,"event_name":"World of Goop","player_choice":"Gather Gold","floor":4.0,"gold_loss":0.0,"damage_taken":11.0},{"damage_healed":0.0,"max_hp_gain":0.0,"max_hp_loss":0.0,"gold_gain":0.0,"event_name":"WeMeetAgain","player_choice":"Gave Potion","floor":5.0,"gold_loss":0.0,"damage_taken":0.0,"relics_obtained":["Toxic Egg 2"]},{"damage_healed":0.0,"max_hp_gain":0.0,"max_hp_loss":0.0,"gold_gain":0.0,"event_name":"Golden Idol","player_choice":"Take Damage","floor":11.0,"gold_loss":0.0,"damage_taken":18.0,"relics_obtained":["Golden Idol"]},{"damage_healed":0.0,"max_hp_gain":0.0,"max_hp_loss":0.0,"gold_gain":275.0,"event_name":"Golden Shrine","player_choice":"Desecrate","floor":19.0,"gold_loss":0.0,"damage_taken":0.0,"cards_obtained":["Regret"]},{"damage_healed":0,"gold_gain":0,"player_choice":"Cursed","damage_taken":0,"max_hp_gain":0,"max_hp_loss":0,"event_name":"Wheel of Change","floor":37,"gold_loss":0,"cards_obtained":["Decay"]},{"cards_removed":["Defragment"],"damage_healed":0,"gold_gain":0,"player_choice":"Removed Power","damage_taken":0,"max_hp_gain":0,"max_hp_loss":0,"event_name":"Falling","floor":39,"gold_loss":0},{"damage_healed":0,"gold_gain":0,"player_choice":"1 cards matched","damage_taken":0,"max_hp_gain":0,"max_hp_loss":0,"event_name":"Match and Keep!","floor":42,"gold_loss":0,"cards_obtained":["Clumsy"]},{"damage_healed":0,"gold_gain":0,"player_choice":"Fight","damage_taken":0,"max_hp_gain":0,"max_hp_loss":0,"event_name":"Mysterious Sphere","floor":48,"gold_loss":0}],"is_beta":true,"boss_relics":[{"not_picked":["White Beast Statue","Black Star"],"picked":"Inserter"},{"not_picked":["FrozenCore","Nuclear Battery"],"picked":"Cursed Key"}],"items_purged_floors":[21],"is_endless":false,"potions_floor_spawned":[2,3,13,16,18,22,25,29,35,41,44,46,47],"killed_by":"2 Orb Walkers","ascension_level":1}