{"gold_per_floor":[111,61,10,30,30,30,42,42,121,141,141,141,16,55,55,180,180,196,21,29,50,50,50,85,85,115,134,134,134,134],"floor_reached":30,"playtime":2284,"items_purged":[],"score":271,"play_id":"9270ace0-d606-46d8-8199-a13f80755def","local_time":"20180913071903","is_ascension_mode":false,"campfire_choices":[{"data":"Iron Wave","floor":6,"key":"SMITH"},{"data":"Inflame","floor":8,"key":"SMITH"},{"data":"Dual Wield","floor":15,"key":"SMITH"},{"floor":23,"key":"REST"},{"data":"Limit Break","floor":25,"key":"SMITH"}],"neow_cost":"CURSE","seed_source_timestamp":679129441971026,"circlet_count":0,"master_deck":["Strike_R+1","Strike_R","Strike_R","Strike_R","Strike_R","Defend_R","Defend_R","Defend_R","Bash+1","Infernal Blade","Shrug It Off","Iron Wave+1","Inflame+1","Dual Wield+1","Metallicize","Shrug It Off","Limit Break+1","Uppercut","Sword Boomerang","Armaments","Carnage","Shrug It Off","Escape Plan"],"relics":["Burning Blood","Bottled Tornado","Bloody Idol","Dodecahedron","Black Star","Whetstone","Incense Burner","Dead Branch","Tiny Chest"],"potions_floor_usage":[14,16,24,24,24],"damage_taken":[{"damage":21,"enemies":"Jaw Worm","floor":1,"turns":5},{"damage":2,"enemies":"Small Slimes","floor":4,"turns":4},{"damage":0,"enemies":"2 Louse","floor":7,"turns":2},{"damage":18,"enemies":"Red Slaver","floor":10,"turns":4},{"damage":15,"enemies":"Lagavulin","floor":14,"turns":6},{"damage":23,"enemies":"Hexaghost","floor":16,"turns":12},{"damage":25,"enemies":"Chosen","floor":18,"turns":6},{"damage":33,"enemies":"2 Thieves","floor":20,"turns":4},{"damage":49,"enemies":"3 Cultists","floor":21,"turns":7},{"damage":29,"enemies":"Gremlin Leader","floor":24,"turns":5},{"damage":11,"enemies":"Snake Plant","floor":27,"turns":5},{"damage":25,"enemies":"Colosseum Slavers","floor":28,"turns":8},{"damage":29,"enemies":"Cultist and Chosen","floor":30,"turns":4}],"seed_played":"747531331718980168","potions_obtained":[{"floor":1,"key":"FearPotion"},{"floor":4,"key":"Weak Potion"},{"floor":18,"key":"PowerPotion"},{"floor":20,"key":"Weak Potion"}],"is_trial":false,"path_per_floor":["M","?","$","M","?","R","M","R","T","M","?","?","$","E","R","B",null,"M","$","M","M","?","R","E","R","T","M","?","?"],"character_chosen":"IRONCLAD","items_purchased":["Shrug It Off","Metallicize","PowerPotion","Whetstone","Armaments"],"campfire_rested":1,"item_purchase_floors":[3,13,13,19,19],"current_hp_per_floor":[81,81,81,85,85,85,91,91,91,79,55,60,60,51,51,34,101,82,82,55,12,12,42,24,24,29,29,10,10,0],"gold":134,"neow_bonus":"TWENTY_PERCENT_HP_BONUS","is_prod":false,"is_daily":false,"chose_seed":false,"campfire_upgraded":4,"win_rate":0,"timestamp":1536812343,"path_taken":["M","?","$","?","?","R","M","R","T","?","?","?","$","E","R","BOSS","M","$","M","M","?","R","E","R","T","?","?","?","M"],"build_version":"2018-09-10","purchased_purges":0,"victory":false,"max_hp_per_floor":[96,96,96,96,96,96,96,96,96,96,96,101,101,101,101,101,101,101,101,101,101,101,101,101,101,101,101,101,101,101],"card_choices":[{"not_picked":["Power Through","True Grit"],"picked":"Infernal Blade","floor":1},{"not_picked":["Body Slam","Dual Wield"],"picked":"Iron Wave","floor":4},{"not_picked":["Entrench","Thunderclap"],"picked":"Inflame","floor":7},{"not_picked":["Warcry","Blood for Blood"],"picked":"Dual Wield","floor":10},{"not_picked":["Body Slam","Headbutt"],"picked":"Shrug It Off","floor":14},{"not_picked":["Fiend Fire","Reaper"],"picked":"Limit Break","floor":16},{"not_picked":["Corruption","Entrench"],"picked":"Uppercut","floor":18},{"not_picked":["Dropkick","Warcry"],"picked":"Sword Boomerang","floor":20},{"not_picked":["Second Wind","Sentinel+1"],"picked":"Armaments","floor":21},{"not_picked":["Armaments","Clash+1"],"picked":"Carnage","floor":24},{"not_picked":["Evolve","Feel No Pain"],"picked":"Shrug It Off","floor":27}],"player_experience":688252,"relics_obtained":[{"floor":9,"key":"Bottled Tornado"},{"floor":14,"key":"Dodecahedron"},{"floor":24,"key":"Incense Burner"},{"floor":24,"key":"Dead Branch"},{"floor":26,"key":"Tiny Chest"}],"event_choices":[{"event_name":"The Cleric","player_choice":"Card Removal","floor":2,"damage_taken":0},{"event_name":"Living Wall","player_choice":"Forget","floor":5,"damage_taken":0},{"event_name":"Golden Idol","player_choice":"Take Damage","floor":11,"damage_taken":0},{"event_name":"Big Fish","player_choice":"Donut","floor":12,"damage_taken":0},{"event_name":"Forgotten Altar","player_choice":"Gave Idol","floor":22,"damage_taken":0},{"event_name":"Colosseum","player_choice":"Fight","floor":28,"damage_taken":0},{"event_name":"Colosseum","player_choice":"Fled From Nobs","floor":28,"damage_taken":0},{"event_name":"NoteForYourself","player_choice":"Took Card","floor":29,"damage_taken":0}],"is_beta":true,"boss_relics":[{"not_picked":["Runic Dome","Eternal Feather"],"picked":"Black Star"}],"items_purged_floors":[],"is_endless":false,"potions_floor_spawned":[1,4,18,20,21],"killed_by":"Cultist and Chosen","ascension_level":0}