{"gold_per_floor":[116,129,139,159,172,207,222,240,240,240,257,257,275,295,295,398,398,408,408,426,441,641,641,669,0,23,23,23,36,63,79,79,178,178,195,62,73,91,102,102,115,115,142,152,152,172,172],"floor_reached":47,"playtime":4894,"items_purged":["Strike_P+1"],"score":554,"play_id":"64210f90-1acb-4637-b28c-56c93191abd9","local_time":"20190913144639","is_ascension_mode":false,"campfire_choices":[{"floor":10,"key":"REST"},{"data":"TalkToTheHand","floor":12,"key":"SMITH"},{"data":"Protect","floor":15,"key":"SMITH"},{"data":"FlyingSleeves","floor":23,"key":"SMITH"},{"floor":28,"key":"REST"},{"floor":32,"key":"REST"},{"floor":40,"key":"REST"},{"data":"Devotion","floor":42,"key":"SMITH"}],"neow_cost":"TEN_PERCENT_HP_LOSS","seed_source_timestamp":126687021307800,"circlet_count":0,"master_deck":["Strike_P+1","Defend_P+1","Defend_P+1","Defend_P+1","Defend_P+1","Eruption+1","Vigilance+1","LessonLearned+1","EmptyFist+1","FlyingSleeves+1","Consecrate+1","ForeignInfluence+1","ThirdEye+1","TalkToTheHand+1","ThirdEye","Protect+1","SandsOfTime","BowlingBash+1","ReachHeaven+1","Prostrate+1","FearNoEvil+1","FlyingSleeves+1","Prostrate+1","Ragnarok+1","Devotion+1","JustLucky+1","SignatureMove","FollowUp+1","Swivel+1","PathToVictory+1","Parasite","JustLucky+1","WindmillStrike+1","DeceiveReality","Vault"],"relics":["PureWater","Bottled Lightning","HornCleat","Empty Cage","Ice Cream","Mummified Hand","Chemical X","Art of War","Ancient Tea Set","Mango","Sozu","Dodecahedron","Vajra"],"potions_floor_usage":[6,16,21,24,30,33,33,38],"damage_taken":[{"damage":0,"enemies":"Cultist","floor":1,"turns":4},{"damage":19,"enemies":"Jaw Worm","floor":2,"turns":4},{"damage":1,"enemies":"2 Louse","floor":3,"turns":5},{"damage":8,"enemies":"Lots of Slimes","floor":4,"turns":5},{"damage":5,"enemies":"Large Slime","floor":5,"turns":4},{"damage":11,"enemies":"3 Sentries","floor":6,"turns":8},{"damage":0,"enemies":"Gremlin Gang","floor":7,"turns":4},{"damage":9,"enemies":"Exordium Thugs","floor":8,"turns":4},{"damage":0,"enemies":"Large Slime","floor":11,"turns":3},{"damage":0,"enemies":"Lots of Slimes","floor":13,"turns":3},{"damage":0,"enemies":"Red Slaver","floor":14,"turns":1},{"damage":4,"enemies":"Hexaghost","floor":16,"turns":9},{"damage":0,"enemies":"Chosen","floor":18,"turns":6},{"damage":0,"enemies":"Shell Parasite","floor":20,"turns":6},{"damage":0,"enemies":"Centurion and Healer","floor":21,"turns":8},{"damage":37,"enemies":"Slavers","floor":24,"turns":7},{"damage":3,"enemies":"Chosen and Byrds","floor":29,"turns":6},{"damage":35,"enemies":"Book of Stabbing","floor":30,"turns":9},{"damage":0,"enemies":"Shelled Parasite and Fungi","floor":31,"turns":7},{"damage":0,"enemies":"Automaton","floor":33,"turns":6},{"damage":6,"enemies":"Orb Walker","floor":35,"turns":4},{"damage":0,"enemies":"3 Darklings","floor":37,"turns":7},{"damage":24,"enemies":"4 Shapes","floor":38,"turns":6},{"damage":18,"enemies":"Writhing Mass","floor":39,"turns":10},{"damage":0,"enemies":"Jaw Worm Horde","floor":41,"turns":3},{"damage":8,"enemies":"4 Shapes","floor":44,"turns":5},{"damage":8,"enemies":"Spire Growth","floor":46,"turns":5},{"damage":33,"enemies":"Giant Head","floor":47,"turns":8}],"seed_played":"-1040094707043557003","potions_obtained":[{"floor":1,"key":"SteroidPotion"},{"floor":6,"key":"SpeedPotion"},{"floor":7,"key":"Strength Potion"},{"floor":11,"key":"SkillPotion"},{"floor":18,"key":"AttackPotion"},{"floor":21,"key":"SkillPotion"},{"floor":24,"key":"AttackPotion"},{"floor":33,"key":"Block Potion"}],"is_trial":false,"path_per_floor":["M","M","M","M","M","E","M","M","T","R","M","R","M","M","R","B",null,"M","?","M","M","?","R","E","$","T","$","R","M","E","M","R","B",null,"M","?","M","M","M","R","M","R","T","M","?","M","E"],"character_chosen":"WATCHER","items_purchased":["Mummified Hand","Chemical X","Art of War","Prostrate"],"campfire_rested":4,"item_purchase_floors":[25,25,25,25],"current_hp_per_floor":[59,40,39,31,26,15,15,6,6,23,23,23,23,23,23,19,59,59,59,59,59,59,59,22,22,22,22,39,36,15,15,36,36,73,67,67,67,43,25,46,46,46,46,38,38,30,0],"gold":172,"neow_bonus":"THREE_RARE_CARDS","is_prod":false,"is_daily":false,"chose_seed":false,"campfire_upgraded":4,"win_rate":0.0,"timestamp":1568375199,"path_taken":["M","M","M","M","M","E","M","M","T","R","M","R","M","M","R","BOSS","M","?","?","M","?","R","E","$","T","?","R","M","E","M","R","BOSS","M","?","?","M","M","R","M","R","T","M","?","M","E"],"build_version":"2019-09-12","purchased_purges":1,"victory":false,"max_hp_per_floor":[59,59,59,59,59,59,59,59,59,59,59,59,59,59,59,59,59,59,59,59,59,59,59,59,59,59,59,59,59,73,73,73,73,73,73,73,73,73,73,73,73,73,73,73,73,73,73],"card_choices":[{"not_picked":["BattleHymn","DevaForm"],"picked":"LessonLearned","floor":0},{"not_picked":["CleanseEvil","Conclude"],"picked":"EmptyFist","floor":1},{"not_picked":["EmptyMind","Weave"],"picked":"FlyingSleeves","floor":2},{"not_picked":["Sanctity","FollowUp"],"picked":"Consecrate","floor":3},{"not_picked":["CarveReality","Tantrum"],"picked":"ForeignInfluence","floor":4},{"not_picked":["Metaphysics","Weave"],"picked":"ThirdEye","floor":5},{"not_picked":["CleanseEvil","Tantrum","CarveReality"],"picked":"SKIP","floor":6},{"not_picked":["Halt","FlyingSleeves"],"picked":"TalkToTheHand","floor":7},{"not_picked":["Worship","Halt"],"picked":"ThirdEye","floor":8},{"not_picked":["Weave","Pray"],"picked":"Protect","floor":11},{"not_picked":["Adaptation","Halt"],"picked":"SandsOfTime","floor":13},{"not_picked":["Adaptation","FlyingSleeves"],"picked":"BowlingBash","floor":14},{"not_picked":["Wallop","Metaphysics"],"picked":"ReachHeaven","floor":16},{"not_picked":["Vengeance","EmptyFist+1"],"picked":"Prostrate","floor":18},{"not_picked":["Consecrate+1","CrushJoints","SpiritShield"],"picked":"SKIP","floor":20},{"not_picked":["BowlingBash","EmptyBody"],"picked":"FlyingSleeves+1","floor":21},{"not_picked":["BowlingBash","ForeignInfluence"],"picked":"FlurryOfBlows","floor":24},{"not_picked":["Halt","Protect"],"picked":"Ragnarok","floor":29},{"not_picked":["Crescendo","SpiritShield"],"picked":"Devotion","floor":30},{"not_picked":["EmptyMind+1","WindmillStrike"],"picked":"JustLucky+1","floor":31},{"not_picked":["DeusExMachina","Brilliance"],"picked":"SignatureMove","floor":33},{"not_picked":["Tantrum","Sanctity"],"picked":"FollowUp+1","floor":35},{"not_picked":["FollowUp","BowlingBash+1"],"picked":"Swivel","floor":37},{"not_picked":["CutThroughFate+1","Sanctity"],"picked":"PathToVictory","floor":38},{"not_picked":["ClearTheMind","FlurryOfBlows+1"],"picked":"JustLucky+1","floor":39},{"not_picked":["BowlingBash","Swivel+1"],"picked":"WindmillStrike+1","floor":41},{"not_picked":["FollowUp+1","Swivel+1"],"picked":"DeceiveReality","floor":44},{"not_picked":["Consecrate","WaveOfTheHand"],"picked":"Vault","floor":46}],"player_experience":271551,"relics_obtained":[{"floor":6,"key":"Bottled Lightning"},{"floor":9,"key":"HornCleat"},{"floor":24,"key":"Ice Cream"},{"floor":26,"key":"Ancient Tea Set"},{"floor":30,"key":"Mango"},{"floor":43,"key":"Vajra"}],"event_choices":[{"damage_healed":0,"gold_gain":0,"player_choice":"1 cards matched","damage_taken":0,"max_hp_gain":0,"max_hp_loss":0,"event_name":"Match and Keep!","floor":19,"gold_loss":0,"cards_obtained":["FearNoEvil"]},{"damage_healed":0,"gold_gain":200,"player_choice":"Gold","damage_taken":0,"max_hp_gain":0,"max_hp_loss":0,"event_name":"Wheel of Change","floor":22,"gold_loss":0},{"damage_healed":0,"gold_gain":0,"player_choice":"Paid Gold","damage_taken":0,"relics_obtained":["Dodecahedron"],"max_hp_gain":0,"max_hp_loss":0,"event_name":"WeMeetAgain","floor":36,"gold_loss":133},{"cards_removed":["FlurryOfBlows"],"damage_healed":0,"gold_gain":0,"player_choice":"Removed Attack","damage_taken":0,"max_hp_gain":0,"max_hp_loss":0,"event_name":"Falling","floor":45,"gold_loss":0}],"is_beta":true,"boss_relics":[{"not_picked":["Velvet Choker","Tiny House"],"picked":"Empty Cage"},{"not_picked":["HolyWater","Astrolabe"],"picked":"Sozu"}],"items_purged_floors":[25],"is_endless":false,"potions_floor_spawned":[1,6,7,11,14,18,21,24,33,37,44,46],"killed_by":"Giant Head","ascension_level":0}