{"gold_per_floor":[116,116,116,116,134,168,168,182,209,236,236,261,261,280,280,377,377,395,395,43,63,63,93,93,108,108,121,149,149,184,194,194,298,298,316,335,335,335,355,380,380,407,407,421,455,48,68,84,84,84],"floor_reached":51,"playtime":3008,"items_purged":[],"score":1010,"play_id":"0629d4cf-4590-43e0-9d1a-8ccc8307242f","local_time":"20190901200735","is_ascension_mode":true,"campfire_choices":[{"data":"Deadly Poison","floor":7.0,"key":"SMITH"},{"data":"Deadly Poison","floor":11.0,"key":"SMITH"},{"data":"Dash","floor":13.0,"key":"SMITH"},{"data":"Glass Knife","floor":15.0,"key":"SMITH"},{"data":"Adrenaline","floor":24.0,"key":"SMITH"},{"data":"Adrenaline","floor":32.0,"key":"SMITH"},{"data":"Dodge and Roll","floor":49,"key":"SMITH"}],"neow_cost":"NONE","seed_source_timestamp":0,"circlet_count":0,"master_deck":["Defend_G+1","Defend_G+1","Defend_G+1","Defend_G+1","Defend_G+1","Survivor","Neutralize","Deadly Poison+1","Sucker Punch","All Out Attack","Deadly Poison+1","Dash+1","Glass Knife+1","Adrenaline+1","Dagger Spray","Adrenaline+1","Well Laid Plans","Deadly Poison","Backflip","Catalyst+1","Bite","Bite","Bite","Bite","Bite","Blur","Dodge and Roll+1","Cloak And Dagger","PiercingWail","Well Laid Plans","After Image","Escape Plan+1","Outmaneuver+1","Corpse Explosion","Distraction+1","Malaise","Apotheosis","Heel Hook"],"special_seed":0,"relics":["Ring of the Snake","NeowsBlessing","Gambling Chip","Omamori","Boot","Happy Flower","Potion Belt","Blue Candle","Eternal Feather","TwistedFunnel","Letter Opener","Singing Bowl","Vajra","Ice Cream","Runic Dome","GremlinMask","Orichalcum","Pantograph","Darkstone Periapt","Sundial"],"potions_floor_usage":[45,47,50,50,50],"damage_taken":[{"damage":0.0,"enemies":"Cultist","floor":1.0,"turns":1.0},{"damage":0.0,"enemies":"Small Slimes","floor":5.0,"turns":1.0},{"damage":0.0,"enemies":"Gremlin Nob","floor":6.0,"turns":1.0},{"damage":0.0,"enemies":"2 Louse","floor":8.0,"turns":2.0},{"damage":5.0,"enemies":"Lagavulin","floor":10.0,"turns":9.0},{"damage":2.0,"enemies":"Gremlin Nob","floor":12.0,"turns":3.0},{"damage":0.0,"enemies":"Large Slime","floor":14.0,"turns":3.0},{"damage":0.0,"enemies":"Slime Boss","floor":16.0,"turns":8.0},{"damage":0.0,"enemies":"2 Thieves","floor":18.0,"turns":4.0},{"damage":0.0,"enemies":"3 Byrds","floor":21.0,"turns":3.0},{"damage":35.0,"enemies":"Slavers","floor":23.0,"turns":4.0},{"damage":0.0,"enemies":"Snecko","floor":25.0,"turns":3.0},{"damage":0.0,"enemies":"Chosen and Byrds","floor":27.0,"turns":3.0},{"damage":0.0,"enemies":"Gremlin Leader","floor":28.0,"turns":4.0},{"damage":5.0,"enemies":"Slavers","floor":30.0,"turns":4.0},{"damage":1.0,"enemies":"3 Cultists","floor":31.0,"turns":4.0},{"damage":17.0,"enemies":"Automaton","floor":33.0,"turns":10.0},{"damage":4,"enemies":"3 Shapes","floor":35,"turns":4},{"damage":0,"enemies":"3 Darklings","floor":36,"turns":3},{"damage":8,"enemies":"Jaw Worm Horde","floor":39,"turns":4},{"damage":12,"enemies":"Nemesis","floor":40,"turns":7},{"damage":19,"enemies":"Reptomancer","floor":42,"turns":4},{"damage":0,"enemies":"4 Shapes","floor":44,"turns":6},{"damage":7,"enemies":"Giant Head","floor":45,"turns":7},{"damage":29,"enemies":"Writhing Mass","floor":47,"turns":7},{"damage":4,"enemies":"3 Darklings","floor":48,"turns":5},{"damage":34,"enemies":"Awakened One","floor":50,"turns":19}],"seed_played":"-1318794562840195007","potions_obtained":[{"floor":8.0,"key":"EssenceOfSteel"},{"floor":10.0,"key":"Poison Potion"},{"floor":12.0,"key":"Ancient Potion"},{"floor":18.0,"key":"GamblersBrew"},{"floor":31.0,"key":"Fire Potion"},{"floor":33.0,"key":"Dexterity Potion"},{"floor":35,"key":"Strength Potion"},{"floor":39,"key":"SkillPotion"},{"floor":42,"key":"SkillPotion"},{"floor":47,"key":"Fruit Juice"}],"is_trial":false,"path_per_floor":["M","T","?","?","M","E","R","M","T","E","R","E","R","M","R","B",null,"M","?","$","M","?","E","R","M","T","M","E","?","E","M","R","B",null,"M","M","?","?","M","E","?","E","T","M","E","$","M","M","R","B",null],"character_chosen":"THE_SILENT","items_purchased":["Well Laid Plans","Deadly Poison","TwistedFunnel","Backflip","Malaise","Apotheosis","Heel Hook"],"campfire_rested":0,"item_purchase_floors":[20,20,20,20,46,46,46],"current_hp_per_floor":[70,70,63,56,56,56,56,56,56,51,51,49,49,49,49,49,70,70,70,70,70,49,22,37,41,41,45,49,49,48,51,51,44,51,53,55,55,55,53,53,53,40,40,46,51,51,43,48,66,66],"gold":84,"neow_bonus":"THREE_ENEMY_KILL","is_prod":false,"is_daily":false,"chose_seed":false,"campfire_upgraded":7,"win_rate":0,"timestamp":1567357655,"path_taken":["M","?","?","?","M","E","R","M","T","E","R","E","R","M","R","BOSS","M","?","$","?","?","E","R","M","T","M","E","?","E","M","R","BOSS","M","M","?","?","?","E","?","E","T","M","E","$","M","M","R","BOSS"],"build_version":"2019-07-17","purchased_purges":0,"victory":true,"max_hp_per_floor":[70,70,70,70,70,70,70,70,70,70,70,70,70,70,70,70,70,70,70,70,70,49,49,49,49,49,49,51,51,51,51,51,51,51,53,55,55,55,55,57,57,57,57,57,57,57,64,66,66,66],"card_choices":[{"not_picked":["Deflect","Underhanded Strike"],"picked":"Deadly Poison","floor":1.0},{"not_picked":["Quick Slash","Dodge and Roll"],"picked":"PiercingWail","floor":5.0},{"not_picked":["Concentrate","Skewer"],"picked":"Sucker Punch","floor":6.0},{"not_picked":["Bane","Accuracy"],"picked":"All Out Attack","floor":8.0},{"not_picked":["Backstab","Acrobatics"],"picked":"Deadly Poison","floor":10.0},{"not_picked":["Dagger Throw","Cloak And Dagger"],"picked":"Dash","floor":12.0},{"not_picked":["Deflect","Setup"],"picked":"Glass Knife","floor":14.0},{"not_picked":["After Image","Die Die Die"],"picked":"Adrenaline","floor":16.0},{"not_picked":["Acrobatics","Underhanded Strike"],"picked":"Dagger Spray","floor":18.0},{"not_picked":["Underhanded Strike+1","Blade Dance"],"picked":"Catalyst+1","floor":21.0},{"not_picked":["Quick Slash","Phantasmal Killer"],"picked":"Blur","floor":23.0},{"not_picked":["Underhanded Strike","Outmaneuver"],"picked":"Dodge and Roll","floor":25.0},{"not_picked":["Bane","Sucker Punch"],"picked":"Cloak And Dagger","floor":27.0},{"not_picked":["Quick Slash","Setup+1","Endless Agony"],"picked":"Singing Bowl","floor":28.0},{"not_picked":["Underhanded Strike+1","Quick Slash"],"picked":"PiercingWail","floor":30.0},{"not_picked":["Dodge and Roll","Acrobatics"],"picked":"Well Laid Plans","floor":31.0},{"not_picked":["Venomology","Storm of Steel"],"picked":"After Image","floor":33.0},{"not_picked":["Dagger Spray+1","Dodge and Roll","Flying Knee"],"picked":"Singing Bowl","floor":35},{"not_picked":["Blade Dance+1","Dagger Throw","Reflex"],"picked":"Singing Bowl","floor":36},{"not_picked":["Dagger Throw","Deadly Poison"],"picked":"Escape Plan+1","floor":39},{"not_picked":["Dodge and Roll","Dagger Throw+1","Distraction"],"picked":"Singing Bowl","floor":40},{"not_picked":["Skewer+1","Cloak And Dagger+1"],"picked":"Outmaneuver+1","floor":42},{"not_picked":["Underhanded Strike","Acrobatics"],"picked":"Corpse Explosion","floor":44},{"not_picked":["Deflect+1","Sucker Punch+1"],"picked":"Distraction+1","floor":45},{"not_picked":["Reflex","Slice+1","Flying Knee+1"],"picked":"Singing Bowl","floor":47},{"not_picked":["Dagger Spray+1","Bane","Slice+1"],"picked":"Singing Bowl","floor":48}],"player_experience":235031,"relics_obtained":[{"floor":2.0,"key":"Gambling Chip"},{"floor":6.0,"key":"Boot"},{"floor":9.0,"key":"Happy Flower"},{"floor":10.0,"key":"Potion Belt"},{"floor":12.0,"key":"Blue Candle"},{"floor":23.0,"key":"Letter Opener"},{"floor":26.0,"key":"Singing Bowl"},{"floor":28.0,"key":"Vajra"},{"floor":30.0,"key":"Ice Cream"},{"floor":40,"key":"Orichalcum"},{"floor":42,"key":"Pantograph"},{"floor":43,"key":"Darkstone Periapt"},{"floor":45,"key":"Sundial"}],"event_choices":[{"damage_healed":0.0,"max_hp_gain":0.0,"max_hp_loss":0.0,"gold_gain":0.0,"event_name":"Scrap Ooze","player_choice":"Success","floor":3.0,"gold_loss":0.0,"damage_taken":7.0,"relics_obtained":["Omamori"]},{"cards_removed":["Strike_G"],"damage_healed":0.0,"max_hp_gain":0.0,"max_hp_loss":0.0,"gold_gain":0.0,"event_name":"Golden Wing","player_choice":"Card Removal","floor":4.0,"gold_loss":0.0,"damage_taken":7.0},{"damage_healed":0.0,"max_hp_gain":0.0,"max_hp_loss":0.0,"gold_gain":0.0,"event_name":"Duplicator","player_choice":"Copied","floor":19.0,"gold_loss":0.0,"damage_taken":0.0,"cards_obtained":["Adrenaline"]},{"damage_healed":0.0,"max_hp_gain":0.0,"max_hp_loss":21.0,"gold_gain":0.0,"event_name":"Vampires","player_choice":"Became a vampire","floor":22.0,"gold_loss":0.0,"damage_taken":0.0,"cards_obtained":["Bite","Bite","Bite","Bite","Bite"]},{"damage_healed":0.0,"max_hp_gain":0.0,"max_hp_loss":0.0,"gold_gain":0.0,"event_name":"Back to Basics","player_choice":"Simplicity","floor":29.0,"gold_loss":0.0,"damage_taken":0.0,"cards_upgraded":["Defend_G","Defend_G","Defend_G","Defend_G","Defend_G"]},{"cards_removed":["PiercingWail"],"damage_healed":0,"gold_gain":0,"player_choice":"Removed Skill","damage_taken":0,"max_hp_gain":0,"max_hp_loss":0,"event_name":"Falling","floor":37,"gold_loss":0},{"damage_healed":0,"gold_gain":0,"player_choice":"Trade","damage_taken":0,"relics_obtained":["GremlinMask"],"max_hp_gain":0,"max_hp_loss":0,"event_name":"FaceTrader","floor":38,"gold_loss":0},{"damage_healed":0,"gold_gain":0,"player_choice":"Ignored","damage_taken":0,"max_hp_gain":0,"max_hp_loss":0,"event_name":"Tomb of Lord Red Mask","floor":41,"gold_loss":0}],"is_beta":false,"boss_relics":[{"not_picked":["Runic Pyramid","Ectoplasm"],"picked":"Eternal Feather"},{"not_picked":["Snecko Eye","Velvet Choker"],"picked":"Runic Dome"}],"items_purged_floors":[],"is_endless":false,"potions_floor_spawned":[8,10,12,18,31,33,35,39,42,44,47],"ascension_level":1}