{"gold_per_floor":[116,127,141,156,156,166,166,195,195,208,237,237,237,251,251,251],"floor_reached":16,"playtime":503,"items_purged":[],"score":145,"play_id":"fd38024c-7ad4-4308-8c26-9792215043b6","local_time":"20181216070245","is_ascension_mode":true,"campfire_choices":[{"data":"Armaments","floor":7,"key":"SMITH"},{"data":"Barricade","floor":12,"key":"SMITH"},{"data":"Carnage","floor":15,"key":"SMITH"}],"neow_cost":"NONE","seed_source_timestamp":205348149182640,"circlet_count":0,"master_deck":["Strike_R","Strike_R","Strike_R","Strike_R","Strike_R","Defend_R","Defend_R","Defend_R","Defend_R","Bash","Infernal Blade","Armaments+1","Shockwave","Carnage+1","Pain","Twin Strike","Barricade+1","Bash","Uppercut"],"relics":["Burning Blood","WarpedTongs","Bag of Preparation","Strawberry"],"potions_floor_usage":[6,11,16],"damage_taken":[{"damage":0,"enemies":"Cultist","floor":1,"turns":4},{"damage":2,"enemies":"2 Louse","floor":2,"turns":3},{"damage":0,"enemies":"Small Slimes","floor":3,"turns":3},{"damage":0,"enemies":"Red Slaver","floor":4,"turns":6},{"damage":9,"enemies":"Large Slime","floor":6,"turns":4},{"damage":37,"enemies":"Lagavulin","floor":8,"turns":7},{"damage":9,"enemies":"Looter","floor":10,"turns":3},{"damage":28,"enemies":"Gremlin Nob","floor":11,"turns":4},{"damage":12,"enemies":"Exordium Wildlife","floor":14,"turns":4},{"damage":31,"enemies":"The Guardian","floor":16,"turns":4}],"seed_played":"-1466265554978752172","potions_obtained":[{"floor":1,"key":"LiquidBronze"},{"floor":2,"key":"GamblersBrew"},{"floor":4,"key":"FearPotion"},{"floor":10,"key":"GamblersBrew"}],"is_trial":false,"path_per_floor":["M","M","M","M","?","M","R","E","T","M","E","R","?","M","R","B"],"character_chosen":"IRONCLAD","items_purchased":[],"campfire_rested":0,"item_purchase_floors":[],"current_hp_per_floor":[88,88,88,88,88,85,85,54,54,51,36,36,36,30,30,0],"gold":251,"neow_bonus":"TEN_PERCENT_HP_BONUS","is_prod":false,"is_daily":false,"chose_seed":false,"campfire_upgraded":3,"win_rate":0,"timestamp":1544932965,"path_taken":["M","M","M","M","?","M","R","E","T","?","E","R","?","M","R","BOSS"],"build_version":"2018-12-13","purchased_purges":0,"victory":false,"max_hp_per_floor":[88,88,88,88,88,88,88,88,88,88,95,95,95,95,95,95],"card_choices":[{"not_picked":["Flex","Wild Strike"],"picked":"Infernal Blade","floor":1},{"not_picked":["Power Through","Sentinel"],"picked":"Armaments","floor":2},{"not_picked":["Thunderclap","Pommel Strike"],"picked":"Shockwave","floor":3},{"not_picked":["Shrug It Off","Headbutt"],"picked":"Carnage","floor":4},{"not_picked":["Flex","Heavy Blade"],"picked":"Twin Strike","floor":6},{"not_picked":["Dual Wield","Thunderclap"],"picked":"Barricade","floor":8},{"not_picked":["Thunderclap","Heavy Blade","Flex"],"picked":"SKIP","floor":10},{"not_picked":["Flex","Fire Breathing","Heavy Blade"],"picked":"SKIP","floor":11},{"not_picked":["Twin Strike","Clothesline"],"picked":"Uppercut","floor":14}],"player_experience":978973,"relics_obtained":[{"floor":8,"key":"Bag of Preparation"},{"floor":11,"key":"Strawberry"}],"event_choices":[{"damage_healed":0,"gold_gain":0,"player_choice":"Rummage","damage_taken":0,"relics_obtained":["WarpedTongs"],"max_hp_gain":0,"max_hp_loss":0,"event_name":"Accursed Blacksmith","floor":5,"gold_loss":0,"cards_obtained":["Pain"]},{"damage_healed":0,"gold_gain":0,"player_choice":"1 cards matched","damage_taken":0,"max_hp_gain":0,"max_hp_loss":0,"event_name":"Match and Keep!","floor":13,"gold_loss":0,"cards_obtained":["Bash"]}],"is_beta":true,"boss_relics":[],"items_purged_floors":[],"is_endless":false,"potions_floor_spawned":[1,2,4,10],"killed_by":"The Guardian","ascension_level":1}