{"gold_per_floor":[118,130,140,159,434,454,483,483,483,515,515,525,525,545,545,649,649,661,674,689,708,668,702,702,727,753,765,795,807,19,49,49,145,145,164,182,198,98,115,115],"floor_reached":40,"playtime":2549,"items_purged":["Regret","Injury"],"score":511,"play_id":"b2bd419b-dffb-47ac-a8f6-16860435471e","local_time":"20190816071508","is_ascension_mode":true,"campfire_choices":[{"data":"Defragment","floor":8,"key":"SMITH"},{"data":"Hologram","floor":13,"key":"SMITH"},{"data":"Static Discharge","floor":15,"key":"SMITH"},{"data":"Zap","floor":24,"key":"SMITH"},{"data":"Self Repair","floor":27,"key":"SMITH"},{"data":"Dualcast","floor":29,"key":"SMITH"},{"data":"Heatsinks","floor":32,"key":"SMITH"}],"neow_cost":"NONE","seed_source_timestamp":570504684886239,"circlet_count":0,"master_deck":["Strike_B","Strike_B+1","Defend_B","Defend_B","Defend_B","Defend_B","Zap+1","Dualcast+1","Defragment+1","Leap+1","Cold Snap","Static Discharge+1","Self Repair+1","Hologram+1","Multi-Cast","Turbo+1","Go for the Eyes","Hologram+1","Creative AI","Blizzard","Defragment+1","Recycle+1","Undo+1","Steam Power+1","Rebound+1","Turbo+1","Redo+1","Finesse+1","Heatsinks+1","Conserve Battery+1","Reboot+1","Fusion+1","Stack+1","White Noise+1"],"relics":["Cracked Core","Ice Cream","Toxic Egg 2","PreservedInsect","Cursed Key","Turnip","Regal Pillow","MawBank","OrangePellets","Pen Nib","Lantern","Bird Faced Urn","Empty Cage"],"potions_floor_usage":[12,23,25,33,35,36,40,40],"damage_taken":[{"damage":2,"enemies":"Small Slimes","floor":1,"turns":3},{"damage":0,"enemies":"Cultist","floor":2,"turns":3},{"damage":0,"enemies":"Jaw Worm","floor":3,"turns":3},{"damage":1,"enemies":"Exordium Wildlife","floor":4,"turns":4},{"damage":12,"enemies":"Looter","floor":6,"turns":3},{"damage":16,"enemies":"3 Sentries","floor":7,"turns":10},{"damage":21,"enemies":"Lagavulin","floor":10,"turns":6},{"damage":20,"enemies":"Exordium Thugs","floor":12,"turns":4},{"damage":2,"enemies":"Red Slaver","floor":14,"turns":3},{"damage":12,"enemies":"Hexaghost","floor":16,"turns":12},{"damage":9,"enemies":"Spheric Guardian","floor":18,"turns":4},{"damage":8,"enemies":"Shell Parasite","floor":19,"turns":6},{"damage":12,"enemies":"Snecko","floor":20,"turns":5},{"damage":13,"enemies":"Shelled Parasite and Fungi","floor":21,"turns":4},{"damage":7,"enemies":"Gremlin Leader","floor":23,"turns":9},{"damage":15,"enemies":"Book of Stabbing","floor":25,"turns":5},{"damage":1,"enemies":"Centurion and Healer","floor":28,"turns":5},{"damage":11,"enemies":"Gremlin Leader","floor":31,"turns":5},{"damage":28,"enemies":"Collector","floor":33,"turns":7},{"damage":18,"enemies":"3 Darklings","floor":35,"turns":3},{"damage":0,"enemies":"Orb Walker","floor":36,"turns":4},{"damage":6,"enemies":"Writhing Mass","floor":37,"turns":3},{"damage":22,"enemies":"3 Darklings","floor":39,"turns":7},{"damage":82,"enemies":"Reptomancer","floor":40,"turns":3}],"seed_played":"2690144596972941232","potions_obtained":[{"floor":2,"key":"Ancient Potion"},{"floor":3,"key":"Ancient Potion"},{"floor":4,"key":"Fire Potion"},{"floor":12,"key":"Dexterity Potion"},{"floor":18,"key":"Strength Potion"},{"floor":20,"key":"GamblersBrew"},{"floor":22,"key":"FocusPotion"},{"floor":22,"key":"Dexterity Potion"},{"floor":25,"key":"Weak Potion"},{"floor":33,"key":"SkillPotion"},{"floor":35,"key":"AttackPotion"},{"floor":39,"key":"Weak Potion"}],"is_trial":false,"path_per_floor":["M","M","M","M","?","M","E","R","T","E","?","M","R","M","R","B",null,"M","M","M","M","?","E","R","E","T","R","M","R","$","E","R","B",null,"M","M","M","$","M","E"],"character_chosen":"DEFECT","items_purchased":["OrangePellets","Pen Nib","Lantern","Turbo+1","Redo+1","Finesse+1","Heatsinks"],"campfire_rested":0,"item_purchase_floors":[30,30,30,30,30,30,30],"current_hp_per_floor":[73,73,73,72,72,67,58,58,58,44,29,16,16,21,21,16,75,73,75,70,64,64,64,64,56,56,56,65,65,65,64,64,68,75,69,75,75,75,75,0],"gold":115,"neow_bonus":"THREE_CARDS","is_prod":false,"is_daily":false,"chose_seed":false,"campfire_upgraded":7,"win_rate":0,"timestamp":1565928908,"path_taken":["M","M","M","M","?","?","E","R","T","E","?","M","R","M","R","BOSS","M","M","M","M","?","E","R","E","T","R","?","R","$","E","R","BOSS","M","M","M","?","M","E"],"build_version":"2019-07-17","purchased_purges":2,"victory":false,"max_hp_per_floor":[75,75,75,75,75,75,75,75,75,75,75,75,75,75,75,75,75,75,75,75,75,75,75,75,75,75,75,75,75,75,75,75,75,75,75,75,75,75,75,75],"card_choices":[{"not_picked":["Sunder","Cold Snap"],"picked":"Defragment","floor":0},{"not_picked":["Compile Driver","Turbo"],"picked":"Leap","floor":1},{"not_picked":["Skim","Go for the Eyes"],"picked":"Cold Snap","floor":2},{"not_picked":["Consume","Sweeping Beam"],"picked":"Static Discharge","floor":3},{"not_picked":["Stack","Turbo"],"picked":"Self Repair","floor":4},{"not_picked":["Storm","Redo"],"picked":"Hologram","floor":6},{"not_picked":["Gash","Self Repair"],"picked":"Multi-Cast","floor":7},{"not_picked":["Hello World","Hyperbeam"],"picked":"Turbo+1","floor":10},{"not_picked":["Gash","Beam Cell"],"picked":"Go for the Eyes","floor":12},{"not_picked":["Stack+1","Compile Driver"],"picked":"Hologram+1","floor":14},{"not_picked":["Hyperbeam","Amplify+1"],"picked":"Creative AI","floor":16},{"not_picked":["Beam Cell+1","Compile Driver"],"picked":"Blizzard","floor":18},{"not_picked":["Streamline","Sweeping Beam"],"picked":"Defragment+1","floor":19},{"not_picked":["Beam Cell","Capacitor"],"picked":"Recycle+1","floor":20},{"not_picked":["Streamline","Heatsinks","Compile Driver"],"picked":"SKIP","floor":21},{"not_picked":["Barrage","Multi-Cast+1"],"picked":"Undo+1","floor":23},{"not_picked":["Coolheaded+1","Stack+1"],"picked":"Steam Power+1","floor":25},{"not_picked":["Consume+1","Turbo+1"],"picked":"Rebound+1","floor":28},{"not_picked":["Steam Power+1","Ball Lightning"],"picked":"Conserve Battery+1","floor":31},{"not_picked":["Buffer","All For One"],"picked":"Reboot+1","floor":33},{"not_picked":["Hello World+1","Barrage"],"picked":"Fusion+1","floor":35},{"not_picked":["Go for the Eyes+1","Reinforced Body+1"],"picked":"Stack+1","floor":36},{"not_picked":["Redo+1","Leap+1"],"picked":"White Noise+1","floor":37},{"not_picked":["Gash","Ball Lightning","Coolheaded+1"],"picked":"SKIP","floor":39}],"player_experience":223511,"relics_obtained":[{"floor":7,"key":"Ice Cream"},{"floor":9,"key":"Toxic Egg 2"},{"floor":10,"key":"PreservedInsect"},{"floor":23,"key":"Turnip"},{"floor":25,"key":"Regal Pillow"},{"floor":26,"key":"MawBank"},{"floor":31,"key":"Bird Faced Urn"}],"event_choices":[{"damage_healed":0,"gold_gain":275,"player_choice":"Desecrate","damage_taken":0,"max_hp_gain":0,"max_hp_loss":0,"event_name":"Golden Shrine","floor":5,"gold_loss":0,"cards_obtained":["Regret"]},{"damage_healed":0,"gold_gain":0,"player_choice":"Entered Light","damage_taken":15,"max_hp_gain":0,"max_hp_loss":0,"event_name":"Shining Light","floor":11,"gold_loss":0,"cards_upgraded":["Leap","Strike_B"]},{"damage_healed":0,"gold_gain":0,"player_choice":"Bought 3 Potions","damage_taken":0,"max_hp_gain":0,"max_hp_loss":0,"event_name":"The Woman in Blue","floor":22,"gold_loss":0}],"is_beta":false,"boss_relics":[{"not_picked":["Velvet Choker","Astrolabe"],"picked":"Cursed Key"},{"not_picked":["Snecko Eye","Calling Bell"],"picked":"Empty Cage"}],"items_purged_floors":[30,38],"is_endless":false,"potions_floor_spawned":[2,3,4,12,18,20,21,25,33,35,39],"killed_by":"Reptomancer","ascension_level":1}