{"gold_per_floor":[111,125,300,315,315,315,377,402,425,375,375,408,408,23,23,120,120,139,139,99,116,135,135,162,178,178,303,303,323,333,333,333,434,434,448,25,37,52,52,52,77,95,95,120,120,120,138,157,157,157],"floor_reached":51,"playtime":5836,"items_purged":["Strike_B","Strike_B"],"score":1124,"play_id":"ad0e22ba-ba95-4b0b-bd46-9690858d9971","local_time":"20190304102223","is_ascension_mode":true,"campfire_choices":[{"data":"strawberrySpire:Adapter","floor":6.0,"key":"SMITH"},{"data":"Panache","floor":11.0,"key":"SMITH"},{"data":"Streamline","floor":13.0,"key":"SMITH"},{"data":"Blizzard","floor":15.0,"key":"SMITH"},{"data":"strawberrySpire:Refactor","floor":23.0,"key":"SMITH"},{"data":"Zap","floor":28.0,"key":"SMITH"},{"data":"Go for the Eyes","floor":32.0,"key":"SMITH"},{"floor":40.0,"key":"REST"},{"data":"strawberrySpire:Flashback","floor":46,"key":"SMITH"},{"data":"Dualcast","floor":49,"key":"SMITH"}],"neow_cost":"","seed_source_timestamp":0,"circlet_count":0,"master_deck":["Defend_B","Defend_B","Zap+1","Dualcast+1","Panache+1","Cold Snap","strawberrySpire:Adapter+1","Beam Cell","Go for the Eyes+1","Dramatic Entrance","Cold Snap+1","Turbo","Doubt","Leap","Conserve Battery+1","Streamline+1","Loop+1","Blizzard+1","strawberrySpire:Refactor+1","Rebound","Conserve Battery","Self Repair+1","Redo+1","Capacitor+1","Buffer+1","Consume+1","strawberrySpire:Flashback","Loop+1","strawberrySpire:Adapter+1","Leap+1","Leap+1","strawberrySpire:Adapter+1","strawberrySpire:Adapter+1","Defend_B+1","Defend_B+1","Defend_B+1","Defend_B+1","Zap+1","Zap+1","Dualcast+1","Dualcast+1","Panache+1","Panache+1","Cold Snap","Cold Snap","strawberrySpire:Adapter+1","strawberrySpire:Adapter+1","Beam Cell","Beam Cell","Go for the Eyes+1","Go for the Eyes+1","Dramatic Entrance","Dramatic Entrance","Cold Snap+1","Cold Snap+1","Turbo+1","Turbo+1","Doubt","Doubt","Leap+1","Leap+1","Conserve Battery+1","Conserve Battery+1","Streamline+1","Streamline+1","Loop+1","Loop+1","Blizzard+1","Blizzard+1","strawberrySpire:Refactor+1","strawberrySpire:Refactor+1","Rebound","Rebound","Conserve Battery+1","Conserve Battery+1","Self Repair+1","Self Repair+1","Redo+1","Redo+1","Conserve Battery+1","Conserve Battery+1","Capacitor+1","Capacitor+1","Buffer+1","Buffer+1","Consume+1","Consume+1","strawberrySpire:Flashback","strawberrySpire:Flashback","Loop+1","Loop+1","strawberrySpire:Adapter+1","strawberrySpire:Adapter+1","Leap+1","Leap+1","Leap+1","Leap+1","strawberrySpire:Adapter+1","strawberrySpire:Adapter+1","strawberrySpire:Adapter+1","strawberrySpire:Adapter+1","Fission+1","White Noise+1","Coolheaded+1","Defragment+1","Cold Snap"],"special_seed":0,"relics":["Cracked Core","Emotion Chip","Frozen Egg 2","Tiny Chest","Odd Mushroom","Smiling Mask","Centennial Puzzle","Pantograph","energizedSpire:RedRose","theJungle:SpiritDisease","Toxic Egg 2","Spirit Poop","strawberrySpire:StillNotAdequateHouse","strawberrySpire:Dictionifier","Bottled Lightning","Darkstone Periapt","Peace Pipe"],"potions_floor_usage":[42,50,50,50],"damage_taken":[{"damage":0.0,"enemies":"Small Slimes","floor":1.0,"turns":2.0},{"damage":0.0,"enemies":"2 Louse","floor":2.0,"turns":2.0},{"damage":0.0,"enemies":"Cultist","floor":4.0,"turns":3.0},{"damage":13.0,"enemies":"3 Sentries","floor":7.0,"turns":10.0},{"damage":10.0,"enemies":"The Mushroom Lair","floor":8.0,"turns":3.0},{"damage":10.0,"enemies":"strawberrySpire:EnergyPylons","floor":12.0,"turns":4.0},{"damage":35.0,"enemies":"The Guardian","floor":16.0,"turns":9.0},{"damage":2.0,"enemies":"theJungle:GiantWrat","floor":18.0,"turns":6.0},{"damage":8.0,"enemies":"theJungle:5_Spyders","floor":21.0,"turns":7.0},{"damage":31.0,"enemies":"theJungle:2_Snecko_Cultists","floor":22.0,"turns":4.0},{"damage":2.0,"enemies":"theJungle:2_Phrogs","floor":24.0,"turns":5.0},{"damage":14.0,"enemies":"Snake Plant","floor":25.0,"turns":5.0},{"damage":15.0,"enemies":"theJungle:Cassacara","floor":27.0,"turns":7.0},{"damage":9.0,"enemies":"theJungle:SlimyTreeVines","floor":29.0,"turns":6.0},{"damage":1.0,"enemies":"theJungle:Snecko_Cultist_And_Trap","floor":30.0,"turns":5.0},{"damage":47.0,"enemies":"theJungle:TotemBoss","floor":33.0,"turns":13.0},{"damage":46.0,"enemies":"3 Shapes","floor":35.0,"turns":4.0},{"damage":15.0,"enemies":"3 Darklings","floor":37.0,"turns":7.0},{"damage":7.0,"enemies":"Jaw Worm Horde","floor":38.0,"turns":6.0},{"damage":14.0,"enemies":"Reptomancer","floor":41.0,"turns":16.0},{"damage":4,"enemies":"4 Shapes","floor":42,"turns":5},{"damage":26,"enemies":"Giant Head","floor":44,"turns":10},{"damage":7,"enemies":"Sphere and 2 Shapes","floor":47,"turns":11},{"damage":7,"enemies":"Jaw Worm Horde","floor":48,"turns":11},{"damage":31,"enemies":"Awakened One","floor":50,"turns":32}],"seed_played":"4792105007052823344","potions_obtained":[{"floor":1.0,"key":"AttackPotion"},{"floor":2.0,"key":"SpeedPotion"},{"floor":4.0,"key":"Poison Potion"},{"floor":12.0,"key":"SpeedPotion"},{"floor":16.0,"key":"SteroidPotion"},{"floor":22.0,"key":"EssenceOfSteel"},{"floor":25.0,"key":"FocusPotion"},{"floor":31.0,"key":"Strength Potion"},{"floor":31.0,"key":"AttackPotion"},{"floor":38.0,"key":"Weak Potion"},{"floor":42,"key":"Swift Potion"},{"floor":44,"key":"LiquidBronze"},{"floor":47,"key":"Ancient Potion"}],"is_trial":false,"path_per_floor":["M","M","?","M","?","R","E","?","T","?","R","E","R","$","R","B",null,"M","?","?","M","M","R","E","M","T","E","R","M","M","?","R","B",null,"M","$","M","M","?","R","E","M","T","E","?","R","M","M","R","B",null],"character_chosen":"DEFECT","items_purchased":["Emotion Chip","Panache","Cold Snap","strawberrySpire:Adapter","Beam Cell","Go for the Eyes","Dramatic Entrance","Frozen Egg 2","Pantograph","Blizzard","strawberrySpire:Flashback","Loop+1","strawberrySpire:Adapter+1","EntropicBrew","Leap+1"],"campfire_rested":1,"item_purchase_floors":[0,0,0,0,0,0,0,0,14,14,36,36,36,36,36],"current_hp_per_floor":[75,75,75,75,80,80,67,57,57,57,57,47,47,47,47,37,80,78,78,78,70,39,39,37,33,33,34,34,41,50,50,50,38,86,40,40,35,38,10,35,51,47,47,41,41,41,54,77,77,75],"gold":157,"neow_bonus":"","is_prod":false,"is_daily":false,"chose_seed":false,"campfire_upgraded":9,"win_rate":0,"timestamp":1551684143,"path_taken":["M","M","?","M","?","R","E","?","T","?","R","E","R","$","R","BOSS","M","?","?","M","M","R","E","?","T","E","R","M","M","?","R","BOSS","M","$","?","M","?","R","E","M","T","E","?","R","M","M","R","BOSS"],"build_version":"2019-02-06","purchased_purges":2,"victory":true,"max_hp_per_floor":[75,75,75,75,80,80,80,80,80,80,80,80,80,80,80,80,80,80,80,80,80,80,80,80,80,80,86,86,86,86,86,86,86,86,86,86,86,86,86,86,86,86,86,86,86,86,86,86,86,86],"card_choices":[{"not_picked":["Go for the Eyes","Barrage"],"picked":"Cold Snap","floor":1.0},{"not_picked":["Coolheaded","FTL"],"picked":"Turbo","floor":2.0},{"not_picked":["Heatsinks+1","strawberrySpire:HateBit"],"picked":"Leap","floor":4.0},{"not_picked":["Self Repair+1","Skim"],"picked":"Conserve Battery","floor":7.0},{"not_picked":["Aggregate","strawberrySpire:Package"],"picked":"Streamline","floor":8.0},{"not_picked":["Machine Learning+1","Melter"],"picked":"Loop+1","floor":12.0},{"not_picked":["Machine Learning+1","Multi-Cast"],"picked":"strawberrySpire:Refactor","floor":16.0},{"not_picked":["strawberrySpire:DataDump","Tempest"],"picked":"Rebound","floor":18.0},{"not_picked":["Gash","Go for the Eyes"],"picked":"Conserve Battery","floor":21.0},{"not_picked":["Ball Lightning","Hello World+1","strawberrySpire:NeonFlight"],"picked":"SKIP","floor":22.0},{"not_picked":["strawberrySpire:Disconnect","Skim"],"picked":"Self Repair+1","floor":24.0},{"not_picked":["Genetic Algorithm+1","Sunder"],"picked":"Redo+1","floor":25.0},{"not_picked":["Force Field+1","Rebound"],"picked":"Conserve Battery+1","floor":27.0},{"not_picked":["Coolheaded+1","Cold Snap"],"picked":"Capacitor+1","floor":29.0},{"not_picked":["Rebound","Compile Driver","strawberrySpire:Disconnect"],"picked":"SKIP","floor":30.0},{"not_picked":["strawberrySpire:Refactor+1","strawberrySpire:Ronchyble+1"],"picked":"Buffer+1","floor":33.0},{"not_picked":["Double Energy+1","Conserve Battery+1"],"picked":"Consume+1","floor":35.0},{"not_picked":["Storm+1","Ball Lightning"],"picked":"Leap+1","floor":37.0},{"not_picked":["strawberrySpire:HateBit+1","Gash","Compile Driver+1"],"picked":"SKIP","floor":38.0},{"not_picked":["strawberrySpire:NeonFlight+1","Recycle+1"],"picked":"Fission+1","floor":41.0},{"not_picked":["Redo+1","Gash+1"],"picked":"White Noise+1","floor":42},{"not_picked":["Barrage+1","Darkness+1"],"picked":"Coolheaded+1","floor":44},{"not_picked":["strawberrySpire:Gammacceleration+1","Beam Cell"],"picked":"Defragment+1","floor":47},{"not_picked":["Go for the Eyes+1","Leap+1"],"picked":"Cold Snap","floor":48}],"player_experience":1176479,"relics_obtained":[{"floor":7.0,"key":"Tiny Chest"},{"floor":8.0,"key":"Odd Mushroom"},{"floor":9.0,"key":"Smiling Mask"},{"floor":12.0,"key":"Centennial Puzzle"},{"floor":24.0,"key":"Toxic Egg 2"},{"floor":26.0,"key":"Spirit Poop"},{"floor":27.0,"key":"strawberrySpire:StillNotAdequateHouse"},{"floor":41.0,"key":"Bottled Lightning"},{"floor":43,"key":"Darkstone Periapt"},{"floor":44,"key":"Peace Pipe"}],"event_choices":[{"damage_healed":0.0,"max_hp_gain":0.0,"max_hp_loss":0.0,"gold_gain":175.0,"event_name":"Liars Game","player_choice":"AGREE","floor":3.0,"gold_loss":0.0,"damage_taken":0.0,"cards_obtained":["Doubt"]},{"damage_healed":0.0,"max_hp_gain":5.0,"max_hp_loss":0.0,"gold_gain":0.0,"event_name":"Big Fish","player_choice":"Donut","floor":5.0,"gold_loss":0.0,"damage_taken":0.0},{"damage_healed":0.0,"max_hp_gain":0.0,"max_hp_loss":0.0,"gold_gain":0.0,"event_name":"Mushrooms","player_choice":"Fought Mushrooms","floor":8.0,"gold_loss":0.0,"damage_taken":0.0},{"cards_removed":["Strike_B"],"damage_healed":0.0,"max_hp_gain":0.0,"max_hp_loss":0.0,"gold_gain":0.0,"event_name":"The Cleric","player_choice":"Card Removal","floor":10.0,"gold_loss":50.0,"damage_taken":0.0},{"damage_healed":0.0,"max_hp_gain":0.0,"max_hp_loss":0.0,"gold_gain":0.0,"event_name":"The Woman in Blue","player_choice":"Bought 3 Potions","floor":20.0,"gold_loss":0.0,"damage_taken":0.0},{"damage_healed":0.0,"max_hp_gain":0.0,"max_hp_loss":0.0,"gold_gain":0.0,"event_name":"Lab","player_choice":"Got Potions","floor":31.0,"gold_loss":0.0,"damage_taken":0.0},{"cards_removed":["Conserve Battery"],"damage_healed":0,"gold_gain":0,"player_choice":"Removed Skill","damage_taken":0,"max_hp_gain":0,"max_hp_loss":0,"event_name":"Falling","floor":45,"gold_loss":0}],"is_beta":true,"boss_relics":[{"not_picked":["Empty Cage","Sozu"],"picked":"energizedSpire:RedRose"},{"not_picked":["Philosopher\u0027s Stone","Black Star"],"picked":"strawberrySpire:Dictionifier"}],"items_purged_floors":[0,14],"is_endless":false,"potions_floor_spawned":[1,2,4,12,16,18,22,25,38,42,44,47],"ascension_level":1}