{"gold_per_floor":[362,35,54,74,91,124,124,134,161,188,188,201,219,219,219,319,319,332,332,257,257,90,118,135,135,135,135,10,10,10,21,21,126,126,139,139,185,208,228,228,228,256,256,55,67,87,87,97,97,112],"floor_reached":51,"playtime":2568,"items_purged":["Regret","Strike_R","Flex"],"score":805,"play_id":"1a370c97-558f-4cbd-9ca6-bf6300a67697","local_time":"20180812235919","is_ascension_mode":false,"campfire_choices":[{"data":"Bash","floor":7,"key":"SMITH"},{"floor":15,"key":"REST"},{"data":"Uppercut","floor":25,"key":"SMITH"},{"data":"Whirlwind","floor":32,"key":"SMITH"},{"data":"Demon Form","floor":40,"key":"SMITH"},{"data":"Enlightenment","floor":47,"key":"SMITH"},{"data":"Flame Barrier","floor":49,"key":"SMITH"}],"neow_cost":"CURSE","seed_source_timestamp":270696159969576,"circlet_count":0,"master_deck":["Strike_R","Strike_R","Strike_R","Defend_R+1","Defend_R","Defend_R","Defend_R","Bash+1","Spot Weakness+1","Iron Wave","Reckless Charge","Sword Boomerang","Cleave","Fiend Fire","Thunderclap","Pummel","Immolate","Pommel Strike","Uppercut+1","Flame Barrier+1","Heavy Blade","Bash","Whirlwind+1","Demon Form+1","Armaments+1","Enlightenment+1","Magnetism","Mayhem","Metallicize+1","Clothesline+1","Uppercut+1","Intimidate"],"relics":["Burning Blood","Toolbox","Blue Candle","War Paint","Juzu Bracelet","Mummified Hand","Snecko Eye","Nilry\u0027s Codex","Red Skull","Gremlin Horn","Sozu","Nunchaku","Pen Nib","Molten Egg 2","Incense Burner","Anchor"],"potions_floor_usage":[6,10,23,33,33,33],"damage_taken":[{"damage":16,"enemies":"Cultist","floor":1,"turns":6},{"damage":0,"enemies":"2 Louse","floor":3,"turns":2},{"damage":1,"enemies":"Jaw Worm","floor":4,"turns":2},{"damage":4,"enemies":"Blue Slaver","floor":5,"turns":4},{"damage":10,"enemies":"3 Sentries","floor":6,"turns":6},{"damage":24,"enemies":"Exordium Thugs","floor":8,"turns":3},{"damage":36,"enemies":"Lagavulin","floor":10,"turns":5},{"damage":0,"enemies":"2 Fungi Beasts","floor":12,"turns":2},{"damage":14,"enemies":"Exordium Wildlife","floor":13,"turns":3},{"damage":48,"enemies":"Slime Boss","floor":16,"turns":10},{"damage":16,"enemies":"3 Byrds","floor":18,"turns":5},{"damage":0,"enemies":"Gremlin Leader","floor":23,"turns":3},{"damage":0,"enemies":"Chosen","floor":24,"turns":4},{"damage":6,"enemies":"Centurion and Healer","floor":31,"turns":2},{"damage":32,"enemies":"Automaton","floor":33,"turns":5},{"damage":0,"enemies":"Orb Walker","floor":35,"turns":2},{"damage":28,"floor":37,"turns":2},{"damage":4,"enemies":"3 Shapes","floor":39,"turns":3},{"damage":0,"enemies":"2 Orb Walkers","floor":42,"turns":2},{"damage":10,"enemies":"3 Darklings","floor":45,"turns":3},{"damage":0,"enemies":"Snecko and Mystics","floor":46,"turns":3},{"damage":4,"enemies":"Maw","floor":48,"turns":5},{"damage":29,"enemies":"Awakened One","floor":50,"turns":7}],"seed_played":"6450579007050757410","potions_obtained":[{"floor":1,"key":"EssenceOfSteel"},{"floor":5,"key":"LiquidBronze"},{"floor":8,"key":"Dexterity Potion"},{"floor":13,"key":"Energy Potion"},{"floor":18,"key":"Fire Potion"},{"floor":23,"key":"AttackPotion"},{"floor":24,"key":"SkillPotion"}],"is_trial":false,"path_per_floor":["M","$","M","M","M","E","R","M","T","E","?","M","M","T","R","B",null,"M","?","?","?","$","E","M","R","T","?","$","?","?","M","R","B",null,"M","?","?","T","M","R","?","E","T","$","M","M","R","M","R","B"],"character_chosen":"IRONCLAD","items_purchased":["Toolbox","Iron Wave","Uppercut","Anchor","Clothesline+1"],"campfire_rested":1,"item_purchase_floors":[2,2,22,44,44],"current_hp_per_floor":[70,70,76,80,80,76,76,62,62,32,32,38,30,30,54,12,80,70,70,70,54,54,60,66,66,66,51,51,51,51,51,51,25,85,85,85,63,63,65,65,55,61,61,61,57,63,63,65,65,42],"gold":112,"neow_bonus":"TWO_FIFTY_GOLD","is_prod":false,"is_daily":false,"chose_seed":false,"campfire_upgraded":6,"win_rate":0,"timestamp":1534107559,"path_taken":["M","$","?","M","M","E","R","M","T","E","?","M","M","?","R","BOSS","M","?","?","?","?","E","M","R","T","?","?","?","?","M","R","BOSS","M","?","?","?","M","R","?","E","T","$","M","M","R","M","R","BOSS"],"build_version":"2018-08-08","purchased_purges":3,"victory":true,"max_hp_per_floor":[80,80,80,80,80,80,80,80,80,80,80,80,80,80,80,80,80,80,80,80,80,80,80,80,80,80,85,85,85,85,85,85,85,85,85,85,85,85,85,85,85,85,85,85,85,85,85,85,85,85],"card_choices":[{"not_picked":["Shrug It Off","Thunderclap"],"picked":"Spot Weakness","floor":1},{"not_picked":["Intimidate","Clash"],"picked":"Reckless Charge","floor":3},{"not_picked":["Warcry","True Grit"],"picked":"Sword Boomerang","floor":4},{"not_picked":["Thunderclap","Perfected Strike"],"picked":"Cleave","floor":5},{"not_picked":["Cleave","Sword Boomerang"],"picked":"Fiend Fire","floor":6},{"not_picked":["Sword Boomerang","Fire Breathing"],"picked":"Thunderclap","floor":8},{"not_picked":["Thunderclap","Clothesline"],"picked":"Flex","floor":10},{"not_picked":["True Grit","Sword Boomerang"],"picked":"Anger","floor":12},{"not_picked":["Clash","Shrug It Off"],"picked":"Pummel","floor":13},{"not_picked":["Juggernaut","Berserk"],"picked":"Immolate","floor":16},{"not_picked":["Warcry","Thunderclap"],"picked":"Pommel Strike","floor":18},{"not_picked":["Heavy Blade","Bludgeon"],"picked":"Flame Barrier","floor":23},{"not_picked":["Reckless Charge","Iron Wave"],"picked":"Heavy Blade","floor":24},{"not_picked":["Pommel Strike+1","Perfected Strike"],"picked":"Whirlwind","floor":31},{"not_picked":["Exhume","Feed"],"picked":"Demon Form","floor":33},{"not_picked":["Anger+1","Clash+1","Pommel Strike+1"],"picked":"SKIP","floor":35},{"not_picked":["Perfected Strike+1","Clash+1"],"picked":"Armaments+1","floor":37},{"not_picked":["Entrench+1","Perfected Strike+1","Cleave+1"],"picked":"SKIP","floor":39},{"not_picked":["Swift Strike","Violence"],"picked":"Enlightenment","floor":41},{"not_picked":["Flash of Steel","Dramatic Entrance"],"picked":"Magnetism","floor":41},{"not_picked":["Trip","Transmutation"],"picked":"Mayhem","floor":41},{"not_picked":["Clash","Feed"],"picked":"Metallicize+1","floor":42},{"not_picked":["Clash+1","Whirlwind+1"],"picked":"Uppercut+1","floor":45},{"not_picked":["Thunderclap+1","Burning Pact","Sever Soul+1"],"picked":"SKIP","floor":46},{"not_picked":["Havoc","Thunderclap+1"],"picked":"Intimidate","floor":48}],"player_experience":621897,"relics_obtained":[{"floor":6,"key":"Blue Candle"},{"floor":9,"key":"War Paint"},{"floor":10,"key":"Juzu Bracelet"},{"floor":14,"key":"Mummified Hand"},{"floor":21,"key":"Nilry\u0027s Codex"},{"floor":23,"key":"Red Skull"},{"floor":26,"key":"Gremlin Horn"},{"floor":37,"key":"Nunchaku"},{"floor":38,"key":"Pen Nib"},{"floor":42,"key":"Molten Egg 2"},{"floor":43,"key":"Incense Burner"}],"event_choices":[{"event_name":"Living Wall","player_choice":"Forget","floor":11,"damage_taken":0},{"event_name":"N\u0027loth","player_choice":"Ignored","floor":19,"damage_taken":0},{"event_name":"Beggar","player_choice":"Gave Gold","floor":20,"damage_taken":0},{"event_name":"Cursed Tome","player_choice":"Obtained Book","floor":21,"damage_taken":0},{"event_name":"Forgotten Altar","player_choice":"Shed Blood","floor":27,"damage_taken":0},{"event_name":"Drug Dealer","player_choice":"Ignored","floor":29,"damage_taken":0},{"event_name":"Match and Keep!","player_choice":"1 cards matched","floor":30,"damage_taken":0},{"event_name":"The Woman in Blue","player_choice":"Bought 0 Potions","floor":36,"damage_taken":0},{"event_name":"Mysterious Sphere","player_choice":"Fight","floor":37,"damage_taken":0},{"event_name":"SensoryStone","player_choice":"Memory 3","floor":41,"damage_taken":0}],"is_beta":true,"boss_relics":[{"not_picked":["Ectoplasm","Fusion Hammer"],"picked":"Snecko Eye"},{"not_picked":["Busted Crown","Lizard Tail"],"picked":"Sozu"}],"items_purged_floors":[2,22,28],"is_endless":false,"potions_floor_spawned":[1,5,8,13,18,23,24,42,45],"ascension_level":0}