{"gold_per_floor":[113,113,38,113,128,128,157,172,172,205,261,261,40,55,55,156,156,174,174,99,149,166,197,197,209,235,251,275,24,24,50,62,74],"floor_reached":33,"playtime":1368,"items_purged":["Pain"],"score":291,"play_id":"0ca7e6ec-b35a-42f9-abf0-4d6acce698f3","local_time":"20181031171845","is_ascension_mode":false,"campfire_choices":[{"data":"Mayhem","floor":6.0,"key":"SMITH"},{"data":"Metamorphosis","floor":12.0,"key":"SMITH"},{"data":"Body Slam","floor":15.0,"key":"SMITH"},{"data":"True Grit","floor":24,"key":"SMITH"},{"data":"Uppercut","floor":32,"key":"SMITH"}],"neow_cost":"CURSE","seed_source_timestamp":0,"circlet_count":0,"master_deck":["Strike_R","Strike_R+1","Defend_R","Defend_R+1","Defend_R","Defend_R","Bash","Metamorphosis+1","Mayhem+1","Body Slam+1","Iron Wave","True Grit+1","Whirlwind","Shrug It Off","Exhume","Panache","Uppercut+1","Juggernaut","Seeing Red+1","Pommel Strike","Carnage","Shrug It Off+1","Second Wind","Sentinel+1","Battle Trance","Burning Pact"],"special_seed":0,"relics":["Burning Blood","Bottled Lightning","Meat on the Bone","Regal Pillow","Vajra","Coffee Dripper","Sundial","Smiling Mask","Lantern","Mummified Hand","MawBank"],"potions_floor_usage":[16,18,31,33,33],"damage_taken":[{"damage":3.0,"enemies":"Cultist","floor":1.0,"turns":3.0},{"damage":0.0,"enemies":"Small Slimes","floor":5.0,"turns":3.0},{"damage":13.0,"enemies":"Lagavulin","floor":7.0,"turns":6.0},{"damage":11.0,"enemies":"Jaw Worm","floor":8.0,"turns":4.0},{"damage":2.0,"enemies":"Gremlin Nob","floor":10.0,"turns":3.0},{"damage":28.0,"enemies":"Gremlin Nob","floor":11.0,"turns":4.0},{"damage":11.0,"enemies":"Exordium Wildlife","floor":14.0,"turns":2.0},{"damage":46,"enemies":"The Guardian","floor":16,"turns":10},{"damage":21,"enemies":"2 Thieves","floor":18,"turns":3},{"damage":5,"enemies":"Spheric Guardian","floor":22,"turns":3},{"damage":23,"enemies":"Gremlin Leader","floor":23,"turns":5},{"damage":36,"enemies":"Chosen and Byrds","floor":25,"turns":7},{"damage":7,"enemies":"Centurion and Healer","floor":27,"turns":5},{"damage":11,"enemies":"Book of Stabbing","floor":31,"turns":4},{"damage":64,"enemies":"Automaton","floor":33,"turns":6}],"seed_played":"-5709814598192446734","potions_obtained":[{"floor":1.0,"key":"Regen Potion"},{"floor":7.0,"key":"Block Potion"},{"floor":11.0,"key":"AttackPotion"},{"floor":16,"key":"Block Potion"},{"floor":23,"key":"AttackPotion"},{"floor":25,"key":"FearPotion"},{"floor":27,"key":"AttackPotion"}],"is_trial":false,"path_per_floor":["M","?","$","?","M","R","E","M","T","E","?","R","$","M","R","B",null,"M","?","?","?","M","E","R","M","T","M","T","$","?","E","R","B"],"character_chosen":"IRONCLAD","items_purchased":["Panache","Uppercut","Mummified Hand"],"campfire_rested":0,"item_purchase_floors":[13,13,29],"current_hp_per_floor":[80,64,64,56,62,62,69,64,64,68,58,58,58,53,53,25,80,65,65,65,65,66,49,49,31,31,42,42,42,34,41,41,0],"gold":74,"neow_bonus":"RANDOM_COLORLESS_2","is_prod":false,"is_daily":false,"chose_seed":false,"campfire_upgraded":5,"win_rate":0,"timestamp":1540995525,"path_taken":["M","?","$","?","?","R","E","M","T","E","?","R","?","M","R","BOSS","M","?","?","?","M","E","R","M","T","?","?","$","?","E","R","BOSS"],"build_version":"2018-10-30","purchased_purges":1,"victory":false,"max_hp_per_floor":[80,80,80,80,80,80,80,80,80,80,80,80,80,80,80,80,80,80,80,80,80,80,80,80,80,80,80,80,80,80,80,80,80],"card_choices":[{"not_picked":["Searing Blow","Burning Pact"],"picked":"Body Slam","floor":1.0},{"not_picked":["Second Wind","Dual Wield"],"picked":"Iron Wave","floor":5.0},{"not_picked":["Wild Strike","Anger"],"picked":"True Grit","floor":7.0},{"not_picked":["Pommel Strike","Evolve"],"picked":"Whirlwind","floor":8.0},{"not_picked":["Seeing Red","Searing Blow"],"picked":"Shrug It Off","floor":10.0},{"not_picked":["Iron Wave","Battle Trance"],"picked":"Exhume","floor":11.0},{"not_picked":["Rupture","Twin Strike","Rampage"],"picked":"SKIP","floor":14.0},{"not_picked":["Fiend Fire","Impervious"],"picked":"Juggernaut","floor":16},{"not_picked":["Headbutt","Pommel Strike+1"],"picked":"Seeing Red+1","floor":18},{"not_picked":["Power Through","Heavy Blade"],"picked":"Shrug It Off+1","floor":22},{"not_picked":["Evolve","Bludgeon"],"picked":"Second Wind","floor":23},{"not_picked":["Burning Pact","Pommel Strike"],"picked":"Sentinel+1","floor":25},{"not_picked":["Thunderclap","Anger"],"picked":"Battle Trance","floor":27},{"not_picked":["Seeing Red","Searing Blow"],"picked":"Burning Pact","floor":31}],"player_experience":853495,"relics_obtained":[{"floor":7.0,"key":"Bottled Lightning"},{"floor":9.0,"key":"Meat on the Bone"},{"floor":10.0,"key":"Regal Pillow"},{"floor":11.0,"key":"Vajra"},{"floor":23,"key":"Sundial"},{"floor":26,"key":"Smiling Mask"},{"floor":28,"key":"Lantern"},{"floor":31,"key":"MawBank"}],"event_choices":[{"damage_healed":0.0,"max_hp_gain":0.0,"max_hp_loss":0.0,"gold_gain":0.0,"event_name":"Shining Light","player_choice":"Entered Light","floor":2.0,"gold_loss":0.0,"damage_taken":16.0,"cards_upgraded":["Strike_R","Defend_R"]},{"damage_healed":0.0,"max_hp_gain":0.0,"max_hp_loss":0.0,"gold_gain":75.0,"event_name":"FaceTrader","player_choice":"Touch","floor":4.0,"gold_loss":0.0,"damage_taken":8.0},{"damage_healed":0.0,"max_hp_gain":0.0,"max_hp_loss":0.0,"gold_gain":0.0,"event_name":"Dead Adventurer","player_choice":"Searched \u00272\u0027 times","floor":11.0,"gold_loss":0.0,"damage_taken":0.0},{"damage_healed":0,"gold_gain":0,"cards_transformed":["Strike_R","Strike_R"],"player_choice":"Became Test Subject","damage_taken":0,"max_hp_gain":0,"max_hp_loss":0,"event_name":"Drug Dealer","floor":19,"gold_loss":0,"cards_obtained":["Pommel Strike","Carnage"]},{"cards_removed":["Strike_R"],"damage_healed":0,"gold_gain":0,"player_choice":"Gave Gold","damage_taken":0,"max_hp_gain":0,"max_hp_loss":0,"event_name":"Beggar","floor":20,"gold_loss":75},{"damage_healed":0,"gold_gain":100,"player_choice":"Bet on Murderer","damage_taken":0,"max_hp_gain":0,"max_hp_loss":0,"event_name":"The Joust","floor":21,"gold_loss":50},{"damage_healed":0,"gold_gain":0,"player_choice":"Damaged","damage_taken":8,"max_hp_gain":0,"max_hp_loss":0,"event_name":"Wheel of Change","floor":30,"gold_loss":0}],"is_beta":true,"boss_relics":[{"not_picked":["White Beast Statue","Lizard Tail"],"picked":"Coffee Dripper"}],"items_purged_floors":[3],"is_endless":false,"potions_floor_spawned":[1,7,11,16,23,25,27],"killed_by":"Automaton","ascension_level":0}