{"gold_per_floor":[109,121,139,139,314,349,349,384,384,415,435,435,448,460,460,565,565,577,577,577,502,519,519,16,16,43,43,43,43,142,154,154,154],"floor_reached":33,"playtime":1812,"items_purged":[],"score":302,"play_id":"68a94ff2-9675-4445-904b-aef7303c392d","local_time":"20190917074122","is_ascension_mode":true,"campfire_choices":[{"data":"Devotion","floor":7,"key":"SMITH"},{"data":"CrushJoints","floor":12,"key":"SMITH"},{"floor":15,"key":"REST"},{"data":"PathToVictory","floor":23,"key":"SMITH"},{"data":"MentalFortress","floor":25,"key":"SMITH"},{"data":"TalkToTheHand","floor":27,"key":"SMITH"},{"data":"ForeignInfluence","floor":29,"key":"SMITH"},{"data":"Omniscience","floor":32,"key":"SMITH"}],"neow_cost":"NONE","seed_source_timestamp":72480226982100,"circlet_count":0,"master_deck":["Strike_P","Defend_P","Defend_P","Defend_P","Defend_P","Eruption","Vigilance","Omniscience+1","EmptyBody","Devotion+1","Protect","Doubt","ForeignInfluence+1","CrushJoints+1","Judgement","PathToVictory+1","BowlingBash","ThirdEye","MasterReality","Wireheading","EmptyBody","InnerPeace","SashWhip","MentalFortress+1","TalkToTheHand+1","CutThroughFate+1"],"relics":["PureWater","Orichalcum","StoneCalendar","Gremlin Horn","HornCleat","Coffee Dripper","TheAbacus","Vajra","Potion Belt"],"potions_floor_usage":[10,13,22,22,33],"damage_taken":[{"damage":1,"enemies":"Cultist","floor":1,"turns":3},{"damage":1,"enemies":"2 Louse","floor":2,"turns":3},{"damage":0,"enemies":"Small Slimes","floor":3,"turns":3},{"damage":31,"enemies":"Lagavulin","floor":6,"turns":10},{"damage":25,"enemies":"3 Sentries","floor":8,"turns":9},{"damage":0,"enemies":"Gremlin Nob","floor":10,"turns":2},{"damage":0,"enemies":"3 Louse","floor":11,"turns":2},{"damage":3,"enemies":"Looter","floor":13,"turns":2},{"damage":3,"enemies":"Large Slime","floor":14,"turns":3},{"damage":25,"enemies":"The Guardian","floor":16,"turns":11},{"damage":21,"enemies":"Chosen","floor":18,"turns":6},{"damage":8,"enemies":"3 Byrds","floor":22,"turns":6},{"damage":13,"enemies":"Centurion and Healer","floor":31,"turns":7},{"damage":40,"enemies":"Automaton","floor":33,"turns":12}],"seed_played":"-3424384531275013229","potions_obtained":[{"floor":3,"key":"Fire Potion"},{"floor":11,"key":"Dexterity Potion"},{"floor":14,"key":"Energy Potion"},{"floor":16,"key":"EssenceOfSteel"},{"floor":31,"key":"Explosive Potion"}],"is_trial":false,"path_per_floor":["M","M","M","?","?","E","R","E","T","E","M","R","M","M","R","B",null,"M","?","?","?","M","R","$","R","T","R","?","R","?","M","R","B"],"character_chosen":"WATCHER","items_purchased":["TheAbacus","MentalFortress","TalkToTheHand","Vajra","Energy Potion"],"campfire_rested":1,"item_purchase_floors":[24,24,24,24,24],"current_hp_per_floor":[64,63,63,68,68,37,37,12,12,12,12,12,9,6,27,2,70,49,36,36,36,28,28,28,28,28,28,53,53,53,40,40,0],"gold":154,"neow_bonus":"ONE_RANDOM_RARE_CARD","is_prod":false,"is_daily":false,"chose_seed":false,"campfire_upgraded":7,"win_rate":0,"timestamp":1568695282,"path_taken":["M","M","?","?","?","E","R","E","T","E","M","R","M","M","R","BOSS","M","?","?","?","M","R","$","R","T","R","?","R","?","?","R","BOSS"],"build_version":"2019-09-16","purchased_purges":0,"victory":false,"max_hp_per_floor":[65,65,65,70,70,70,70,70,70,70,70,70,70,70,70,70,70,70,75,75,75,75,75,75,75,75,75,75,75,75,75,75,75],"card_choices":[{"not_picked":["Vengeance","Weave"],"picked":"EmptyBody","floor":1},{"not_picked":["JustLucky","SashWhip"],"picked":"Devotion","floor":2},{"not_picked":["CutThroughFate","ThirdEye"],"picked":"Protect","floor":3},{"not_picked":["SashWhip","CleanseEvil"],"picked":"ForeignInfluence","floor":6},{"not_picked":["FollowUp","EmptyMind"],"picked":"CrushJoints","floor":8},{"not_picked":["FlyingSleeves","SashWhip"],"picked":"Judgement","floor":10},{"not_picked":["Meditate","EmptyBody"],"picked":"PathToVictory","floor":11},{"not_picked":["Devotion","Evaluate"],"picked":"BowlingBash","floor":13},{"not_picked":["CrushJoints","CutThroughFate"],"picked":"ThirdEye","floor":14},{"not_picked":["BattleHymn","Wish"],"picked":"MasterReality","floor":16},{"not_picked":["Adaptation","EmptyFist+1"],"picked":"Wireheading","floor":18},{"not_picked":["CutThroughFate","Sanctity"],"picked":"SashWhip","floor":22},{"not_picked":["FlyingSleeves","Consecrate"],"picked":"CutThroughFate+1","floor":31}],"player_experience":287871,"relics_obtained":[{"floor":6,"key":"Orichalcum"},{"floor":8,"key":"StoneCalendar"},{"floor":9,"key":"Gremlin Horn"},{"floor":10,"key":"HornCleat"},{"floor":26,"key":"Potion Belt"}],"event_choices":[{"damage_healed":0,"gold_gain":0,"player_choice":"Donut","damage_taken":0,"max_hp_gain":5,"max_hp_loss":0,"event_name":"Big Fish","floor":4,"gold_loss":0},{"damage_healed":0,"gold_gain":175,"player_choice":"AGREE","damage_taken":0,"max_hp_gain":0,"max_hp_loss":0,"event_name":"Liars Game","floor":5,"gold_loss":0,"cards_obtained":["Doubt"]},{"damage_healed":0,"gold_gain":0,"player_choice":"Shed Blood","damage_taken":18,"max_hp_gain":5,"max_hp_loss":0,"event_name":"Forgotten Altar","floor":19,"gold_loss":0},{"damage_healed":0,"gold_gain":0,"cards_transformed":["Strike_P","Strike_P"],"player_choice":"Became Test Subject","damage_taken":0,"max_hp_gain":0,"max_hp_loss":0,"event_name":"Drug Dealer","floor":20,"gold_loss":0,"cards_obtained":["EmptyBody","InnerPeace"]},{"cards_removed":["Strike_P"],"damage_healed":0,"gold_gain":0,"player_choice":"Gave Gold","damage_taken":0,"max_hp_gain":0,"max_hp_loss":0,"event_name":"Beggar","floor":21,"gold_loss":75},{"damage_healed":25,"gold_gain":0,"player_choice":"Heal","damage_taken":0,"max_hp_gain":0,"max_hp_loss":0,"event_name":"The Library","floor":28,"gold_loss":0},{"damage_healed":0,"gold_gain":99,"player_choice":"Stole From Cult","damage_taken":0,"max_hp_gain":0,"max_hp_loss":0,"event_name":"Nest","floor":30,"gold_loss":0}],"is_beta":true,"boss_relics":[{"not_picked":["Empty Cage","Astrolabe"],"picked":"Coffee Dripper"}],"items_purged_floors":[],"is_endless":false,"potions_floor_spawned":[3,11,14,16,31],"killed_by":"Automaton","ascension_level":1}