{"gold_per_floor":[116,132,149,165,177,209,209,236,236,253,312,337,360,376,376,475,475,490,490,504,429,429,429,458,458,481,515,529,529],"floor_reached":29,"playtime":1297,"items_purged":[],"score":336,"play_id":"94d0cad8-28d0-46cb-bb4f-e2efae460136","local_time":"20190906190711","is_ascension_mode":true,"campfire_choices":[{"data":"Anger","floor":7,"key":"SMITH"},{"data":"Corruption","floor":15,"key":"SMITH"},{"data":"Demon Form","floor":23,"key":"SMITH"},{"floor":25,"key":"REST"}],"neow_cost":"TEN_PERCENT_HP_LOSS","seed_source_timestamp":126776117342000,"circlet_count":0,"master_deck":["Strike_R","Strike_R","Strike_R","Strike_R","Defend_R","Defend_R","Bash","Sever Soul","Infernal Blade","Shrug It Off","Cleave","Headbutt","Fiend Fire","Anger+1","Rampage","Impervious","Corruption+1","Whirlwind","Demon Form+1","Sword Boomerang","Iron Wave","Flame Barrier","Exhume"],"relics":["Burning Blood","Unceasing Top","WingedGreaves","Ancient Tea Set","Tiny Chest","Blue Candle","Boot","Runic Dome","Enchiridion","Regal Pillow","Orichalcum","Art of War"],"potions_floor_usage":[8,16,18,24,24,29,29],"damage_taken":[{"damage":1,"enemies":"Cultist","floor":1,"turns":3},{"damage":0,"enemies":"Small Slimes","floor":2,"turns":3},{"damage":0,"enemies":"2 Louse","floor":3,"turns":2},{"damage":10,"enemies":"Looter","floor":4,"turns":2},{"damage":0,"enemies":"2 Fungi Beasts","floor":5,"turns":2},{"damage":15,"enemies":"Gremlin Nob","floor":6,"turns":4},{"damage":18,"enemies":"3 Sentries","floor":8,"turns":5},{"damage":0,"enemies":"Lots of Slimes","floor":10,"turns":2},{"damage":27,"enemies":"Gremlin Nob","floor":11,"turns":4},{"damage":12,"enemies":"3 Sentries","floor":12,"turns":6},{"damage":11,"enemies":"Gremlin Gang","floor":14,"turns":4},{"damage":14,"enemies":"Slime Boss","floor":16,"turns":8},{"damage":21,"enemies":"2 Thieves","floor":18,"turns":4},{"damage":10,"enemies":"Shell Parasite","floor":20,"turns":3},{"damage":35,"enemies":"Slavers","floor":24,"turns":4},{"damage":0,"enemies":"Gremlin Leader","floor":27,"turns":4},{"damage":19,"enemies":"Centurion and Healer","floor":28,"turns":6},{"damage":40,"enemies":"Slavers","floor":29,"turns":4}],"seed_played":"8028667534942837294","potions_obtained":[{"floor":4,"key":"SteroidPotion"},{"floor":6,"key":"SkillPotion"},{"floor":8,"key":"Weak Potion"},{"floor":10,"key":"Regen Potion"},{"floor":14,"key":"Swift Potion"},{"floor":20,"key":"EssenceOfSteel"},{"floor":24,"key":"Explosive Potion"},{"floor":28,"key":"FearPotion"}],"is_trial":false,"path_per_floor":["M","M","M","M","M","E","R","E","T","M","E","E","T","M","R","B",null,"M","?","M","?","?","R","E","R","T","E","M","E"],"character_chosen":"IRONCLAD","items_purchased":[],"campfire_rested":1,"item_purchase_floors":[],"current_hp_per_floor":[72,72,72,68,72,63,63,51,51,57,36,30,30,25,25,17,72,57,44,40,40,24,24,7,45,45,51,38,0],"gold":529,"neow_bonus":"TRANSFORM_TWO_CARDS","is_prod":false,"is_daily":false,"chose_seed":false,"campfire_upgraded":3,"win_rate":0,"timestamp":1567786031,"path_taken":["M","M","M","M","M","E","R","E","T","M","E","E","?","M","R","BOSS","M","?","M","?","?","R","E","R","T","E","M","E"],"build_version":"2019-07-17","purchased_purges":0,"victory":false,"max_hp_per_floor":[72,72,72,72,72,72,72,72,72,72,72,72,72,72,72,72,72,72,77,77,77,77,77,77,77,77,77,77,77],"card_choices":[{"not_picked":["Body Slam","Clothesline"],"picked":"Shrug It Off","floor":1},{"not_picked":["Rampage","Sever Soul"],"picked":"Cleave","floor":2},{"not_picked":["Havoc","Blood for Blood"],"picked":"Headbutt","floor":3},{"not_picked":["Hemokinesis","Heavy Blade"],"picked":"Fiend Fire","floor":4},{"not_picked":["Heavy Blade","Sword Boomerang","Cleave"],"picked":"SKIP","floor":5},{"not_picked":["True Grit","Armaments"],"picked":"Anger","floor":6},{"not_picked":["Wild Strike","Warcry"],"picked":"Rampage","floor":8},{"not_picked":["Perfected Strike","Flex","Thunderclap"],"picked":"SKIP","floor":10},{"not_picked":["Cleave","Flex"],"picked":"Impervious","floor":11},{"not_picked":["Sword Boomerang","Headbutt"],"picked":"Corruption","floor":12},{"not_picked":["Iron Wave","Thunderclap"],"picked":"Whirlwind","floor":14},{"not_picked":["Limit Break","Offering"],"picked":"Demon Form","floor":16},{"not_picked":["Warcry+1","Blood for Blood"],"picked":"Sword Boomerang","floor":18},{"not_picked":["Perfected Strike+1","Pummel","Battle Trance"],"picked":"SKIP","floor":20},{"not_picked":["Cleave","Armaments+1"],"picked":"Iron Wave","floor":24},{"not_picked":["Body Slam","Pommel Strike+1"],"picked":"Flame Barrier","floor":27},{"not_picked":["Twin Strike+1","Cleave+1"],"picked":"Exhume","floor":28}],"player_experience":247689,"relics_obtained":[{"floor":6,"key":"Unceasing Top"},{"floor":8,"key":"WingedGreaves"},{"floor":9,"key":"Ancient Tea Set"},{"floor":11,"key":"Tiny Chest"},{"floor":12,"key":"Blue Candle"},{"floor":13,"key":"Boot"},{"floor":22,"key":"Enchiridion"},{"floor":24,"key":"Regal Pillow"},{"floor":26,"key":"Orichalcum"},{"floor":27,"key":"Art of War"}],"event_choices":[{"damage_healed":0,"gold_gain":0,"player_choice":"Shed Blood","damage_taken":18,"max_hp_gain":5,"max_hp_loss":0,"event_name":"Forgotten Altar","floor":19,"gold_loss":0},{"cards_removed":["Strike_R"],"damage_healed":0,"gold_gain":0,"player_choice":"Gave Gold","damage_taken":0,"max_hp_gain":0,"max_hp_loss":0,"event_name":"Beggar","floor":21,"gold_loss":75},{"damage_healed":0,"gold_gain":0,"player_choice":"Obtained Book","damage_taken":16,"max_hp_gain":0,"max_hp_loss":0,"event_name":"Cursed Tome","floor":22,"gold_loss":0}],"is_beta":false,"boss_relics":[{"not_picked":["Runic Pyramid","Tiny House"],"picked":"Runic Dome"}],"items_purged_floors":[],"is_endless":false,"potions_floor_spawned":[4,6,8,10,14,20,24,28],"killed_by":"Slavers","ascension_level":1}