{"gold_per_floor":[114,127,147,222,222,253,253,281,335,335],"floor_reached":10,"playtime":1000,"items_purged":[],"score":91,"play_id":"d3dee2a5-a35e-41f3-8c4b-a9ba2a6e469c","local_time":"20190917210609","is_ascension_mode":true,"campfire_choices":[{"floor":7,"key":"REST"}],"neow_cost":"NONE","seed_source_timestamp":535786772146199,"circlet_count":0,"master_deck":["Strike_G","Strike_G","Strike_G","Strike_G","Strike_G","Defend_G","Defend_G","Defend_G","Defend_G","Defend_G","Survivor","Neutralize","Sucker Punch","Deflect","PiercingWail","Crippling Poison","Escape Plan","Dash","Regret"],"relics":["Cursed Key","Shuriken","Dream Catcher","Vajra"],"potions_floor_usage":[],"damage_taken":[{"damage":0,"enemies":"Cultist","floor":1,"turns":5},{"damage":0,"enemies":"Jaw Worm","floor":2,"turns":4},{"damage":0,"enemies":"2 Louse","floor":3,"turns":3},{"damage":16,"enemies":"Lagavulin","floor":6,"turns":9},{"damage":43,"enemies":"Gremlin Nob","floor":8,"turns":6},{"damage":3,"enemies":"Large Slime","floor":10,"turns":4}],"seed_played":"1076879836608433865","potions_obtained":[{"floor":2,"key":"EssenceOfSteel"},{"floor":3,"key":"Ancient Potion"}],"is_trial":false,"path_per_floor":["M","M","M","?","?","E","R","E","T","M"],"character_chosen":"THE_SILENT","items_purchased":[],"campfire_rested":1,"item_purchase_floors":[],"current_hp_per_floor":[70,70,70,59,41,25,46,3,3,0],"gold":335,"neow_bonus":"BOSS_RELIC","is_prod":false,"is_daily":false,"chose_seed":false,"campfire_upgraded":0,"win_rate":0,"timestamp":1568772369,"path_taken":["M","?","?","?","?","E","R","E","T","M"],"build_version":"2019-07-17","purchased_purges":0,"victory":false,"max_hp_per_floor":[70,70,70,70,70,70,70,70,70,70],"card_choices":[{"not_picked":["Outmaneuver","Riddle With Holes"],"picked":"Sucker Punch","floor":1},{"not_picked":["All Out Attack","Sucker Punch"],"picked":"Deflect","floor":2},{"not_picked":["Quick Slash","Riddle With Holes"],"picked":"PiercingWail","floor":3},{"not_picked":["Caltrops","Underhanded Strike"],"picked":"Crippling Poison","floor":6},{"not_picked":["Deflect","Slice"],"picked":"Escape Plan","floor":7},{"not_picked":["Cloak And Dagger","Flechettes"],"picked":"Dash","floor":8}],"player_experience":419112,"relics_obtained":[{"floor":6,"key":"Dream Catcher"},{"floor":8,"key":"Vajra"}],"event_choices":[{"damage_healed":0,"gold_gain":75,"player_choice":"Gather Gold","damage_taken":11,"max_hp_gain":0,"max_hp_loss":0,"event_name":"World of Goop","floor":4,"gold_loss":0},{"damage_healed":0,"gold_gain":0,"player_choice":"Success","damage_taken":18,"relics_obtained":["Shuriken"],"max_hp_gain":0,"max_hp_loss":0,"event_name":"Scrap Ooze","floor":5,"gold_loss":0}],"is_beta":false,"boss_relics":[],"items_purged_floors":[],"is_endless":false,"potions_floor_spawned":[2,3],"killed_by":"Large Slime","ascension_level":4}