{"gold_per_floor":[114,114,132,145,165,165,191,203,276,310,322,338,373,373,373,477,427,440,355,370,370,470,500,500,534,584,618,631,666,85,96,96,197,197,208,220,274,274,288,288,303,13,13,27,52,52,52,70,70,70,70,70,3,37,37],"floor_reached":56,"playtime":4677,"items_purged":["Strike_R","Pain"],"score":1980,"play_id":"94822f07-bdc6-4fdb-9e82-968330299660","local_time":"20190404234110","is_ascension_mode":true,"campfire_choices":[{"data":"Carnage","floor":6,"key":"SMITH"},{"data":"Demon Form","floor":15,"key":"SMITH"},{"data":"1","floor":24,"key":"LIFT"},{"data":"strawberrySpire:Dropbox","floor":32,"key":"SMITH"},{"floor":40,"key":"RECALL"},{"data":"Corruption","floor":46,"key":"SMITH"},{"data":"2","floor":49,"key":"LIFT"},{"data":"3","floor":52,"key":"LIFT"}],"neow_cost":"","seed_source_timestamp":181838629372096,"circlet_count":0,"master_deck":["Defend_R","Defend_R","Defend_R","Defend_R","Seeing Red","Shrug It Off","Carnage+1","Shrug It Off","Headbutt","True Grit","Demon Form+1","Armaments","Corruption+1","Disarm","Immolate","Seeing Red","Reckless Charge+1","Intimidate+1","Bite","Bite","Bite","Bite","Bite","Metallicize+1","strawberrySpire:Endurance+1","Second Wind+1","strawberrySpire:GettingOverIt+1","strawberrySpire:Dropbox+1","strawberrySpire:Harvest+1","Ghostly Armor+1","Limit Break+1","strawberrySpire:PumpUp+1","Flame Barrier+1","strawberrySpire:Taunt+1","Havoc+1","strawberrySpire:Overwork+1","strawberrySpire:Aggression+1","Havoc+1","Shockwave+1","Entrench+1"],"relics":["Burning Blood","Anchor","Lee\u0027s Waffle","Turnip","Oddly Smooth Stone","Lantern","NlothsMask","Happy Flower","Girya","Red Skull","Thread and Needle","energizedSpire:HugeHouse","strawberrySpire:Treaders","Dead Branch","Toxic Egg 2","Champion Belt","Mango","Centennial Puzzle","Potion Belt","Omamori","strawberrySpire:MawJerky","strawberrySpire:Dictionifier","strawberrySpire:ThornyGelberry","Letter Opener","Mummified Hand","Torii"],"potions_floor_usage":[7,13,22,23,23,23,27,31,33,35,35,36,45,45,45,50,50,50,55,55,55],"damage_taken":[{"damage":0,"enemies":"2 Louse","floor":1,"turns":2},{"damage":0,"enemies":"Cultist","floor":3,"turns":3},{"damage":0,"enemies":"Small Slimes","floor":4,"turns":3},{"damage":13,"enemies":"2 Fungi Beasts","floor":5,"turns":3},{"damage":5,"enemies":"3 Sentries","floor":7,"turns":7},{"damage":3,"enemies":"3 Louse","floor":8,"turns":3},{"damage":14,"enemies":"Gremlin Nob","floor":10,"turns":3},{"damage":0,"enemies":"Looter","floor":11,"turns":2},{"damage":0,"enemies":"Large Slime","floor":12,"turns":4},{"damage":16,"enemies":"strawberrySpire:EnergyPylons","floor":13,"turns":5},{"damage":4,"enemies":"Slime Boss","floor":16,"turns":11},{"damage":8,"enemies":"2 Thieves","floor":18,"turns":4},{"damage":0,"enemies":"Shell Parasite","floor":20,"turns":3},{"damage":3,"enemies":"Colosseum Slavers","floor":22,"turns":4},{"damage":5,"enemies":"Colosseum Nobs","floor":22,"turns":4},{"damage":4,"enemies":"Slavers","floor":23,"turns":4},{"damage":21,"enemies":"strawberrySpire:AncientClocktower","floor":25,"turns":9},{"damage":6,"enemies":"Slavers","floor":27,"turns":3},{"damage":1,"enemies":"Centurion and Healer","floor":28,"turns":3},{"damage":6,"enemies":"Book of Stabbing","floor":29,"turns":3},{"damage":2,"enemies":"Shelled Parasite and Fungi","floor":31,"turns":6},{"damage":5,"enemies":"Champ","floor":33,"turns":5},{"damage":7,"enemies":"3 Darklings","floor":35,"turns":4},{"damage":9,"enemies":"Orb Walker","floor":36,"turns":3},{"damage":3,"enemies":"2 Orb Walkers","floor":37,"turns":2},{"damage":19,"enemies":"Jaw Worm Horde","floor":39,"turns":5},{"damage":14,"enemies":"Spire Growth","floor":41,"turns":6},{"damage":3,"enemies":"Maw","floor":44,"turns":1},{"damage":26,"enemies":"Nemesis","floor":45,"turns":5},{"damage":6,"enemies":"Writhing Mass","floor":48,"turns":3},{"damage":6,"enemies":"Time Eater","floor":50,"turns":5},{"damage":0,"enemies":"Shield and Spear","floor":54,"turns":2},{"damage":6,"enemies":"The Heart","floor":55,"turns":5}],"seed_played":"5116634732736766913","potions_obtained":[{"floor":4,"key":"EssenceOfSteel"},{"floor":5,"key":"Ancient Potion"},{"floor":7,"key":"Dexterity Potion"},{"floor":8,"key":"Energy Potion"},{"floor":10,"key":"PowerPotion"},{"floor":18,"key":"SteroidPotion"},{"floor":22,"key":"EntropicBrew"},{"floor":23,"key":"Swift Potion"},{"floor":29,"key":"Regen Potion"},{"floor":33,"key":"Regen Potion"},{"floor":35,"key":"Fruit Juice"},{"floor":48,"key":"Poison Potion"}],"is_trial":false,"path_per_floor":["M","?","M","M","M","R","E","M","T","E","M","M","E","T","R","B",null,"M","?","M","?","?","E","R","E","T","E","M","E","$","M","R","B",null,"M","M","?","?","M","R","M","$","T","M","E","R","?","M","R","B",null,"R","$","E","B",null],"character_chosen":"IRONCLAD","items_purchased":["Anchor","Lee\u0027s Waffle","Turnip","Oddly Smooth Stone","Lantern","Cleave","strawberrySpire:Dropbox","strawberrySpire:MawJerky","strawberrySpire:Harvest+1","strawberrySpire:Overwork+1","Letter Opener","Entrench+1"],"campfire_rested":0,"item_purchase_floors":[0,0,0,0,0,0,30,30,30,42,42,53],"current_hp_per_floor":[87,87,87,87,80,80,81,84,84,76,82,87,77,77,77,79,82,80,80,82,57,57,57,57,57,57,60,71,71,71,71,71,71,71,70,71,71,71,66,66,71,71,71,71,70,70,70,80,80,80,80,80,80,84,84],"gold":37,"neow_bonus":"","is_prod":false,"is_daily":false,"chose_seed":false,"campfire_upgraded":4,"win_rate":0,"timestamp":1554410470,"path_taken":["M","?","M","M","M","R","E","M","T","E","?","M","E","?","R","BOSS","M","?","M","?","?","E","R","E","T","E","M","E","$","M","R","BOSS","M","M","?","?","M","R","M","?","T","?","E","R","?","M","R","BOSS","R","$","E","BOSS"],"build_version":"2019-03-15","purchased_purges":2,"victory":true,"max_hp_per_floor":[87,87,87,87,87,87,87,87,87,87,87,87,87,87,87,87,82,82,82,82,57,57,57,57,71,71,71,71,71,71,71,71,71,71,71,71,71,71,71,71,71,71,71,71,80,80,80,80,80,80,80,80,80,84,84],"card_choices":[{"not_picked":["strawberrySpire:GettingOverIt","strawberrySpire:PowerStomp"],"picked":"Seeing Red","floor":1},{"not_picked":["Cleave","Second Wind"],"picked":"Shrug It Off","floor":3},{"not_picked":["strawberrySpire:DebrisPile","Clash"],"picked":"Carnage","floor":4},{"not_picked":["strawberrySpire:Endurance","Battle Trance"],"picked":"Shrug It Off","floor":5},{"not_picked":["Cleave","Corruption"],"picked":"Headbutt","floor":7},{"not_picked":["strawberrySpire:JustAWound","Warcry"],"picked":"True Grit","floor":8},{"not_picked":["Body Slam","Disarm"],"picked":"Demon Form","floor":10},{"not_picked":["strawberrySpire:JustAWound","Burning Pact"],"picked":"Armaments","floor":11},{"not_picked":["Body Slam","Power Through"],"picked":"Corruption","floor":12},{"not_picked":["strawberrySpire:GettingOverIt","Exhume"],"picked":"Disarm","floor":13},{"not_picked":["Reaper","strawberrySpire:Harvest"],"picked":"Immolate","floor":16},{"not_picked":["Havoc","strawberrySpire:Conflagrate"],"picked":"Reckless Charge+1","floor":18},{"not_picked":["strawberrySpire:Spite+1","Anger"],"picked":"Intimidate+1","floor":20},{"not_picked":["Clash","True Grit"],"picked":"Metallicize+1","floor":22},{"not_picked":["Anger","strawberrySpire:JustAWound"],"picked":"strawberrySpire:Endurance+1","floor":23},{"not_picked":["Rage+1","Infernal Blade+1"],"picked":"Second Wind+1","floor":25},{"not_picked":["Burning Pact+1","Clash","Searing Blow"],"picked":"SKIP","floor":27},{"not_picked":["Perfected Strike+1","Cleave","Sword Boomerang"],"picked":"SKIP","floor":28},{"not_picked":["Uppercut","Corruption"],"picked":"strawberrySpire:GettingOverIt+1","floor":29},{"not_picked":["Clothesline","Blood for Blood"],"picked":"Ghostly Armor+1","floor":31},{"not_picked":["Impervious+1","Reaper"],"picked":"Limit Break+1","floor":33},{"not_picked":["Clothesline","Anger+1"],"picked":"strawberrySpire:PumpUp+1","floor":35},{"not_picked":["Rampage+1","Headbutt+1"],"picked":"Flame Barrier+1","floor":36},{"not_picked":["Wild Strike","Metallicize"],"picked":"strawberrySpire:Taunt+1","floor":39},{"not_picked":["Cleave","Anger+1"],"picked":"Havoc+1","floor":41},{"not_picked":["Pummel","Wild Strike"],"picked":"strawberrySpire:Aggression+1","floor":44},{"not_picked":["Double Tap+1","Second Wind+1"],"picked":"Havoc+1","floor":45},{"not_picked":["Second Wind+1","Clothesline+1"],"picked":"Shockwave+1","floor":48},{"not_picked":["Sword Boomerang+1","Uppercut+1","Dropkick+1"],"picked":"SKIP","floor":54}],"player_experience":1205028,"relics_obtained":[{"floor":7,"key":"Happy Flower"},{"floor":10,"key":"Girya"},{"floor":13,"key":"Red Skull"},{"floor":14,"key":"Thread and Needle"},{"floor":22,"key":"Dead Branch"},{"floor":22,"key":"Toxic Egg 2"},{"floor":23,"key":"Champion Belt"},{"floor":25,"key":"Mango"},{"floor":26,"key":"Centennial Puzzle"},{"floor":27,"key":"Potion Belt"},{"floor":29,"key":"Omamori"},{"floor":37,"key":"strawberrySpire:ThornyGelberry"},{"floor":45,"key":"Mummified Hand"},{"floor":54,"key":"Torii"}],"event_choices":[{"damage_healed":0,"gold_gain":0,"player_choice":"Trade","damage_taken":0,"relics_obtained":["NlothsMask"],"max_hp_gain":0,"max_hp_loss":0,"event_name":"FaceTrader","floor":2,"gold_loss":0},{"damage_healed":0,"gold_gain":0,"player_choice":"Obtained Relic","damage_taken":0,"relics_obtained":["strawberrySpire:Treaders"],"max_hp_gain":0,"max_hp_loss":0,"event_name":"Addict","floor":19,"gold_loss":85},{"damage_healed":0,"gold_gain":0,"player_choice":"Became a vampire","damage_taken":0,"max_hp_gain":0,"max_hp_loss":25,"event_name":"Vampires","floor":21,"gold_loss":0,"cards_obtained":["Bite","Bite","Bite","Bite","Bite"]},{"damage_healed":0,"gold_gain":0,"player_choice":"Fight","damage_taken":0,"max_hp_gain":0,"max_hp_loss":0,"event_name":"Colosseum","floor":22,"gold_loss":0},{"damage_healed":0,"gold_gain":0,"player_choice":"Fought Nobs","damage_taken":0,"max_hp_gain":0,"max_hp_loss":0,"event_name":"Colosseum","floor":22,"gold_loss":0},{"damage_healed":0,"gold_gain":0,"player_choice":"Fight","damage_taken":0,"max_hp_gain":0,"max_hp_loss":0,"event_name":"Mysterious Sphere","floor":37,"gold_loss":0},{"damage_healed":0,"gold_gain":0,"player_choice":"Ignored","damage_taken":0,"max_hp_gain":0,"max_hp_loss":0,"event_name":"Tomb of Lord Red Mask","floor":38,"gold_loss":0},{"cards_removed":["Bash"],"damage_healed":0,"gold_gain":0,"player_choice":"Removed Attack","damage_taken":0,"max_hp_gain":0,"max_hp_loss":0,"event_name":"Falling","floor":47,"gold_loss":0}],"is_beta":true,"boss_relics":[{"not_picked":["Orrery","Runic Dome"],"picked":"energizedSpire:HugeHouse"},{"not_picked":["strawberrySpire:SolarisEssence","Tiny House"],"picked":"strawberrySpire:Dictionifier"}],"items_purged_floors":[0,30],"is_endless":false,"potions_floor_spawned":[4,5,7,8,10,18,22,23,29,33,35,44,48],"ascension_level":1}