{"gold_per_floor":[216,226,226,226,238,271,271,286,331,342,15,15,15,33,33,137,137,156,255,255,271,371,371,390,408,482,482,499,499,511,530,530,530],"floor_reached":33,"playtime":3101,"items_purged":[],"score":251,"play_id":"ec758a39-de2b-446e-a802-b588c797b427","local_time":"20180922183459","is_ascension_mode":false,"campfire_choices":[{"data":"Cloak And Dagger","floor":7,"key":"SMITH"},{"floor":13,"key":"REST"},{"data":"Metamorphosis","floor":15,"key":"SMITH"},{"floor":23,"key":"REST"},{"floor":32,"key":"REST"}],"neow_cost":"NONE","seed_source_timestamp":777567996835258,"circlet_count":0,"master_deck":["Defend_G+1","Defend_G","Defend_G","Defend_G","Defend_G","Strike_G","Strike_G","Strike_G","Survivor","Neutralize","Poisoned Stab","Well Laid Plans+1","Backflip","Cloak And Dagger+1","Deflect","Deadly Poison","Metamorphosis+1","Glass Knife","Flying Knee","Adrenaline","Dodge and Roll","Cloak And Dagger","Dagger Spray+1","PiercingWail+1","Cloak And Dagger","Dodge and Roll+1","Endless Agony+1","Quick Slash+1","Terror"],"relics":["Ring of the Snake","Dodecahedron","Happy Flower","Fusion Hammer","Calipers","Kunai","Meat on the Bone","Molten Egg 2"],"potions_floor_usage":[16,22,22,22,30,30,33],"damage_taken":[{"damage":0,"enemies":"Jaw Worm","floor":1,"turns":5},{"damage":0,"enemies":"2 Louse","floor":2,"turns":2},{"damage":7,"enemies":"Small Slimes","floor":5,"turns":4},{"damage":34,"enemies":"Gremlin Nob","floor":6,"turns":6},{"damage":9,"enemies":"Gremlin Gang","floor":8,"turns":7},{"damage":0,"enemies":"2 Fungi Beasts","floor":10,"turns":4},{"damage":3,"enemies":"Looter","floor":14,"turns":3},{"damage":4,"enemies":"Hexaghost","floor":16,"turns":9},{"damage":0,"enemies":"3 Byrds","floor":18,"turns":4},{"damage":8,"enemies":"Shell Parasite","floor":21,"turns":5},{"damage":22,"enemies":"Colosseum Slavers","floor":22,"turns":4},{"damage":32,"enemies":"Colosseum Nobs","floor":22,"turns":6},{"damage":0,"enemies":"Sentry and Sphere","floor":24,"turns":4},{"damage":3,"enemies":"Centurion and Healer","floor":25,"turns":5},{"damage":0,"enemies":"Snake Plant","floor":28,"turns":5},{"damage":6,"enemies":"Cultist and Chosen","floor":30,"turns":6},{"damage":0,"enemies":"Snecko","floor":31,"turns":5},{"damage":61,"enemies":"Collector","floor":33,"turns":6}],"seed_played":"8780416594700825809","potions_obtained":[{"floor":8,"key":"GhostInAJar"},{"floor":10,"key":"Dexterity Potion"},{"floor":14,"key":"SteroidPotion"},{"floor":16,"key":"GamblersBrew"},{"floor":21,"key":"EssenceOfSteel"},{"floor":25,"key":"EssenceOfSteel"},{"floor":28,"key":"Fire Potion"},{"floor":30,"key":"Swift Potion"}],"is_trial":false,"path_per_floor":["M","M","?","?","M","E","R","M","T","M","$","?","R","M","R","B",null,"M","?","?","M","?","R","M","M","T","T","M","?","M","M","R"],"character_chosen":"THE_SILENT","items_purchased":["Metamorphosis","Glass Knife"],"campfire_rested":3,"item_purchase_floors":[11,11],"current_hp_per_floor":[70,70,75,68,61,27,27,18,18,18,18,3,25,22,22,18,75,75,75,75,67,13,35,35,32,32,32,44,44,38,38,60,0],"gold":530,"neow_bonus":"HUNDRED_GOLD","is_prod":false,"is_daily":false,"chose_seed":false,"campfire_upgraded":2,"win_rate":0,"timestamp":1537630499,"path_taken":["M","M","?","?","?","E","R","M","T","M","$","?","R","M","R","BOSS","M","?","?","M","?","R","M","M","T","?","?","?","?","?","R","BOSS"],"build_version":"2018-09-20","purchased_purges":0,"victory":false,"max_hp_per_floor":[70,70,75,75,75,75,75,75,75,75,75,75,75,75,75,75,75,75,75,75,75,75,75,75,75,75,75,75,75,75,75,75,75],"card_choices":[{"not_picked":["Dagger Spray","Prepared"],"picked":"Poisoned Stab","floor":1},{"not_picked":["Reflex","PiercingWail"],"picked":"Well Laid Plans","floor":2},{"not_picked":["PiercingWail","Dodge and Roll"],"picked":"Backflip","floor":5},{"not_picked":["Blade Dance","Dagger Throw"],"picked":"Cloak And Dagger","floor":6},{"not_picked":["Backflip","Phantasmal Killer"],"picked":"Deflect","floor":8},{"not_picked":["Backflip","Bane"],"picked":"Deadly Poison","floor":10},{"not_picked":["Deflect","Quick Slash"],"picked":"Flying Knee","floor":14},{"not_picked":["Burst","Phantasmal Killer"],"picked":"Adrenaline","floor":16},{"not_picked":["Dagger Spray","Tactician+1"],"picked":"Dodge and Roll","floor":18},{"not_picked":["Caltrops","Dagger Spray"],"picked":"Cloak And Dagger","floor":21},{"not_picked":["Prepared","Deadly Poison"],"picked":"Dagger Spray+1","floor":22},{"not_picked":["Slice","Dagger Spray"],"picked":"PiercingWail+1","floor":24},{"not_picked":["Flechettes","Underhanded Strike"],"picked":"Cloak And Dagger","floor":25},{"not_picked":["Storm of Steel","Escape Plan"],"picked":"Dodge and Roll+1","floor":28},{"not_picked":["Flying Knee+1","Outmaneuver+1"],"picked":"Quick Slash+1","floor":30},{"not_picked":["Poisoned Stab+1","Deflect"],"picked":"Terror","floor":31}],"player_experience":708002,"relics_obtained":[{"floor":6,"key":"Dodecahedron"},{"floor":9,"key":"Happy Flower"},{"floor":22,"key":"Calipers"},{"floor":22,"key":"Kunai"},{"floor":26,"key":"Meat on the Bone"},{"floor":27,"key":"Molten Egg 2"}],"event_choices":[{"event_name":"Big Fish","player_choice":"Donut","floor":3,"damage_taken":0},{"event_name":"Golden Wing","player_choice":"Card Removal","floor":4,"damage_taken":0},{"event_name":"Shining Light","player_choice":"Entered Light","floor":12,"damage_taken":0},{"event_name":"Nest","player_choice":"Stole From Cult","floor":19,"damage_taken":0},{"event_name":"Bonfire Elementals","player_choice":"BASIC","floor":20,"damage_taken":0},{"event_name":"Colosseum","player_choice":"Fight","floor":22,"damage_taken":0},{"event_name":"Colosseum","player_choice":"Fought Nobs","floor":22,"damage_taken":0},{"event_name":"The Library","player_choice":"Read","floor":29,"damage_taken":0}],"is_beta":true,"boss_relics":[{"not_picked":["Sozu","White Beast Statue"],"picked":"Fusion Hammer"}],"items_purged_floors":[],"is_endless":false,"potions_floor_spawned":[8,10,14,16,21,22,25,28,30],"killed_by":"Collector","ascension_level":0}