{"gold_per_floor":[111,123,142,159,174,207,218,218,269,286,314,330,330,330,330,425,425,436,436,436,536,22,50,50,156,180,180,190,190,190,208,208,311,311,327,38,51,222,240,266,266,286,286,311,311,0,0,31,31,130,130,150],"floor_reached":52,"playtime":2732,"items_purged":[],"score":933,"play_id":"22b8785c-e5da-48d6-9b66-9c6e7f679763","local_time":"20190111170515","is_ascension_mode":true,"campfire_choices":[{"data":"Ball Lightning","floor":8,"key":"SMITH"},{"data":"strawberrySpire:Compressor","floor":13,"key":"SMITH"},{"data":"Zap","floor":15,"key":"SMITH"},{"floor":24,"key":"REST"},{"data":"strawberrySpire:Dropbox","floor":30,"key":"SMITH"},{"data":"Hologram","floor":32,"key":"SMITH"},{"data":"Dualcast","floor":41,"key":"SMITH"},{"data":"strawberrySpire:AnotherWinter","floor":49,"key":"SMITH"}],"neow_cost":"NONE","seed_source_timestamp":757256346760976,"circlet_count":0,"master_deck":["Defend_B+1","Defend_B+1","Defend_B+1","Defend_B+1","Zap+1","Dualcast+1","Leap","Ball Lightning+1","Cold Snap","Scrape","Melter","Turbo","strawberrySpire:Compressor+1","All For One","Go for the Eyes","Hologram+1","Glacier","strawberrySpire:Dropbox+1","Steam","Defragment","Go for the Eyes","Rebound+1","Core Surge","strawberrySpire:Adapter+1","White Noise","Loop+1","strawberrySpire:AnotherWinter+1","Turbo+1","Static Discharge","Blizzard+1","Self Repair","Madness","Madness","Capacitor","strawberrySpire:AnotherWinter"],"relics":["Cracked Core","Anchor","Bag of Preparation","Orichalcum","Happy Flower","strawberrySpire:Dictionifier","Pocketwatch","Shuriken","DataDisk","infinitespire:Lucky Rock","PreservedInsect","Strawberry","Empty Cage","infinitespire:Joker Card","infinitespire:Beetle Shell","Ornamental Fan","Dead Branch","infinitespire:FocusingShard","infinitespire:WardingShard"],"potions_floor_usage":[6,11,16,21,21,21,23,28,31,33,33,33,33,35,35,37,37,39,39,40,40,40,42,42,44,44,44,48,48,48,50,50,50,50,50],"damage_taken":[{"damage":0,"enemies":"Small Slimes","floor":1,"turns":2},{"damage":2,"enemies":"2 Louse","floor":2,"turns":3},{"damage":0,"enemies":"Jaw Worm","floor":3,"turns":3},{"damage":2,"enemies":"2 Fungi Beasts","floor":4,"turns":3},{"damage":1,"enemies":"3 Louse","floor":5,"turns":3},{"damage":36,"enemies":"Lagavulin","floor":6,"turns":6},{"damage":0,"enemies":"Blue Slaver","floor":7,"turns":2},{"damage":0,"enemies":"Exordium Thugs","floor":10,"turns":2},{"damage":6,"enemies":"3 Sentries","floor":11,"turns":6},{"damage":0,"enemies":"Lots of Slimes","floor":12,"turns":2},{"damage":4,"enemies":"Slime Boss","floor":16,"turns":8},{"damage":8,"enemies":"2 Thieves","floor":18,"turns":3},{"damage":9,"enemies":"Colosseum Slavers","floor":21,"turns":4},{"damage":34,"enemies":"Colosseum Nobs","floor":21,"turns":6},{"damage":0,"enemies":"Book of Stabbing","floor":23,"turns":4},{"damage":15,"enemies":"Nightmare","floor":25,"turns":8},{"damage":8,"enemies":"3 Byrds","floor":28,"turns":4},{"damage":0,"enemies":"Snecko","floor":31,"turns":3},{"damage":3,"enemies":"Automaton","floor":33,"turns":10},{"damage":9,"enemies":"3 Darklings","floor":35,"turns":6},{"damage":8,"enemies":"3 Shapes","floor":37,"turns":4},{"damage":6,"enemies":"Spire Growth","floor":39,"turns":4},{"damage":42,"enemies":"Nightmare","floor":40,"turns":7},{"damage":2,"enemies":"Maw","floor":42,"turns":7},{"damage":7,"enemies":"Nightmare","floor":44,"turns":9},{"damage":0,"enemies":"Nemesis","floor":48,"turns":5},{"damage":3,"enemies":"Awakened One","floor":50,"turns":7},{"damage":2,"enemies":"Jaw Worm","floor":52,"turns":3}],"seed_played":"-7330285552824611226","potions_obtained":[{"floor":2,"key":"Ancient Potion"},{"floor":3,"key":"Energy Potion"},{"floor":7,"key":"Dexterity Potion"},{"floor":12,"key":"Regen Potion"},{"floor":16,"key":"Poison Potion"},{"floor":18,"key":"SpeedPotion"},{"floor":25,"key":"infinitespire:BlackPotion"},{"floor":28,"key":"GamblersBrew"},{"floor":33,"key":"PowerPotion"},{"floor":35,"key":"Energy Potion"},{"floor":39,"key":"AttackPotion"},{"floor":40,"key":"infinitespire:BlackPotion"},{"floor":44,"key":"infinitespire:BlackPotion"},{"floor":48,"key":"PowerPotion"},{"floor":50,"key":"Swift Potion"}],"is_trial":false,"path_per_floor":["M","M","M","M","M","E","M","R","T","M","E","M","R","?","R","B",null,"M","?","?","?","$","E","R","NM","T","?","M","?","R","M","R","B",null,"M","$","M","?","M","NM","R","M","T","NM","?","$","?","E","R","B",null,"M"],"character_chosen":"DEFECT","items_purchased":["strawberrySpire:Dropbox","DataDisk","Steam","Defragment","Go for the Eyes","infinitespire:Joker Card","infinitespire:FocusingShard","Self Repair"],"campfire_rested":1,"item_purchase_floors":[22,22,22,22,22,36,46,46],"current_hp_per_floor":[75,73,73,71,70,34,34,34,34,34,28,28,28,21,21,32,75,67,53,53,10,10,16,40,31,38,38,30,30,30,36,36,54,87,84,84,82,97,91,55,55,73,73,72,72,72,60,66,66,82,97,97],"gold":150,"neow_bonus":"RANDOM_COMMON_RELIC","is_prod":false,"is_daily":false,"chose_seed":false,"campfire_upgraded":7,"win_rate":0,"timestamp":1547215515,"path_taken":["M","M","M","M","M","E","M","R","T","M","E","M","R","?","R","BOSS","M","?","?","?","$","E","R","NM","T","?","?","?","R","M","R","BOSS","M","$","M","?","M","NM","R","?","T","NM","?","$","?","E","R","BOSS","M"],"build_version":"2019-01-10","purchased_purges":0,"victory":false,"max_hp_per_floor":[75,75,75,75,75,75,75,75,75,75,75,75,75,75,75,75,75,75,80,80,80,80,80,80,80,87,87,87,87,87,87,87,87,87,87,87,87,97,97,97,97,97,97,97,97,97,97,97,97,97,97,97],"card_choices":[{"not_picked":["Barrage","strawberrySpire:FocalLaser"],"picked":"Leap","floor":1},{"not_picked":["FTL","Darkness"],"picked":"Ball Lightning","floor":2},{"not_picked":["White Noise","Beam Cell"],"picked":"Cold Snap","floor":3},{"not_picked":["Consume","Storm"],"picked":"strawberrySpire:Disconnect","floor":4},{"not_picked":["Doom and Gloom","Barrage"],"picked":"Scrape","floor":5},{"not_picked":["Compile Driver","Hello World"],"picked":"Melter","floor":6},{"not_picked":["Coolheaded","Self Repair"],"picked":"Turbo","floor":7},{"not_picked":["Ball Lightning","Rebound"],"picked":"strawberrySpire:Compressor","floor":10},{"not_picked":["Leap","Lockon"],"picked":"All For One","floor":11},{"not_picked":["BootSequence","Recycle"],"picked":"Go for the Eyes","floor":12},{"not_picked":["Rainbow","strawberrySpire:Ronchyble"],"picked":"strawberrySpire:Refactor","floor":16},{"not_picked":["Compile Driver","strawberrySpire:Adapter"],"picked":"Hologram","floor":18},{"not_picked":["strawberrySpire:NeonFlight","Ball Lightning"],"picked":"Glacier","floor":21},{"not_picked":["Skim","Compile Driver+1"],"picked":"Rebound+1","floor":23},{"not_picked":["Biased Cognition","Steam Power"],"picked":"Core Surge","floor":25},{"not_picked":["Tempest","Self Repair"],"picked":"strawberrySpire:Adapter+1","floor":28},{"not_picked":["Turbo+1","strawberrySpire:DataDump"],"picked":"Loop+1","floor":31},{"not_picked":["Reboot","strawberrySpire:Refactor"],"picked":"strawberrySpire:AnotherWinter","floor":33},{"not_picked":["Compile Driver","strawberrySpire:GearCrunch+1"],"picked":"Turbo+1","floor":35},{"not_picked":["strawberrySpire:Adapter+1","Barrage","strawberrySpire:THEL+1"],"picked":"SKIP","floor":37},{"not_picked":["Force Field+1","strawberrySpire:Disconnect"],"picked":"Static Discharge","floor":39},{"not_picked":["Gash+1","Doom and Gloom+1"],"picked":"Blizzard+1","floor":40},{"not_picked":["Static Discharge","Sweeping Beam+1","Hello World"],"picked":"SKIP","floor":42},{"not_picked":["strawberrySpire:AngeryBot+1","Redo+1","strawberrySpire:FocalLaser+1"],"picked":"SKIP","floor":44},{"not_picked":["Double Energy+1","Turbo"],"picked":"Capacitor","floor":48},{"not_picked":["All For One","Hyperbeam"],"picked":"strawberrySpire:AnotherWinter","floor":50}],"player_experience":1063585,"relics_obtained":[{"floor":6,"key":"Bag of Preparation"},{"floor":9,"key":"Orichalcum"},{"floor":11,"key":"Happy Flower"},{"floor":21,"key":"Pocketwatch"},{"floor":21,"key":"Shuriken"},{"floor":23,"key":"infinitespire:Lucky Rock"},{"floor":25,"key":"PreservedInsect"},{"floor":26,"key":"Strawberry"},{"floor":40,"key":"infinitespire:Beetle Shell"},{"floor":43,"key":"Ornamental Fan"},{"floor":44,"key":"Dead Branch"},{"floor":48,"key":"infinitespire:WardingShard"}],"event_choices":[{"cards_removed":["Strike_B"],"damage_healed":0,"gold_gain":0,"player_choice":"Card Removal","damage_taken":7,"max_hp_gain":0,"max_hp_loss":0,"event_name":"Golden Wing","floor":14,"gold_loss":0},{"damage_healed":0,"gold_gain":0,"player_choice":"Shed Blood","damage_taken":19,"max_hp_gain":5,"max_hp_loss":0,"event_name":"Forgotten Altar","floor":19,"gold_loss":0},{"damage_healed":0,"gold_gain":0,"player_choice":"Ignored","damage_taken":0,"max_hp_gain":0,"max_hp_loss":0,"event_name":"Ghosts","floor":20,"gold_loss":0},{"damage_healed":0,"gold_gain":0,"player_choice":"Fight","damage_taken":0,"max_hp_gain":0,"max_hp_loss":0,"event_name":"Colosseum","floor":21,"gold_loss":0},{"damage_healed":0,"gold_gain":0,"player_choice":"Fought Nobs","damage_taken":0,"max_hp_gain":0,"max_hp_loss":0,"event_name":"Colosseum","floor":21,"gold_loss":0},{"damage_healed":0,"gold_gain":0,"player_choice":"Simplicity","damage_taken":0,"max_hp_gain":0,"max_hp_loss":0,"event_name":"Back to Basics","floor":27,"gold_loss":0,"cards_upgraded":["Strike_B","Strike_B","Strike_B","Defend_B","Defend_B","Defend_B","Defend_B"]},{"damage_healed":0,"gold_gain":0,"cards_transformed":["Strike_B"],"player_choice":"Transformed","damage_taken":0,"max_hp_gain":0,"max_hp_loss":0,"event_name":"Transmorgrifier","floor":29,"gold_loss":0,"cards_obtained":["White Noise"]},{"cards_removed":["strawberrySpire:Refactor"],"damage_healed":5,"gold_gain":0,"player_choice":"Offered Rare","damage_taken":0,"max_hp_gain":10,"max_hp_loss":0,"event_name":"Bonfire Elementals","floor":38,"gold_loss":0},{"cards_removed":["strawberrySpire:Disconnect"],"damage_healed":0,"gold_gain":0,"player_choice":"Removed Attack","damage_taken":0,"max_hp_gain":0,"max_hp_loss":0,"event_name":"Falling","floor":45,"gold_loss":0},{"damage_healed":0,"gold_gain":0,"player_choice":"Embrace Madness","damage_taken":12,"max_hp_gain":0,"max_hp_loss":0,"event_name":"Winding Halls","floor":47,"gold_loss":0,"cards_obtained":["Madness","Madness"]}],"is_beta":true,"boss_relics":[{"not_picked":["Inserter","Runic Dome"],"picked":"strawberrySpire:Dictionifier"},{"not_picked":["White Beast Statue","Cursed Key"],"picked":"Empty Cage"},{"not_picked":[]}],"items_purged_floors":[],"is_endless":true,"potions_floor_spawned":[2,3,7,12,16,18,21,28,33,35,39,48,50],"killed_by":"Jaw Worm","ascension_level":1}