{"gold_per_floor":[111,124,124,299,299,299,330,330,353,353,384,396,406,425,425,425],"floor_reached":16,"playtime":650,"items_purged":[],"score":116,"play_id":"e096da2b-3e07-45c4-9f9f-3359df9cd981","local_time":"20181222084600","is_ascension_mode":true,"campfire_choices":[{"data":"Cleave","floor":6,"key":"SMITH"},{"data":"Flame Barrier","floor":8,"key":"SMITH"},{"data":"Madness","floor":10,"key":"SMITH"},{"data":"Body Slam","floor":15,"key":"SMITH"}],"neow_cost":"TEN_PERCENT_HP_LOSS","seed_source_timestamp":729793810996385,"circlet_count":0,"master_deck":["Strike_R","Strike_R","Strike_R","Strike_R","Defend_R","Defend_R","Defend_R","Defend_R","Bash","Secret Weapon","Madness+1","Flame Barrier+1","Cleave+1","Doubt","Headbutt","Armaments","Shrug It Off","Offering","Body Slam+1"],"relics":["Burning Blood","Peace Pipe","Bag of Preparation"],"potions_floor_usage":[11],"damage_taken":[{"damage":1,"enemies":"Cultist","floor":1,"turns":3},{"damage":1,"enemies":"Jaw Worm","floor":2,"turns":5},{"damage":30,"enemies":"3 Sentries","floor":7,"turns":9},{"damage":14,"enemies":"Gremlin Nob","floor":11,"turns":3},{"damage":0,"enemies":"2 Louse","floor":12,"turns":2},{"damage":3,"enemies":"Red Slaver","floor":13,"turns":2},{"damage":0,"enemies":"3 Louse","floor":14,"turns":2},{"damage":57,"enemies":"Slime Boss","floor":16,"turns":10}],"seed_played":"-8228427210332896660","potions_obtained":[{"floor":7,"key":"AttackPotion"},{"floor":12,"key":"Poison Potion"}],"is_trial":false,"path_per_floor":["M","M","?","?","?","R","E","R","T","R","E","M","M","M","R","B"],"character_chosen":"IRONCLAD","items_purchased":[],"campfire_rested":0,"item_purchase_floors":[],"current_hp_per_floor":[72,72,65,65,70,70,46,46,46,46,38,44,47,53,53,0],"gold":425,"neow_bonus":"RANDOM_COLORLESS_2","is_prod":false,"is_daily":false,"chose_seed":false,"campfire_upgraded":4,"win_rate":0,"timestamp":1545457560,"path_taken":["M","?","?","?","?","R","E","R","T","R","E","M","M","M","R","BOSS"],"build_version":"2018-12-20","purchased_purges":0,"victory":false,"max_hp_per_floor":[72,72,72,72,77,77,77,77,77,77,77,77,77,77,77,77],"card_choices":[{"not_picked":["Perfected Strike","Clash"],"picked":"Flame Barrier","floor":1},{"not_picked":["Anger","Twin Strike"],"picked":"Cleave","floor":2},{"not_picked":["Cleave","Sever Soul"],"picked":"Headbutt","floor":7},{"not_picked":["Feel No Pain","Thunderclap"],"picked":"Armaments","floor":11},{"not_picked":["Entrench","Intimidate"],"picked":"Shrug It Off","floor":12},{"not_picked":["Bloodletting","Armaments"],"picked":"Offering","floor":13},{"not_picked":["Reckless Charge","Evolve"],"picked":"Body Slam","floor":14}],"player_experience":1000395,"relics_obtained":[{"floor":7,"key":"Peace Pipe"},{"floor":11,"key":"Bag of Preparation"}],"event_choices":[{"cards_removed":["Strike_R"],"damage_healed":0,"gold_gain":0,"player_choice":"Card Removal","damage_taken":7,"max_hp_gain":0,"max_hp_loss":0,"event_name":"Golden Wing","floor":3,"gold_loss":0},{"damage_healed":0,"gold_gain":175,"player_choice":"AGREE","damage_taken":0,"max_hp_gain":0,"max_hp_loss":0,"event_name":"Liars Game","floor":4,"gold_loss":0,"cards_obtained":["Doubt"]},{"damage_healed":0,"gold_gain":0,"player_choice":"Donut","damage_taken":0,"max_hp_gain":5,"max_hp_loss":0,"event_name":"Big Fish","floor":5,"gold_loss":0}],"is_beta":true,"boss_relics":[],"items_purged_floors":[],"is_endless":false,"potions_floor_spawned":[7,12],"killed_by":"Slime Boss","ascension_level":1}