{"gold_per_floor":[218,143,157,57,57,85,85,100,125,125,145,171,171,246,246,345,345,358,163,178,190,289,289,316,316,316,316,316,326,69,69,69,174,174,188,188,188,188,188,220,240,170,244,7,7,7,7,21,21,21],"floor_reached":51,"playtime":1211,"items_purged":["Strike_B","Defend_B","Strike_B","Defend_B","Sunder"],"score":747,"play_id":"ef8a5604-1dbc-4780-b4d1-10f4b9909331","local_time":"20190730231008","is_ascension_mode":false,"campfire_choices":[{"data":"Zap","floor":7.0,"key":"SMITH"},{"data":"White Noise","floor":10.0,"key":"SMITH"},{"data":"White Noise","floor":13.0,"key":"SMITH"},{"data":"Dualcast","floor":15.0,"key":"SMITH"},{"floor":23.0,"key":"REST"},{"floor":25.0,"key":"REST"},{"floor":28.0,"key":"RECALL"},{"floor":32.0,"key":"REST"},{"data":"1","floor":45.0,"key":"LIFT"},{"data":"2","floor":49.0,"key":"LIFT"}],"neow_cost":"NONE","seed_source_timestamp":136492826620,"circlet_count":0,"master_deck":["Zap+1","Dualcast+1","White Noise+1","Cold Snap","White Noise+1","Biased Cognition","Reinforced Body","Echo Form","Reinforced Body+1","Coolheaded","Tempest","Tempest+1","Electrodynamics","Coolheaded+1","Storm","Parasite","Tempest"],"special_seed":0,"relics":["Cracked Core","Bag of Preparation","Anchor","Smiling Mask","Fusion Hammer","Juzu Bracelet","Potion Belt","Pen Nib","Orichalcum","Membership Card","Empty Cage","Nunchaku","Mercury Hourglass","Girya","Vajra"],"potions_floor_usage":[50],"damage_taken":[{"damage":0.0,"enemies":"2 Louse","floor":1.0,"turns":2.0},{"damage":0.0,"enemies":"Cultist","floor":3.0,"turns":3.0},{"damage":9.0,"enemies":"Gremlin Nob","floor":6.0,"turns":3.0},{"damage":4.0,"enemies":"Jaw Worm","floor":8.0,"turns":2.0},{"damage":0.0,"enemies":"3 Louse","floor":11.0,"turns":2.0},{"damage":3.0,"enemies":"Lagavulin","floor":12.0,"turns":4.0},{"damage":0.0,"enemies":"Slime Boss","floor":16.0,"turns":3.0},{"damage":4.0,"enemies":"Spheric Guardian","floor":18.0,"turns":3.0},{"damage":0.0,"enemies":"Chosen","floor":20.0,"turns":3.0},{"damage":0.0,"enemies":"Centurion and Healer","floor":21.0,"turns":7.0},{"damage":15.0,"enemies":"Slavers","floor":24.0,"turns":4.0},{"damage":0.0,"enemies":"Cultist and Chosen","floor":29.0,"turns":5.0},{"damage":18.0,"enemies":"Champ","floor":33.0,"turns":5.0},{"damage":11.0,"enemies":"3 Darklings","floor":35.0,"turns":3.0},{"damage":10.0,"enemies":"Reptomancer","floor":40.0,"turns":5.0},{"damage":0.0,"enemies":"3 Shapes","floor":41.0,"turns":2.0},{"damage":5.0,"enemies":"Writhing Mass","floor":48.0,"turns":3.0},{"damage":33,"enemies":"Time Eater","floor":50,"turns":5}],"seed_played":"-8239673400401614202","potions_obtained":[{"floor":3.0,"key":"PowerPotion"},{"floor":5.0,"key":"Fire Potion"},{"floor":5.0,"key":"Fire Potion"},{"floor":12.0,"key":"PowerPotion"},{"floor":20.0,"key":"PowerPotion"},{"floor":33.0,"key":"Block Potion"},{"floor":35.0,"key":"FearPotion"},{"floor":41.0,"key":"Block Potion"}],"is_trial":false,"path_per_floor":["M","$","M","$","?","E","R","M","T","R","M","E","R","?","R","B",null,"M","$","M","M","?","R","E","R","T","?","R","M","$","?","R","B",null,"M","?","?","?","?","E","M","$","T","$","R","?","$","M","R","B",null],"character_chosen":"DEFECT","items_purchased":["Juzu Bracelet","Membership Card","Storm","Girya","Vajra"],"campfire_rested":3,"item_purchase_floors":[19,30,42,44,44],"current_hp_per_floor":[75,75,75,75,75,66,66,62,62,62,62,59,59,48,48,48,75,71,71,71,71,71,75,60,75,75,75,75,75,75,75,75,57,75,64,64,64,64,64,54,54,54,54,54,54,54,54,49,49,16],"gold":21,"neow_bonus":"HUNDRED_GOLD","is_prod":false,"is_daily":false,"chose_seed":false,"campfire_upgraded":4,"win_rate":0,"timestamp":1564549808,"path_taken":["M","$","M","$","?","E","R","?","T","R","M","E","R","?","R","BOSS","M","$","M","M","?","R","E","R","T","?","R","M","$","?","R","BOSS","M","?","?","?","?","E","M","$","T","?","R","?","$","M","R","BOSS"],"build_version":"2019-07-17","purchased_purges":5,"victory":true,"max_hp_per_floor":[75,75,75,75,75,75,75,75,75,75,75,75,75,75,75,75,75,75,75,75,75,75,75,75,75,75,75,75,75,75,75,75,75,75,75,75,75,71,71,71,71,71,71,71,71,71,71,71,71,71],"card_choices":[{"not_picked":["Conserve Battery","Sweeping Beam"],"picked":"White Noise","floor":1.0},{"not_picked":["Conserve Battery","Gash"],"picked":"Cold Snap","floor":3.0},{"not_picked":["Redo","Streamline"],"picked":"White Noise","floor":6.0},{"not_picked":["Heatsinks","Fusion"],"picked":"Sunder","floor":8.0},{"not_picked":["Go for the Eyes","Steam"],"picked":"Biased Cognition","floor":11.0},{"not_picked":["Leap","Steam"],"picked":"Reinforced Body","floor":12.0},{"not_picked":["Reboot","Thunder Strike"],"picked":"Echo Form","floor":16.0},{"not_picked":["Gash","Stack","Lockon"],"picked":"SKIP","floor":18.0},{"not_picked":["Compile Driver","Leap+1"],"picked":"Reinforced Body+1","floor":20.0},{"not_picked":["Double Energy","Cold Snap"],"picked":"Coolheaded","floor":21.0},{"not_picked":["Go for the Eyes","Compile Driver"],"picked":"Tempest","floor":24.0},{"not_picked":["Ball Lightning+1","Hologram"],"picked":"Tempest","floor":29.0},{"not_picked":["Core Surge","Machine Learning"],"picked":"Electrodynamics","floor":33.0},{"not_picked":["Static Discharge+1","Redo"],"picked":"Coolheaded+1","floor":35.0},{"not_picked":["Leap","Steam Power","Streamline"],"picked":"SKIP","floor":40.0},{"not_picked":["Lockon","Static Discharge+1","Barrage+1"],"picked":"SKIP","floor":41.0},{"not_picked":["Force Field","Loop"],"picked":"Tempest","floor":48.0}],"player_experience":1595254,"relics_obtained":[{"floor":6.0,"key":"Bag of Preparation"},{"floor":9.0,"key":"Anchor"},{"floor":12.0,"key":"Smiling Mask"},{"floor":24.0,"key":"Potion Belt"},{"floor":26.0,"key":"Pen Nib"},{"floor":40.0,"key":"Nunchaku"},{"floor":43.0,"key":"Mercury Hourglass"}],"event_choices":[{"damage_healed":0.0,"max_hp_gain":0.0,"max_hp_loss":0.0,"gold_gain":0.0,"event_name":"Lab","player_choice":"Got Potions","floor":5.0,"gold_loss":0.0,"damage_taken":0.0},{"damage_healed":0.0,"max_hp_gain":0.0,"max_hp_loss":0.0,"gold_gain":75.0,"event_name":"World of Goop","player_choice":"Gather Gold","floor":14.0,"gold_loss":0.0,"damage_taken":11.0},{"damage_healed":0.0,"max_hp_gain":0.0,"max_hp_loss":0.0,"gold_gain":99.0,"event_name":"Nest","player_choice":"Stole From Cult","floor":22.0,"gold_loss":0.0,"damage_taken":0.0},{"damage_healed":0.0,"max_hp_gain":0.0,"max_hp_loss":0.0,"gold_gain":0.0,"event_name":"The Mausoleum","player_choice":"Opened","floor":27.0,"gold_loss":0.0,"damage_taken":0.0,"relics_obtained":["Orichalcum"]},{"damage_healed":0.0,"max_hp_gain":0.0,"max_hp_loss":0.0,"gold_gain":0.0,"event_name":"Ghosts","player_choice":"Ignored","floor":31.0,"gold_loss":0.0,"damage_taken":0.0},{"cards_removed":["Defend_B"],"damage_healed":0.0,"max_hp_gain":0.0,"max_hp_loss":0.0,"gold_gain":0.0,"event_name":"Falling","player_choice":"Removed Skill","floor":36.0,"gold_loss":0.0,"damage_taken":0.0},{"cards_removed":["Strike_B"],"damage_healed":0.0,"max_hp_gain":0.0,"max_hp_loss":0.0,"gold_gain":0.0,"event_name":"Purifier","player_choice":"Purged","floor":37.0,"gold_loss":0.0,"damage_taken":0.0},{"damage_healed":0.0,"max_hp_gain":0.0,"max_hp_loss":4.0,"gold_gain":0.0,"event_name":"Winding Halls","player_choice":"Max HP","floor":38.0,"gold_loss":0.0,"damage_taken":0.0},{"damage_healed":0.0,"max_hp_gain":0.0,"max_hp_loss":0.0,"gold_gain":0.0,"event_name":"Tomb of Lord Red Mask","player_choice":"Ignored","floor":39.0,"gold_loss":0.0,"damage_taken":0.0},{"damage_healed":0.0,"max_hp_gain":0.0,"max_hp_loss":0.0,"gold_gain":0.0,"event_name":"Accursed Blacksmith","player_choice":"Forge","floor":46.0,"gold_loss":0.0,"damage_taken":0.0,"cards_upgraded":["Tempest"]}],"is_beta":false,"boss_relics":[{"not_picked":["White Beast Statue","Orrery"],"picked":"Fusion Hammer"},{"not_picked":["Tiny House","Calling Bell"],"picked":"Empty Cage"}],"items_purged_floors":[2,4,19,30,42],"is_endless":false,"potions_floor_spawned":[3,12,20,33,35,41],"ascension_level":0}