{"gold_per_floor":[116,133,152,166,177,208,227,253,253,253,253,273,273,238,238,341,341,351,384,402,414,414,414,447,447,447,464,464,491,491,516,516,614,614,625,625,625,847,863,863,892,11,11,11],"floor_reached":44,"playtime":4019,"items_purged":["Strike_R"],"score":890,"play_id":"308347d1-3205-44bc-a599-a4d4ac007f24","local_time":"20190309021034","is_ascension_mode":true,"campfire_choices":[{"data":"strawberrySpire:DraftPunk","floor":10,"key":"SMITH"},{"data":"strawberrySpire:Incursion","floor":15,"key":"SMITH"},{"data":"Metallicize","floor":23,"key":"SMITH"},{"data":"Armaments","floor":25,"key":"SMITH"},{"floor":32,"key":"REST"},{"floor":40,"key":"REST"}],"neow_cost":"","seed_source_timestamp":0,"circlet_count":0,"master_deck":["Strike_R+1","Strike_R","Strike_R","Defend_R","Defend_R","Defend_R","Defend_R","Bash+1","strawberrySpire:DraftPunk+1","Cleave","strawberrySpire:Overwork","Uppercut","Carnage","Armaments+1","Iron Wave","Juggernaut","strawberrySpire:Incursion+1","Iron Wave","Clumsy","Warcry","Juggernaut","Metallicize+1","Thunderclap+1","Seeing Red+1","Headbutt","Dark Embrace","Pummel+1","Corruption","Iron Wave","Limit Break","Disarm+1","Panache","Jack Of All Trades","Mayhem","Metallicize+1","Panache","Strike_R","Strike_R","Strike_R+1","Strike_R+1","Strike_R","Strike_R","Strike_R","Strike_R","Strike_R","Strike_R","Defend_R","Defend_R","Defend_R","Defend_R","Defend_R","Defend_R","Defend_R","Defend_R","Bash+1","Bash+1","strawberrySpire:DraftPunk+1","strawberrySpire:DraftPunk+1","Cleave","Cleave","strawberrySpire:Overwork","strawberrySpire:Overwork","Uppercut","Uppercut","Carnage","Carnage","Armaments+1","Armaments+1","Iron Wave","Iron Wave","Juggernaut","Juggernaut","strawberrySpire:Incursion+1","strawberrySpire:Incursion+1","Iron Wave","Iron Wave","Clumsy","Clumsy","Warcry","Warcry","Juggernaut","Juggernaut","Metallicize+1","Metallicize+1","Thunderclap+1","Thunderclap+1","Seeing Red+1","Seeing Red+1","Headbutt","Headbutt","Dark Embrace","Dark Embrace","Pummel+1","Pummel+1","Corruption","Corruption","Iron Wave","Iron Wave","Limit Break","Limit Break","Disarm+1","Disarm+1","Panache","Panache","Jack Of All Trades","Jack Of All Trades","Mayhem","Mayhem","Metallicize+1","Metallicize+1","Panache","Panache","Armaments+1","Shockwave","Power Through","strawberrySpire:Harvest","Panache","Shrug It Off+1"],"special_seed":0,"relics":["Black Blood","strawberrySpire:WyrmJar","Mercury Hourglass","Sling","Meat on the Bone","The Courier","Letter Opener","strawberrySpire:ElefentMask","strawberrySpire:Dreamfruit","energizedSpire:DeflatedTyre","Red Mask","strawberrySpire:TinySteamboat","Question Card","Enchiridion","Whetstone","Paper Frog","strawberrySpire:DirtyLipstick","strawberrySpire:ShipInABottle","Oddly Smooth Stone","DollysMirror","Pantograph","Regal Pillow","strawberrySpire:CharschorBlot"],"potions_floor_usage":[6,6,16,27,31,33],"damage_taken":[{"damage":1,"enemies":"Cultist","floor":1,"turns":3},{"damage":6,"enemies":"Jaw Worm","floor":2,"turns":3},{"damage":9,"enemies":"Small Slimes","floor":3,"turns":3},{"damage":21,"enemies":"Exordium Wildlife","floor":4,"turns":4},{"damage":10,"enemies":"3 Louse","floor":5,"turns":2},{"damage":9,"enemies":"Lagavulin","floor":6,"turns":5},{"damage":12,"enemies":"Large Slime","floor":7,"turns":5},{"damage":6,"enemies":"3 Sentries","floor":8,"turns":5},{"damage":2,"enemies":"Looter","floor":12,"turns":2},{"damage":8,"enemies":"Slime Boss","floor":16,"turns":6},{"damage":6,"enemies":"3 Byrds","floor":18,"turns":4},{"damage":24,"enemies":"Masked Bandits","floor":19,"turns":4},{"damage":5,"enemies":"Spheric Guardian","floor":20,"turns":3},{"damage":10,"enemies":"Snecko","floor":21,"turns":4},{"damage":21,"enemies":"Book of Stabbing","floor":24,"turns":5},{"damage":12,"enemies":"3 Cultists","floor":27,"turns":4},{"damage":9,"enemies":"Gremlin Leader","floor":29,"turns":5},{"damage":36,"enemies":"strawberrySpire:AncientClocktower","floor":31,"turns":6},{"damage":13,"enemies":"Automaton","floor":33,"turns":6},{"damage":24,"enemies":"Orb Walker","floor":35,"turns":4},{"damage":30,"enemies":"3 Shapes","floor":39,"turns":3},{"damage":28,"enemies":"Reptomancer","floor":41,"turns":4},{"damage":46,"enemies":"Nemesis","floor":44,"turns":4}],"seed_played":"-3933734492738776798","potions_obtained":[{"floor":2,"key":"PowerPotion"},{"floor":5,"key":"Fire Potion"},{"floor":12,"key":"Energy Potion"},{"floor":20,"key":"SpeedPotion"},{"floor":29,"key":"LiquidBronze"},{"floor":31,"key":"Energy Potion"},{"floor":33,"key":"Dexterity Potion"},{"floor":35,"key":"LiquidBronze"}],"is_trial":false,"path_per_floor":["M","M","M","M","M","E","M","E","T","R","?","M","R","?","R","B",null,"M","?","M","M","?","R","E","R","T","M","?","E","T","E","R","B",null,"M","?","?","?","M","R","E","$","T","E"],"character_chosen":"IRONCLAD","items_purchased":["strawberrySpire:WyrmJar","Mercury Hourglass","Sling","strawberrySpire:DraftPunk","Meat on the Bone","Oddly Smooth Stone","Power Through","strawberrySpire:Harvest","DollysMirror","Pantograph","Regal Pillow","Strength Potion"],"campfire_rested":2,"item_purchase_floors":[0,0,0,0,0,42,42,42,42,42,42,42],"current_hp_per_floor":[80,80,77,62,58,55,49,49,49,49,49,53,53,73,73,71,80,80,62,63,59,44,44,41,41,41,47,31,40,40,22,47,52,85,71,61,33,33,25,50,44,44,44,0],"gold":11,"neow_bonus":"","is_prod":false,"is_daily":false,"chose_seed":false,"campfire_upgraded":4,"win_rate":0,"timestamp":1552086634,"path_taken":["M","M","M","M","?","E","M","E","T","R","?","M","R","?","R","BOSS","M","?","M","M","?","R","E","R","T","M","?","E","?","E","R","BOSS","M","?","?","?","M","R","E","?","T","E"],"build_version":"2019-02-06","purchased_purges":1,"victory":false,"max_hp_per_floor":[80,80,80,80,80,80,80,80,80,80,80,80,80,80,80,80,80,80,80,80,80,85,85,85,85,85,85,85,85,85,85,85,85,85,85,85,85,85,85,85,85,85,85,85],"card_choices":[{"not_picked":["Iron Wave","Thunderclap"],"picked":"strawberrySpire:Overwork","floor":1},{"not_picked":["Second Wind","Clothesline"],"picked":"Uppercut","floor":2},{"not_picked":["Iron Wave","Warcry"],"picked":"Carnage","floor":3},{"not_picked":["Body Slam","strawberrySpire:ZonePlayer"],"picked":"Armaments","floor":4},{"not_picked":["Pummel","Wild Strike"],"picked":"Iron Wave","floor":5},{"not_picked":["strawberrySpire:DebrisPile","Heavy Blade"],"picked":"Juggernaut","floor":6},{"not_picked":["Perfected Strike","Disarm"],"picked":"strawberrySpire:Incursion","floor":7},{"not_picked":["Twin Strike","Armaments"],"picked":"Iron Wave","floor":8},{"not_picked":["Twin Strike","Warcry","Perfected Strike"],"picked":"SKIP","floor":12},{"not_picked":["Twin Strike","Perfected Strike"],"picked":"Warcry","floor":12},{"not_picked":["Feed","Offering"],"picked":"Juggernaut","floor":16},{"not_picked":["Twin Strike+1","Flex"],"picked":"Metallicize","floor":18},{"not_picked":["strawberrySpire:Endurance","Havoc"],"picked":"Thunderclap+1","floor":19},{"not_picked":["Shrug It Off","Twin Strike"],"picked":"Seeing Red+1","floor":20},{"not_picked":["Twin Strike","Shrug It Off"],"picked":"Headbutt","floor":21},{"not_picked":["Armaments","strawberrySpire:FireDrill"],"picked":"Dark Embrace","floor":24},{"not_picked":["Pommel Strike","strawberrySpire:FireDrill","Heavy Blade+1"],"picked":"Pummel+1","floor":27},{"not_picked":["Combust","Anger+1","strawberrySpire:ZonePlayer"],"picked":"Corruption","floor":29},{"not_picked":["Sever Soul","Perfected Strike","strawberrySpire:DebrisPile"],"picked":"Iron Wave","floor":31},{"not_picked":["Dark Embrace","strawberrySpire:Harvest","Immolate"],"picked":"Limit Break","floor":33},{"not_picked":["Body Slam+1","Evolve+1","True Grit"],"picked":"Disarm+1","floor":35},{"not_picked":["Trip","strawberrySpire:Disreguard","Flash of Steel"],"picked":"Panache","floor":36},{"not_picked":["strawberrySpire:Fade","Blind","strawberrySpire:ExtraUtilities"],"picked":"Jack Of All Trades","floor":36},{"not_picked":["Chrysalis","Purity","strawberrySpire:Disreguard"],"picked":"Mayhem","floor":36},{"not_picked":["Twin Strike","Anger","strawberrySpire:Spite"],"picked":"Armaments+1","floor":39},{"not_picked":["True Grit","Heavy Blade","Clothesline"],"picked":"Shockwave","floor":41}],"player_experience":1183748,"relics_obtained":[{"floor":6,"key":"The Courier"},{"floor":8,"key":"Letter Opener"},{"floor":9,"key":"strawberrySpire:ElefentMask"},{"floor":13,"key":"strawberrySpire:Dreamfruit"},{"floor":19,"key":"Red Mask"},{"floor":24,"key":"strawberrySpire:TinySteamboat"},{"floor":26,"key":"Question Card"},{"floor":28,"key":"Enchiridion"},{"floor":29,"key":"Whetstone"},{"floor":30,"key":"Paper Frog"},{"floor":31,"key":"strawberrySpire:DirtyLipstick"},{"floor":41,"key":"strawberrySpire:ShipInABottle"},{"floor":43,"key":"strawberrySpire:CharschorBlot"}],"event_choices":[{"damage_healed":20,"gold_gain":0,"player_choice":"Healed","damage_taken":0,"max_hp_gain":0,"max_hp_loss":0,"event_name":"The Cleric","floor":14,"gold_loss":35},{"damage_healed":0,"gold_gain":0,"player_choice":"Fought Bandits","damage_taken":0,"max_hp_gain":0,"max_hp_loss":0,"event_name":"Masked Bandits","floor":19,"gold_loss":0},{"damage_healed":0,"gold_gain":0,"player_choice":"Shed Blood","damage_taken":20,"max_hp_gain":5,"max_hp_loss":0,"event_name":"Forgotten Altar","floor":22,"gold_loss":0},{"damage_healed":0,"gold_gain":0,"player_choice":"Obtained Book","damage_taken":16,"max_hp_gain":0,"max_hp_loss":0,"event_name":"Cursed Tome","floor":28,"gold_loss":0},{"damage_healed":0,"gold_gain":0,"player_choice":"Memory 3","damage_taken":10,"max_hp_gain":0,"max_hp_loss":0,"event_name":"SensoryStone","floor":36,"gold_loss":0},{"damage_healed":0,"gold_gain":222,"player_choice":"Wore Mask","damage_taken":0,"max_hp_gain":0,"max_hp_loss":0,"event_name":"Tomb of Lord Red Mask","floor":38,"gold_loss":0}],"is_beta":true,"boss_relics":[{"not_picked":["Orrery","Tiny House"],"picked":"energizedSpire:DeflatedTyre"},{"not_picked":["Sozu","Astrolabe"],"picked":"Black Blood"}],"items_purged_floors":[42],"is_endless":false,"potions_floor_spawned":[2,5,12,20,29,31,33,35],"killed_by":"Nemesis","ascension_level":1}