{"gold_per_floor":[112,132,132,151,167,167,167,180,180,199,199,217,217,228,228,328,328,343,327,135,184,164,184,215,215,215,231,245,245],"floor_reached":29,"playtime":1281,"items_purged":["Strike_B"],"score":374,"play_id":"402ae342-1837-4b33-969f-872c0cd1b84d","local_time":"20190913162920","is_ascension_mode":true,"campfire_choices":[{"data":"Dualcast","floor":6.0,"key":"SMITH"},{"data":"Defragment","floor":11.0,"key":"SMITH"},{"floor":13.0,"key":"REST"},{"data":"Conserve Battery","floor":15.0,"key":"SMITH"},{"floor":25,"key":"REST"}],"neow_cost":"NONE","seed_source_timestamp":785333340522726,"circlet_count":0,"master_deck":["AscendersBane","Strike_B","Strike_B","Defend_B","Defend_B","Defend_B","Defend_B","Zap+1","Dualcast+1","Core Surge","Compile Driver","FTL","Conserve Battery+1","Sweeping Beam","Defragment+1","Static Discharge+1","Coolheaded","Defragment+1","Echo Form+1","Chill","Cold Snap","Conserve Battery","FTL","Reprogram","Go for the Eyes+1","Capacitor+1","Barrage","Steam"],"special_seed":0,"relics":["Cracked Core","Frozen Egg 2","Orrery","Pen Nib","Bottled Tornado","Girya"],"potions_floor_usage":[23,29],"damage_taken":[{"damage":3.0,"enemies":"2 Louse","floor":1.0,"turns":2.0},{"damage":1.0,"enemies":"Cultist","floor":2.0,"turns":3.0},{"damage":12.0,"enemies":"Small Slimes","floor":4.0,"turns":2.0},{"damage":8.0,"enemies":"Gremlin Gang","floor":5.0,"turns":4.0},{"damage":15.0,"enemies":"Lots of Slimes","floor":8.0,"turns":3.0},{"damage":6.0,"enemies":"Looter","floor":10.0,"turns":2.0},{"damage":0.0,"enemies":"2 Fungi Beasts","floor":12.0,"turns":2.0},{"damage":4.0,"enemies":"Blue Slaver","floor":14.0,"turns":4.0},{"damage":3.0,"enemies":"Slime Boss","floor":16.0,"turns":7.0},{"damage":10.0,"enemies":"Chosen","floor":18.0,"turns":4.0},{"damage":3.0,"enemies":"2 Thieves","floor":19.0,"turns":4.0},{"damage":14,"enemies":"Snake Plant","floor":23,"turns":5},{"damage":15,"enemies":"Gremlin Leader","floor":24,"turns":5},{"damage":28,"enemies":"Sentry and Sphere","floor":27,"turns":6},{"damage":8,"enemies":"Shelled Parasite and Fungi","floor":28,"turns":5},{"damage":16,"enemies":"Centurion and Healer","floor":29,"turns":2}],"seed_played":"-4376221981311179129","potions_obtained":[{"floor":1.0,"key":"Poison Potion"},{"floor":5.0,"key":"Regen Potion"},{"floor":10.0,"key":"Fire Potion"},{"floor":19.0,"key":"SkillPotion"},{"floor":22.0,"key":"Ancient Potion"},{"floor":28,"key":"Explosive Potion"}],"is_trial":false,"path_per_floor":["M","M","?","M","M","R","?","M","T","M","R","M","R","M","R","B",null,"M","M","$","T","?","M","E","R","T","M","M","M"],"character_chosen":"DEFECT","items_purchased":["Capacitor+1","Strength Potion"],"campfire_rested":2,"item_purchase_floors":[20,20],"current_hp_per_floor":[65,64,64,52,44,44,44,38,38,32,32,32,54,50,50,47,68,58,55,55,55,55,41,26,48,48,20,12,0],"gold":245,"neow_bonus":"ONE_RANDOM_RARE_CARD","is_prod":false,"is_daily":false,"chose_seed":false,"campfire_upgraded":3,"win_rate":0,"timestamp":1568417360,"path_taken":["M","M","?","?","M","R","?","M","T","M","R","M","R","M","R","BOSS","M","?","$","?","?","M","E","R","T","M","M","?"],"build_version":"2019-07-17","purchased_purges":1,"victory":false,"max_hp_per_floor":[75,75,75,75,75,75,75,75,75,75,75,75,75,75,75,75,75,75,75,75,75,75,75,75,75,75,75,75,75],"card_choices":[{"not_picked":["Undo","Barrage"],"picked":"Compile Driver","floor":1.0},{"not_picked":["Sunder","Recycle"],"picked":"FTL","floor":2.0},{"not_picked":["Storm","White Noise"],"picked":"Conserve Battery","floor":4.0},{"not_picked":["Tempest","Steam"],"picked":"Sweeping Beam","floor":5.0},{"not_picked":["Stack","Rebound"],"picked":"Defragment","floor":8.0},{"not_picked":["Conserve Battery","Redo"],"picked":"Static Discharge+1","floor":10.0},{"not_picked":["Conserve Battery","Scrape"],"picked":"Coolheaded","floor":12.0},{"not_picked":["Turbo","FTL"],"picked":"Defragment+1","floor":14.0},{"not_picked":["Thunder Strike","Reboot"],"picked":"Echo Form+1","floor":16.0},{"not_picked":["Gash","Ball Lightning"],"picked":"Chill","floor":17.0},{"not_picked":["White Noise","Gash"],"picked":"Cold Snap","floor":17.0},{"not_picked":["Compile Driver","Turbo"],"picked":"Conserve Battery","floor":17.0},{"not_picked":["Heatsinks+1","Cold Snap"],"picked":"FTL","floor":17.0},{"not_picked":["Hello World+1","Reboot"],"picked":"Reprogram","floor":17.0},{"not_picked":["Aggregate+1","Sweeping Beam","Redo"],"picked":"SKIP","floor":18.0},{"not_picked":["Streamline+1","Barrage"],"picked":"Go for the Eyes+1","floor":19.0},{"not_picked":["Sweeping Beam","Double Energy"],"picked":"Barrage","floor":23},{"not_picked":["Heatsinks+1","Conserve Battery","Blizzard"],"picked":"SKIP","floor":24},{"not_picked":["Heatsinks+1","Conserve Battery","Blizzard"],"picked":"SKIP","floor":24},{"not_picked":["Static Discharge+1","Coolheaded","Chill"],"picked":"SKIP","floor":27},{"not_picked":["Rip and Tear","Redo"],"picked":"Steam","floor":28}],"player_experience":603177,"relics_obtained":[{"floor":9.0,"key":"Frozen Egg 2"},{"floor":21.0,"key":"Pen Nib"},{"floor":24,"key":"Bottled Tornado"},{"floor":26,"key":"Girya"}],"event_choices":[{"damage_healed":0.0,"max_hp_gain":0.0,"max_hp_loss":0.0,"gold_gain":0.0,"event_name":"Accursed Blacksmith","player_choice":"Forge","floor":3.0,"gold_loss":0.0,"damage_taken":0.0,"cards_upgraded":["Zap"]},{"cards_removed":["Strike_B"],"damage_healed":0.0,"max_hp_gain":0.0,"max_hp_loss":0.0,"gold_gain":0.0,"event_name":"Purifier","player_choice":"Purged","floor":7.0,"gold_loss":0.0,"damage_taken":0.0},{"damage_healed":0.0,"max_hp_gain":0.0,"max_hp_loss":0.0,"gold_gain":0.0,"event_name":"The Woman in Blue","player_choice":"Bought 1 Potion","floor":22.0,"gold_loss":0.0,"damage_taken":0.0}],"is_beta":false,"boss_relics":[{"not_picked":["Calling Bell","Runic Dome"],"picked":"Orrery"}],"items_purged_floors":[20],"is_endless":false,"potions_floor_spawned":[1,5,10,19,28],"killed_by":"Centurion and Healer","ascension_level":11}