{"gold_per_floor":[116,133,151,151,151,151,76,109,178,197,223,223,273,291,291,366,366,378,351,41,54,71,102,102,127,127,145,20,20,20,33,33,110,110,125,125,143,143,161,161,178,213,240,240,21,56,56,70,70,70,70,70,70,16,43,43],"floor_reached":57,"playtime":3654,"items_purged":["Strike_G","Strike_G","Strike_G"],"score":2804,"play_id":"7ea8a1b0-6a22-438e-bf3c-aa7610daf554","local_time":"20190906185236","is_ascension_mode":true,"campfire_choices":[{"data":"Bouncing Flask","floor":6.0,"key":"SMITH"},{"data":"Adrenaline","floor":12.0,"key":"SMITH"},{"data":"Footwork","floor":15.0,"key":"SMITH"},{"data":"Crippling Poison","floor":24.0,"key":"SMITH"},{"data":"Acrobatics","floor":29.0,"key":"SMITH"},{"data":"Acrobatics","floor":32.0,"key":"SMITH"},{"data":"Madness","floor":40.0,"key":"SMITH"},{"data":"Wraith Form v2","floor":47.0,"key":"SMITH"},{"floor":49.0,"key":"RECALL"},{"data":"Madness","floor":53,"key":"SMITH"}],"neow_cost":"TEN_PERCENT_HP_LOSS","seed_source_timestamp":0,"circlet_count":0,"master_deck":["AscendersBane","Defend_G","Defend_G","Survivor","Neutralize","Acrobatics+1","Venomology","Underhanded Strike","Bouncing Flask+1","Adrenaline+1","Dagger Throw","Footwork+1","Venomology","Dodge and Roll","Acrobatics+1","Crippling Poison+1","Die Die Die","Malaise","Madness+1","Madness+1","Noxious Fumes+1","Tactician+1","PiercingWail","Wraith Form v2+1"],"special_seed":0,"relics":["Ring of the Snake","Boot","Paper Crane","Lantern","White Beast Statue","Toy Ornithopter","Orichalcum","Mummified Hand","Regal Pillow","Empty Cage","Matryoshka","Snake Skull","Anchor","Potion Belt","Strawberry","Oddly Smooth Stone"],"potions_floor_usage":[50,50,50,51,51,51,55,55,56,56,56,56,56,56],"damage_taken":[{"damage":7.0,"enemies":"Cultist","floor":1.0,"turns":5.0},{"damage":0.0,"enemies":"2 Louse","floor":2.0,"turns":3.0},{"damage":11.0,"enemies":"Small Slimes","floor":3.0,"turns":6.0},{"damage":39.0,"enemies":"Gremlin Nob","floor":8.0,"turns":4.0},{"damage":0.0,"enemies":"Blue Slaver","floor":10.0,"turns":3.0},{"damage":0.0,"enemies":"Looter","floor":14.0,"turns":2.0},{"damage":0.0,"enemies":"The Guardian","floor":16.0,"turns":9.0},{"damage":8.0,"enemies":"3 Byrds","floor":18.0,"turns":5.0},{"damage":2.0,"enemies":"2 Thieves","floor":19.0,"turns":5.0},{"damage":25.0,"enemies":"Centurion and Healer","floor":21.0,"turns":9.0},{"damage":12.0,"enemies":"Snake Plant","floor":22.0,"turns":4.0},{"damage":22.0,"enemies":"Slavers","floor":23.0,"turns":7.0},{"damage":42.0,"enemies":"Book of Stabbing","floor":25.0,"turns":7.0},{"damage":3.0,"enemies":"Snecko","floor":27.0,"turns":5.0},{"damage":2.0,"enemies":"3 Cultists","floor":31.0,"turns":4.0},{"damage":34.0,"enemies":"Collector","floor":33.0,"turns":12.0},{"damage":8.0,"enemies":"Orb Walker","floor":35.0,"turns":4.0},{"damage":0.0,"enemies":"3 Shapes","floor":37.0,"turns":6.0},{"damage":16.0,"enemies":"Sphere and 2 Shapes","floor":39.0,"turns":5.0},{"damage":22.0,"enemies":"Spire Growth","floor":41.0,"turns":6.0},{"damage":8.0,"enemies":"Giant Head","floor":42.0,"turns":6.0},{"damage":7.0,"enemies":"Nemesis","floor":46.0,"turns":3.0},{"damage":0.0,"enemies":"Writhing Mass","floor":48.0,"turns":5.0},{"damage":35,"enemies":"Donu and Deca","floor":50,"turns":10},{"damage":35,"enemies":"Awakened One","floor":51,"turns":9},{"damage":15,"enemies":"Shield and Spear","floor":55,"turns":7},{"damage":73,"enemies":"The Heart","floor":56,"turns":10}],"seed_played":"8706456677367869158","potions_obtained":[{"floor":3.0,"key":"Fire Potion"},{"floor":8.0,"key":"EssenceOfSteel"},{"floor":10.0,"key":"SpeedPotion"},{"floor":18.0,"key":"Dexterity Potion"},{"floor":19.0,"key":"FearPotion"},{"floor":21.0,"key":"GhostInAJar"},{"floor":22.0,"key":"Swift Potion"},{"floor":23.0,"key":"SpeedPotion"},{"floor":25.0,"key":"FearPotion"},{"floor":27.0,"key":"Regen Potion"},{"floor":33.0,"key":"PowerPotion"},{"floor":35.0,"key":"Block Potion"},{"floor":39.0,"key":"Dexterity Potion"},{"floor":41.0,"key":"SpeedPotion"},{"floor":42.0,"key":"Swift Potion"},{"floor":46.0,"key":"Explosive Potion"},{"floor":48.0,"key":"Fire Potion"},{"floor":55,"key":"Explosive Potion"}],"is_trial":false,"path_per_floor":["M","M","M","?","?","R","$","E","T","M","T","R","?","M","R","B",null,"M","M","$","M","M","E","R","E","T","M","$","R","?","M","R","B",null,"M","?","M","T","M","R","M","E","T","?","$","E","R","M","R","B","B",null,"R","$","E","B",null],"character_chosen":"THE_SILENT","items_purchased":["Toy Ornithopter","Potion Belt","PiercingWail","Dexterity Potion"],"campfire_rested":0,"item_purchase_floors":[20,45,45,54],"current_hp_per_floor":[52,52,41,46,46,46,46,19,19,19,19,19,13,13,13,13,52,44,42,42,32,30,28,28,1,1,13,13,13,13,28,28,14,52,54,42,52,52,51,51,52,59,59,59,59,65,65,70,70,42,37,63,63,63,57,14],"gold":43,"neow_bonus":"REMOVE_TWO","is_prod":false,"is_daily":false,"chose_seed":false,"campfire_upgraded":9,"win_rate":0,"timestamp":1567763556,"path_taken":["M","M","?","?","?","R","$","E","T","M","?","R","?","M","R","BOSS","M","?","?","M","M","E","R","E","T","M","$","R","?","M","R","BOSS","M","?","M","?","M","R","M","E","T","?","$","E","R","M","R","BOSS","BOSS","R","$","E","BOSS"],"build_version":"2019-07-17","purchased_purges":3,"victory":true,"max_hp_per_floor":[60,60,60,65,65,65,65,65,65,65,65,65,65,65,65,65,65,65,65,65,65,65,65,65,65,65,65,65,65,65,65,65,65,65,65,65,65,65,65,65,65,65,65,65,65,72,72,72,72,72,72,72,72,72,72,72],"card_choices":[{"not_picked":["Cloak And Dagger","Bane"],"picked":"Acrobatics","floor":1.0},{"not_picked":["Dagger Throw","Prepared"],"picked":"Venomology","floor":2.0},{"not_picked":["Caltrops","Poisoned Stab"],"picked":"Underhanded Strike","floor":3.0},{"not_picked":["Escape Plan","Infinite Blades"],"picked":"Adrenaline","floor":8.0},{"not_picked":["Caltrops","Endless Agony"],"picked":"Dagger Throw","floor":10.0},{"not_picked":["Blade Dance","Finisher"],"picked":"Footwork","floor":14.0},{"not_picked":["Die Die Die","Grand Finale"],"picked":"Venomology","floor":16.0},{"not_picked":["Heel Hook","Dagger Throw"],"picked":"Dodge and Roll","floor":18.0},{"not_picked":["Prepared","Deflect+1"],"picked":"Acrobatics","floor":19.0},{"not_picked":["Eviscerate","Blade Dance"],"picked":"Crippling Poison","floor":21.0},{"not_picked":["Caltrops","Bane"],"picked":"Die Die Die","floor":22.0},{"not_picked":["Blade Dance","Crippling Poison","Bane"],"picked":"SKIP","floor":23.0},{"not_picked":["Setup","Dodge and Roll","Deflect"],"picked":"SKIP","floor":25.0},{"not_picked":["Acrobatics","Quick Slash","Dagger Throw"],"picked":"SKIP","floor":27.0},{"not_picked":["Dagger Throw","Blade Dance","Outmaneuver"],"picked":"SKIP","floor":31.0},{"not_picked":["Phantasmal Killer","Envenom"],"picked":"Malaise","floor":33.0},{"not_picked":["Expertise","Bane","Cloak And Dagger"],"picked":"SKIP","floor":35.0},{"not_picked":["Prepared","Riddle With Holes","Flying Knee+1"],"picked":"SKIP","floor":37.0},{"not_picked":["Riddle With Holes","All Out Attack"],"picked":"Noxious Fumes+1","floor":39.0},{"not_picked":["Outmaneuver","Slice","Blade Dance"],"picked":"SKIP","floor":41.0},{"not_picked":["Escape Plan","Finisher+1"],"picked":"Tactician+1","floor":42.0},{"not_picked":["Caltrops+1","Footwork"],"picked":"Wraith Form v2","floor":46.0},{"not_picked":["Skewer","Bane","Flying Knee"],"picked":"SKIP","floor":48.0},{"not_picked":["Eviscerate","Poisoned Stab","Bane"],"picked":"SKIP","floor":55}],"player_experience":778316,"relics_obtained":[{"floor":8.0,"key":"Boot"},{"floor":9.0,"key":"Paper Crane"},{"floor":11.0,"key":"Lantern"},{"floor":23.0,"key":"Orichalcum"},{"floor":25.0,"key":"Mummified Hand"},{"floor":26.0,"key":"Regal Pillow"},{"floor":38.0,"key":"Matryoshka"},{"floor":42.0,"key":"Snake Skull"},{"floor":43.0,"key":"Anchor"},{"floor":46.0,"key":"Strawberry"},{"floor":55,"key":"Oddly Smooth Stone"}],"event_choices":[{"damage_healed":0.0,"max_hp_gain":5.0,"max_hp_loss":0.0,"gold_gain":0.0,"event_name":"Big Fish","player_choice":"Donut","floor":4.0,"gold_loss":0.0,"damage_taken":0.0},{"damage_healed":0.0,"max_hp_gain":0.0,"max_hp_loss":0.0,"gold_gain":0.0,"cards_transformed":["Strike_G"],"event_name":"Living Wall","player_choice":"Change","floor":5.0,"gold_loss":0.0,"damage_taken":0.0,"cards_obtained":["Bouncing Flask"]},{"damage_healed":0.0,"max_hp_gain":0.0,"max_hp_loss":0.0,"gold_gain":50.0,"event_name":"FaceTrader","player_choice":"Touch","floor":13.0,"gold_loss":0.0,"damage_taken":6.0},{"damage_healed":0.0,"max_hp_gain":0.0,"max_hp_loss":0.0,"gold_gain":0.0,"event_name":"Forgotten Altar","player_choice":"Smashed Altar","floor":30.0,"gold_loss":0.0,"damage_taken":0.0,"cards_obtained":["Decay"]},{"damage_healed":0.0,"max_hp_gain":0.0,"max_hp_loss":0.0,"gold_gain":0.0,"event_name":"Winding Halls","player_choice":"Embrace Madness","floor":36.0,"gold_loss":0.0,"damage_taken":12.0,"cards_obtained":["Madness","Madness"]},{"cards_removed":["Defend_G"],"damage_healed":0.0,"max_hp_gain":0.0,"max_hp_loss":0.0,"gold_gain":0.0,"event_name":"Purifier","player_choice":"Purged","floor":44.0,"gold_loss":0.0,"damage_taken":0.0}],"is_beta":false,"boss_relics":[{"not_picked":["Ring of the Serpent","Calling Bell"],"picked":"White Beast Statue"},{"not_picked":["Snecko Eye","Coffee Dripper"],"picked":"Empty Cage"}],"items_purged_floors":[7,20,28],"is_endless":false,"potions_floor_spawned":[3,8,10,18,19,21,22,23,25,27,31,33,35,37,39,41,42,46,48,55],"ascension_level":20}