{"gold_per_floor":[117,392,412,429,30,30,59,59,83,98,113,144,20,47,47,145,145,165,176,176,176,176,206,219,219,219,229,255,265,265,299,299,404,404,421,421,440,43,88,117,127,144,144,144,156,156,170,200,200,200],"floor_reached":51,"playtime":3581,"items_purged":["Regret"],"score":901,"play_id":"b8db9055-d8ea-4fb4-95cb-26a0e6affa21","local_time":"20190921224200","is_ascension_mode":true,"campfire_choices":[{"data":"Fission","floor":6,"key":"SMITH"},{"data":"Zap","floor":8,"key":"SMITH"},{"data":"Loop","floor":15,"key":"SMITH"},{"data":"Hologram","floor":25,"key":"SMITH"},{"data":"Genetic Algorithm","floor":30,"key":"SMITH"},{"data":"Hologram","floor":32,"key":"SMITH"},{"data":"Hologram","floor":44,"key":"SMITH"},{"data":"Seek","floor":46,"key":"SMITH"},{"data":"Reboot","floor":49,"key":"SMITH"}],"neow_cost":"NONE","seed_source_timestamp":173856420289600,"circlet_count":0,"master_deck":["Defend_B","Defend_B","Defend_B","Zap+1","Dualcast","Fission+1","Doom and Gloom","Coolheaded","Beam Cell","Undo","Streamline","Electrodynamics","Ball Lightning","Genetic Algorithm+1","Loop+1","Leap","Glacier","Amplify","Cold Snap","Redo+1","Bite","Bite","Bite","Necronomicurse","Turbo","Hologram+1","Chaos+1","Hologram+1","Hologram+1","Seek+1","Bandage Up+1","Secret Weapon+1","Core Surge+1","Loop+1","Good Instincts","Magnetism+1","Trip","Conserve Battery","Auto Shields+1","Conserve Battery+1","Undo+1","Redo+1","Defragment+1","Reboot+1"],"relics":["Cracked Core","Eternal Feather","Orichalcum","Akabeko","Blue Candle","Boot","Coffee Dripper","Frozen Egg 2","Necronomicon","Darkstone Periapt","Bag of Preparation","Lizard Tail","Bird Faced Urn","Astrolabe","Kunai","Medical Kit","CaptainsWheel","Question Card","Molten Egg 2","DataDisk"],"potions_floor_usage":[7,23,33,33,41,50],"damage_taken":[{"damage":6,"enemies":"2 Louse","floor":1,"turns":3},{"damage":4,"enemies":"Cultist","floor":3,"turns":3},{"damage":10,"enemies":"Small Slimes","floor":4,"turns":2},{"damage":14,"enemies":"Gremlin Nob","floor":7,"turns":3},{"damage":0,"enemies":"3 Louse","floor":10,"turns":2},{"damage":0,"enemies":"Exordium Thugs","floor":11,"turns":1},{"damage":4,"enemies":"3 Sentries","floor":12,"turns":2},{"damage":10,"enemies":"Lagavulin","floor":14,"turns":4},{"damage":16,"enemies":"The Guardian","floor":16,"turns":10},{"damage":14,"enemies":"2 Thieves","floor":18,"turns":2},{"damage":0,"enemies":"3 Byrds","floor":19,"turns":2},{"damage":16,"enemies":"Slavers","floor":23,"turns":7},{"damage":10,"enemies":"Snecko","floor":24,"turns":5},{"damage":0,"enemies":"3 Cultists","floor":27,"turns":4},{"damage":36,"enemies":"Book of Stabbing","floor":28,"turns":6},{"damage":4,"enemies":"Snake Plant","floor":29,"turns":4},{"damage":22,"enemies":"Slavers","floor":31,"turns":6},{"damage":0,"enemies":"Automaton","floor":33,"turns":5},{"damage":0,"enemies":"3 Darklings","floor":35,"turns":3},{"damage":0,"enemies":"3 Shapes","floor":37,"turns":3},{"damage":45,"enemies":"2 Orb Walkers","floor":39,"turns":5},{"damage":32,"enemies":"Nemesis","floor":40,"turns":7},{"damage":20,"enemies":"Writhing Mass","floor":41,"turns":5},{"damage":9,"enemies":"4 Shapes","floor":42,"turns":3},{"damage":7,"enemies":"3 Darklings","floor":45,"turns":6},{"damage":8,"enemies":"Jaw Worm Horde","floor":47,"turns":4},{"damage":7,"enemies":"Giant Head","floor":48,"turns":10},{"damage":22,"enemies":"Donu and Deca","floor":50,"turns":11}],"seed_played":"6693128862965912852","potions_obtained":[{"floor":3,"key":"DuplicationPotion"},{"floor":4,"key":"Swift Potion"},{"floor":10,"key":"LiquidBronze"},{"floor":11,"key":"PowerPotion"},{"floor":18,"key":"Block Potion"},{"floor":23,"key":"FearPotion"},{"floor":40,"key":"Energy Potion"},{"floor":42,"key":"GamblersBrew"},{"floor":45,"key":"Energy Potion"},{"floor":47,"key":"SteroidPotion"}],"is_trial":false,"path_per_floor":["M","?","M","M","$","R","E","R","T","M","M","E","$","E","R","B",null,"M","M","?","?","?","E","M","R","T","M","E","M","R","E","R","B",null,"M","?","M","$","?","E","M","M","T","R","M","R","M","E","R","B",null],"character_chosen":"DEFECT","items_purchased":["Undo","Eternal Feather","Loop","Leap","Kunai","Medical Kit"],"campfire_rested":0,"item_purchase_floors":[5,5,13,13,38,38],"current_hp_per_floor":[69,69,65,55,55,64,50,59,59,59,59,55,55,45,57,41,75,61,61,52,52,36,30,22,37,37,45,20,20,38,28,46,52,52,52,42,52,52,15,31,29,24,24,48,52,52,52,48,52,44],"gold":200,"neow_bonus":"ONE_RANDOM_RARE_CARD","is_prod":false,"is_daily":false,"chose_seed":false,"campfire_upgraded":9,"win_rate":0,"timestamp":1569094920,"path_taken":["M","?","M","?","$","R","E","R","T","M","M","E","$","E","R","BOSS","M","M","?","?","?","E","M","R","T","?","E","M","R","E","R","BOSS","M","?","M","$","?","E","?","M","T","R","M","R","M","E","R","BOSS"],"build_version":"2019-09-20","purchased_purges":1,"victory":true,"max_hp_per_floor":[75,75,75,75,75,75,75,75,75,75,75,75,75,75,75,75,75,75,75,52,52,52,52,52,52,52,52,52,52,52,52,52,52,52,52,52,52,52,52,52,52,52,52,52,52,52,52,52,52,52],"card_choices":[{"not_picked":["Stack","Cold Snap"],"picked":"Doom and Gloom","floor":1},{"not_picked":["Gash","Recycle"],"picked":"Coolheaded","floor":3},{"not_picked":["Chaos","Go for the Eyes"],"picked":"Beam Cell","floor":4},{"not_picked":["Skim","Beam Cell"],"picked":"Streamline","floor":7},{"not_picked":["Leap","Force Field"],"picked":"Electrodynamics","floor":10},{"not_picked":["Scrape","Barrage"],"picked":"Ball Lightning","floor":11},{"not_picked":["Rebound","Go for the Eyes"],"picked":"Genetic Algorithm","floor":12},{"not_picked":["Conserve Battery","Ball Lightning"],"picked":"Glacier","floor":14},{"not_picked":["Electrodynamics","Machine Learning"],"picked":"Amplify","floor":16},{"not_picked":["Heatsinks","Darkness+1"],"picked":"Cold Snap","floor":18},{"not_picked":["Glacier","Gash+1"],"picked":"Redo+1","floor":19},{"not_picked":["Cold Snap","Stack"],"picked":"Turbo","floor":23},{"not_picked":["All For One","Fusion"],"picked":"Hologram","floor":24},{"not_picked":["Force Field+1","Storm+1","Coolheaded+1"],"picked":"SKIP","floor":27},{"not_picked":["Static Discharge+1","Core Surge"],"picked":"Chaos+1","floor":28},{"not_picked":["Compile Driver+1","Ball Lightning+1"],"picked":"Hologram","floor":29},{"not_picked":["Darkness+1","Rip and Tear"],"picked":"Hologram","floor":31},{"not_picked":["Hyperbeam","Machine Learning+1"],"picked":"Seek","floor":33},{"not_picked":["Rebound+1","Ball Lightning+1"],"picked":"Loop+1","floor":35},{"not_picked":["Bandage Up","Panacea"],"picked":"Good Instincts","floor":36},{"not_picked":["Violence","Dramatic Entrance"],"picked":"Magnetism+1","floor":36},{"not_picked":["Secret Weapon","Deep Breath"],"picked":"Trip","floor":36},{"not_picked":["Recycle","Go for the Eyes+1"],"picked":"Conserve Battery","floor":37},{"not_picked":["Sweeping Beam+1","BootSequence+1"],"picked":"Auto Shields+1","floor":40},{"not_picked":["Barrage","Coolheaded","Turbo+1"],"picked":"Conserve Battery+1","floor":41},{"not_picked":["BootSequence+1","Stack+1","Coolheaded"],"picked":"Undo+1","floor":42},{"not_picked":["Force Field","Sweeping Beam+1","Reprogram"],"picked":"Redo+1","floor":45},{"not_picked":["Gash+1","Self Repair+1","Compile Driver+1"],"picked":"Defragment+1","floor":47},{"not_picked":["FTL+1","Barrage+1","Force Field"],"picked":"Reboot","floor":48}],"player_experience":310273,"relics_obtained":[{"floor":7,"key":"Orichalcum"},{"floor":9,"key":"Akabeko"},{"floor":12,"key":"Blue Candle"},{"floor":14,"key":"Boot"},{"floor":22,"key":"Necronomicon"},{"floor":23,"key":"Darkstone Periapt"},{"floor":26,"key":"Bag of Preparation"},{"floor":28,"key":"Lizard Tail"},{"floor":31,"key":"Bird Faced Urn"},{"floor":39,"key":"CaptainsWheel"},{"floor":40,"key":"Question Card"},{"floor":43,"key":"Molten Egg 2"},{"floor":48,"key":"DataDisk"}],"event_choices":[{"damage_healed":0,"gold_gain":275,"player_choice":"Desecrate","damage_taken":0,"max_hp_gain":0,"max_hp_loss":0,"event_name":"Golden Shrine","floor":2,"gold_loss":0,"cards_obtained":["Regret"]},{"damage_healed":0,"gold_gain":0,"player_choice":"Became a vampire","damage_taken":0,"max_hp_gain":0,"max_hp_loss":23,"event_name":"Vampires","floor":20,"gold_loss":0,"cards_obtained":["Bite","Bite","Bite","Bite","Bite"]},{"damage_healed":0,"gold_gain":0,"player_choice":"Opened","damage_taken":0,"relics_obtained":["Frozen Egg 2"],"max_hp_gain":0,"max_hp_loss":0,"event_name":"The Mausoleum","floor":21,"gold_loss":0},{"damage_healed":0,"gold_gain":0,"player_choice":"Obtained Book","damage_taken":16,"max_hp_gain":0,"max_hp_loss":0,"event_name":"Cursed Tome","floor":22,"gold_loss":0},{"damage_healed":0,"gold_gain":0,"player_choice":"Memory 3","damage_taken":10,"max_hp_gain":0,"max_hp_loss":0,"event_name":"SensoryStone","floor":36,"gold_loss":0},{"damage_healed":0,"gold_gain":0,"player_choice":"Fight","damage_taken":0,"max_hp_gain":0,"max_hp_loss":0,"event_name":"Mysterious Sphere","floor":39,"gold_loss":0}],"is_beta":true,"boss_relics":[{"not_picked":["Runic Pyramid","Tiny House"],"picked":"Coffee Dripper"},{"not_picked":["Pandora\u0027s Box","SacredBark"],"picked":"Astrolabe"}],"items_purged_floors":[5],"is_endless":false,"potions_floor_spawned":[3,4,10,11,18,23,28,29,31,40,42,45,47],"ascension_level":1}