{"gold_per_floor":[117,135,146,296,307,338,352,383,464,496,509,524,537,556,556,632,632,642,662,693,713,731,766,766,797,820,848,866,941,72,99,99,174,174,184,195,207,261,278,313,330,355,355,389,4,4,29,39,39,39],"floor_reached":51,"playtime":4807,"items_purged":[],"score":1938,"play_id":"c51e6982-9e5a-46ab-b083-0479ea06ded2","local_time":"20180712120512","daily_mods":["Draft","Brewmaster","Heirloom","Specialized","Allstar","Shiny","Time Dilation","Elite Swarm","Binary","Vintage"],"is_ascension_mode":true,"campfire_choices":[{"floor":15.0,"key":"DIG"},{"floor":32,"key":"DIG"},{"floor":49,"key":"DIG"}],"neow_cost":"","seed_source_timestamp":0,"circlet_count":0,"master_deck":["Venomology","Corpse Explosion","Phantasmal Killer","Die Die Die","Adrenaline+1","Envenom","Doppelganger","Burst","Wraith Form v2","Tools of the Trade","Night Terror","Unload","After Image","Tactician","Bullet Time","Storm of Steel","Glass Knife","A Thousand Cuts","Grand Finale","AscendersBane","Bouncing Flask","Acrobatics","Deflect","Bouncing Flask","Flying Knee","Backstab","Footwork","Outmaneuver","Backstab+1","Deflect","Backflip+1","Backflip","Poisoned Stab+1","Blur","Eviscerate","Master of Strategy","Adrenaline"],"special_seed":17723,"relics":["Unceasing Top","Busted Crown","Peace Pipe","White Beast Statue","Regal Pillow","Bag of Marbles","Turnip","Happy Flower","Darkstone Periapt","Tingsha","Centennial Puzzle","Dodecahedron","Dream Catcher","Oddly Smooth Stone","Juzu Bracelet","Shovel","Du-Vu Doll","Mummified Hand","Vajra","Runic Dome","Bird Faced Urn","Orichalcum","Red Mask","War Paint","Bag of Preparation","Bottled Lightning","Ancient Tea Set","Bronze Scales","Meat on the Bone","Question Card","Tiny Chest","Lantern","Torii","Frozen Eye","Boot","Anchor","Blue Candle","Philosopher\u0027s Stone","Bottled Flame","Singing Bowl","Snake Skull","Ginger","Ornamental Fan","Mercury Hourglass","Kunai","Thread and Needle","Whetstone","Pen Nib","Potion Belt","Lee\u0027s Waffle","Dead Branch","Smiling Mask","Art of War","Tough Bandages"],"potions_floor_usage":[33,33,36,36,39,39,42,42,42,47,47,50,50,50],"damage_taken":[{"damage":0.0,"enemies":"2 Louse","floor":1.0,"turns":4.0},{"damage":0.0,"enemies":"Jaw Worm","floor":2.0,"turns":1.0},{"damage":5.0,"enemies":"Small Slimes","floor":3.0,"turns":2.0},{"damage":0.0,"enemies":"2 Fungi Beasts","floor":5.0,"turns":3.0},{"damage":18.0,"enemies":"Lagavulin","floor":6.0,"turns":4.0},{"damage":0.0,"enemies":"Exordium Wildlife","floor":7.0,"turns":3.0},{"damage":2.0,"enemies":"3 Sentries","floor":8.0,"turns":5.0},{"damage":6.0,"enemies":"Gremlin Nob","floor":10.0,"turns":3.0},{"damage":0.0,"enemies":"Large Slime","floor":11.0,"turns":2.0},{"damage":4.0,"enemies":"Looter","floor":12.0,"turns":2.0},{"damage":4.0,"enemies":"2 Fungi Beasts","floor":13.0,"turns":2.0},{"damage":0.0,"enemies":"Blue Slaver","floor":14.0,"turns":1.0},{"damage":1.0,"enemies":"Hexaghost","floor":16.0,"turns":4.0},{"damage":0.0,"enemies":"Shell Parasite","floor":18.0,"turns":1.0},{"damage":0.0,"enemies":"Spheric Guardian","floor":19.0,"turns":1.0},{"damage":6.0,"floor":20.0,"turns":3.0},{"damage":0.0,"enemies":"Centurion and Healer","floor":21.0,"turns":3.0},{"damage":0.0,"enemies":"Sentry and Sphere","floor":22.0,"turns":3.0},{"damage":4.0,"enemies":"Slavers","floor":23.0,"turns":2.0},{"damage":5.0,"enemies":"Book of Stabbing","floor":25.0,"turns":2.0},{"damage":0.0,"enemies":"Gremlin Leader","floor":27.0,"turns":3.0},{"damage":0.0,"enemies":"Snecko","floor":28.0,"turns":1.0},{"damage":0,"enemies":"Book of Stabbing","floor":31,"turns":2},{"damage":0,"enemies":"Collector","floor":33,"turns":2},{"damage":0,"enemies":"Orb Walker","floor":35,"turns":1},{"damage":1,"enemies":"3 Shapes","floor":36,"turns":1},{"damage":0,"enemies":"3 Darklings","floor":37,"turns":2},{"damage":0,"floor":38,"turns":2},{"damage":0,"enemies":"Maw","floor":39,"turns":2},{"damage":0,"enemies":"2 Orb Walkers","floor":40,"turns":1},{"damage":0,"enemies":"Sphere and 2 Shapes","floor":41,"turns":1},{"damage":0,"enemies":"Nemesis","floor":42,"turns":2},{"damage":0,"enemies":"2 Orb Walkers","floor":44,"turns":2},{"damage":0,"enemies":"Nemesis","floor":47,"turns":1},{"damage":0,"enemies":"3 Darklings","floor":48,"turns":1},{"damage":10,"enemies":"Time Eater","floor":50,"turns":7}],"seed_played":"-8820391094548603473","potions_obtained":[{"floor":1.0,"key":"EssenceOfSteel"},{"floor":2.0,"key":"SkillPotion"},{"floor":5.0,"key":"Regen Potion"},{"floor":6.0,"key":"Block Potion"},{"floor":8.0,"key":"Dexterity Potion"},{"floor":10.0,"key":"FairyPotion"},{"floor":12.0,"key":"LiquidBronze"},{"floor":16.0,"key":"AttackPotion"},{"floor":18.0,"key":"Poison Potion"},{"floor":21.0,"key":"AttackPotion"},{"floor":22.0,"key":"Poison Potion"},{"floor":33,"key":"SkillPotion"},{"floor":35,"key":"Poison Potion"},{"floor":36,"key":"Poison Potion"},{"floor":39,"key":"Swift Potion"},{"floor":40,"key":"AttackPotion"},{"floor":42,"key":"SpeedPotion"},{"floor":44,"key":"Dexterity Potion"},{"floor":47,"key":"FairyPotion"}],"is_trial":true,"path_per_floor":["M","M","M","?","M","E","M","E","T","E","M","M","M","M","R","B",null,"M","M","?","M","M","E","?","E","T","E","M","T","$","E","R","B",null,"M","M","M","?","M","E","M","E","T","E","$","T","E","M","R","B"],"character_chosen":"THE_SILENT","items_purchased":["Lantern","Torii","Frozen Eye","Master of Strategy","Potion Belt","Lee\u0027s Waffle","PowerPotion"],"campfire_rested":0,"item_purchase_floors":[30,30,30,30,45,45,45],"current_hp_per_floor":[59,59,54,54,54,36,36,48,48,42,42,38,34,34,34,33,58,58,60,62,66,66,66,66,66,66,66,66,66,66,66,66,66,66,66,65,66,68,68,70,70,72,72,72,79,79,81,81,81,71],"gold":39,"neow_bonus":"","is_prod":false,"is_daily":false,"chose_seed":false,"campfire_upgraded":0,"win_rate":0,"timestamp":1531364712,"path_taken":["M","M","M","?","M","E","M","E","T","E","M","M","M","M","R","BOSS","M","M","?","M","M","E","?","E","T","E","M","?","$","E","R","BOSS","M","M","M","?","M","E","M","E","T","E","$","?","E","M","R","BOSS"],"build_version":"2018-07-05","purchased_purges":0,"victory":true,"max_hp_per_floor":[66,66,66,66,66,66,66,66,66,66,66,66,66,66,66,66,66,66,66,66,66,66,66,66,66,66,66,66,66,66,66,66,66,66,66,66,66,68,68,70,70,72,72,72,79,79,81,81,81,81],"card_choices":[{"not_picked":["Masterful Stab","Flechettes"],"picked":"Bouncing Flask","floor":0.0},{"not_picked":["Cloak And Dagger","Bane"],"picked":"Acrobatics","floor":0.0},{"not_picked":["Blade Dance","Underhanded Strike"],"picked":"Deflect","floor":0.0},{"not_picked":["Leg Sweep","Calculated Gamble"],"picked":"Bouncing Flask","floor":0.0},{"not_picked":["Skewer","PiercingWail"],"picked":"Flying Knee","floor":0.0},{"not_picked":["Acrobatics","PiercingWail"],"picked":"Backstab","floor":0.0},{"not_picked":["Deadly Poison","Dash"],"picked":"Footwork","floor":0.0},{"not_picked":["Dagger Spray","Deadly Poison"],"picked":"Outmaneuver","floor":0.0},{"not_picked":["Quick Slash","Cloak And Dagger"],"picked":"Backstab","floor":0.0},{"not_picked":["Blade Dance","Dagger Throw"],"picked":"Deflect","floor":0.0},{"not_picked":["Concentrate","Dodge and Roll"],"picked":"Backflip","floor":0.0},{"not_picked":["Finisher","Eviscerate"],"picked":"Backflip","floor":0.0},{"not_picked":["Underhanded Strike","Dash"],"picked":"Poisoned Stab","floor":0.0},{"not_picked":["PiercingWail","Outmaneuver"],"picked":"Blur","floor":0.0},{"not_picked":["Flechettes","Sucker Punch"],"picked":"Eviscerate","floor":0.0},{"not_picked":["Unload"],"picked":"SKIP","floor":31},{"not_picked":["Catalyst"],"picked":"Singing Bowl","floor":38},{"not_picked":["Tools of the Trade"],"picked":"Singing Bowl","floor":40},{"not_picked":["Venomology"],"picked":"Singing Bowl","floor":42},{"not_picked":[],"picked":"Adrenaline","floor":44},{"not_picked":["Bullet Time"],"picked":"Singing Bowl","floor":47}],"player_experience":66168,"relics_obtained":[{"floor":1.0,"key":"Regal Pillow"},{"floor":2.0,"key":"Bag of Marbles"},{"floor":3.0,"key":"Turnip"},{"floor":5.0,"key":"Happy Flower"},{"floor":6.0,"key":"Darkstone Periapt"},{"floor":7.0,"key":"Tingsha"},{"floor":8.0,"key":"Centennial Puzzle"},{"floor":9.0,"key":"Dodecahedron"},{"floor":10.0,"key":"Dream Catcher"},{"floor":11.0,"key":"Oddly Smooth Stone"},{"floor":12.0,"key":"Juzu Bracelet"},{"floor":13.0,"key":"Shovel"},{"floor":14.0,"key":"Du-Vu Doll"},{"floor":15.0,"key":"Mummified Hand"},{"floor":16.0,"key":"Vajra"},{"floor":18.0,"key":"Bird Faced Urn"},{"floor":19.0,"key":"Orichalcum"},{"floor":20.0,"key":"Red Mask"},{"floor":21.0,"key":"War Paint"},{"floor":22.0,"key":"Bag of Preparation"},{"floor":23.0,"key":"Bottled Lightning"},{"floor":25.0,"key":"Ancient Tea Set"},{"floor":26.0,"key":"Bronze Scales"},{"floor":27.0,"key":"Meat on the Bone"},{"floor":28.0,"key":"Question Card"},{"floor":29.0,"key":"Tiny Chest"},{"floor":31,"key":"Boot"},{"floor":32,"key":"Anchor"},{"floor":33,"key":"Blue Candle"},{"floor":35,"key":"Bottled Flame"},{"floor":36,"key":"Singing Bowl"},{"floor":37,"key":"Snake Skull"},{"floor":38,"key":"Ginger"},{"floor":39,"key":"Ornamental Fan"},{"floor":40,"key":"Mercury Hourglass"},{"floor":41,"key":"Kunai"},{"floor":42,"key":"Thread and Needle"},{"floor":43,"key":"Whetstone"},{"floor":44,"key":"Pen Nib"},{"floor":46,"key":"Dead Branch"},{"floor":47,"key":"Smiling Mask"},{"floor":48,"key":"Art of War"},{"floor":49,"key":"Tough Bandages"}],"event_choices":[{"event_name":"Liars Game","player_choice":"agreed","floor":4.0,"damage_taken":0.0},{"event_name":"Masked Bandits","player_choice":"Fought over 662 gold","floor":20.0,"damage_taken":0.0},{"event_name":"Back to Basics","player_choice":"Elegance","floor":24.0,"damage_taken":0.0},{"event_name":"Mysterious Sphere","player_choice":"Fight","floor":38,"damage_taken":0}],"boss_relics":[{"not_picked":["Sozu","Velvet Choker"],"picked":"Runic Dome"},{"not_picked":["Snecko Eye","Runic Pyramid"],"picked":"Philosopher\u0027s Stone"}],"items_purged_floors":[],"is_endless":false,"potions_floor_spawned":[1,2,3,5,6,7,8,10,11,12,13,14,16,18,19,20,21,22,23,25,27,28,31,33,35,36,37,38,39,40,41,42,44,47,48],"ascension_level":15}