{"gold_per_floor":[18,18,28,45,64,64,97,110,185,185,205,205,225,240,240,338,338,352,352,352,5,5,5,34,52,52,152,163,15,15,15,15,120,120,136,11,11,111,126,126,140,140,140,89,89,89,89],"floor_reached":47,"playtime":3115,"items_purged":["Defend_R","Strike_R","Strike_R"],"score":493,"play_id":"7df94784-c0f2-403e-a7ca-5de854b8089d","local_time":"20180915102653","is_ascension_mode":false,"campfire_choices":[{"data":"True Grit","floor":6,"key":"SMITH"},{"data":"Searing Blow","floor":10,"key":"SMITH"},{"data":"Searing Blow+1","floor":12,"key":"SMITH"},{"data":"Searing Blow+2","floor":15,"key":"SMITH"},{"data":"Searing Blow+3","floor":23,"key":"SMITH"},{"data":"Searing Blow+4","floor":30,"key":"SMITH"},{"data":"Searing Blow+5","floor":32,"key":"SMITH"},{"data":"Searing Blow+6","floor":40,"key":"SMITH"},{"data":"Searing Blow+7","floor":42,"key":"SMITH"},{"data":"Searing Blow+8","floor":46,"key":"SMITH"}],"neow_cost":"NO_GOLD","seed_source_timestamp":143457042794394,"circlet_count":0,"master_deck":["Bash","Searing Blow+9","Flame Barrier","Uppercut","True Grit+1","Seeing Red","Power Through","Shrug It Off","Demon Form","Shockwave","Offering","Warcry","Offering","Armaments","Headbutt","Shame","Whirlwind","Limit Break","Doubt","Dual Wield","Clothesline","Reaper","Disarm+1","Reckless Charge+1","Spot Weakness+1","Feel No Pain","Madness","Madness","Headbutt","Armaments+1","Pain"],"relics":["Burning Blood","Oddly Smooth Stone","Blue Candle","Cursed Key","ClockworkSouvenir","Charon\u0027s Ashes","Regal Pillow","Calipers","Du-Vu Doll","Paper Frog","Astrolabe","Mummified Hand","GremlinMask"],"potions_floor_usage":[7,13,16,16,16,27,33,39],"damage_taken":[{"damage":6,"enemies":"Jaw Worm","floor":1,"turns":3},{"damage":8,"enemies":"Cultist","floor":3,"turns":3},{"damage":0,"enemies":"Small Slimes","floor":4,"turns":4},{"damage":11,"enemies":"Gremlin Gang","floor":5,"turns":6},{"damage":64,"enemies":"Lagavulin","floor":7,"turns":9},{"damage":7,"enemies":"Looter","floor":8,"turns":2},{"damage":1,"enemies":"2 Fungi Beasts","floor":11,"turns":4},{"damage":0,"enemies":"Large Slime","floor":13,"turns":6},{"damage":3,"enemies":"Looter","floor":14,"turns":3},{"damage":31,"enemies":"Hexaghost","floor":16,"turns":12},{"damage":14,"enemies":"Spheric Guardian","floor":18,"turns":6},{"damage":39,"enemies":"Slavers","floor":24,"turns":4},{"damage":13,"enemies":"Chosen","floor":25,"turns":3},{"damage":12,"enemies":"Colosseum Slavers","floor":27,"turns":3},{"damage":13,"enemies":"Colosseum Nobs","floor":27,"turns":3},{"damage":6,"enemies":"Snecko","floor":28,"turns":3},{"damage":18,"enemies":"Automaton","floor":33,"turns":6},{"damage":11,"enemies":"3 Shapes","floor":35,"turns":4},{"damage":29,"enemies":"3 Darklings","floor":39,"turns":3},{"damage":16,"enemies":"Sphere and 2 Shapes","floor":41,"turns":4},{"damage":82,"enemies":"Transient","floor":47,"turns":5}],"seed_played":"7408266870235388621","potions_obtained":[{"floor":1,"key":"SpeedPotion"},{"floor":3,"key":"SkillPotion"},{"floor":7,"key":"SteroidPotion"},{"floor":13,"key":"BloodPotion"},{"floor":14,"key":"Regen Potion"},{"floor":24,"key":"Block Potion"},{"floor":25,"key":"Ancient Potion"},{"floor":28,"key":"Swift Potion"},{"floor":39,"key":"SkillPotion"}],"is_trial":false,"path_per_floor":["M","?","M","M","M","R","E","M","T","R","M","R","M","M","R","B",null,"M","?","?","$","?","R","E","M","T","?","M","$","R","?","R","B",null,"M","$","?","?","M","R","M","R","T","$","?","R"],"character_chosen":"IRONCLAD","items_purchased":["Armaments","ClockworkSouvenir","Headbutt","PowerPotion","Strength Potion"],"campfire_rested":0,"item_purchase_floors":[21,21,21,29,44],"current_hp_per_floor":[80,80,78,80,75,75,17,16,16,16,21,21,27,30,30,28,80,72,72,72,72,72,72,39,32,32,19,19,19,19,45,45,33,80,75,75,65,65,72,72,80,80,80,80,80,80,0],"gold":89,"neow_bonus":"REMOVE_TWO","is_prod":false,"is_daily":false,"chose_seed":false,"campfire_upgraded":10,"win_rate":0,"timestamp":1536996413,"path_taken":["M","?","M","?","?","R","E","?","T","R","M","R","M","M","R","BOSS","M","?","?","$","?","R","E","M","T","?","?","?","R","?","R","BOSS","M","$","?","?","?","R","M","R","T","?","?","R","?"],"build_version":"2018-09-12","purchased_purges":3,"victory":false,"max_hp_per_floor":[80,80,80,80,80,80,80,80,80,80,80,80,80,80,80,80,80,80,80,80,80,80,80,80,80,80,80,80,80,80,80,80,80,80,80,80,80,80,80,80,80,80,80,80,80,80,80],"card_choices":[{"not_picked":["Seeing Red","Body Slam"],"picked":"Searing Blow","floor":1},{"not_picked":["Wild Strike","Iron Wave"],"picked":"Flame Barrier","floor":3},{"not_picked":["Rupture","Clash"],"picked":"Uppercut","floor":4},{"not_picked":["Searing Blow","Uppercut"],"picked":"True Grit","floor":5},{"not_picked":["Combust","Flex"],"picked":"Seeing Red","floor":7},{"not_picked":["Entrench","Wild Strike"],"picked":"Power Through","floor":8},{"not_picked":["Searing Blow","Cleave"],"picked":"Shrug It Off","floor":11},{"not_picked":["Pummel","Blood for Blood"],"picked":"Demon Form","floor":13},{"not_picked":["Iron Wave","Sentinel"],"picked":"Shockwave","floor":14},{"not_picked":["Impervious","Fiend Fire"],"picked":"Offering","floor":16},{"not_picked":["Carnage+1","Inflame"],"picked":"Warcry","floor":18},{"not_picked":["Body Slam","Cleave"],"picked":"Whirlwind","floor":24},{"not_picked":["Reckless Charge","Cleave"],"picked":"Limit Break","floor":25},{"not_picked":["Searing Blow","Metallicize"],"picked":"Dual Wield","floor":27},{"not_picked":["Flex","Headbutt"],"picked":"Clothesline","floor":28},{"not_picked":["Brutality","Limit Break"],"picked":"Reaper","floor":33},{"not_picked":["Whirlwind","Heavy Blade+1"],"picked":"Feel No Pain","floor":35},{"not_picked":["Anger+1","Flame Barrier+1"],"picked":"Headbutt","floor":39},{"not_picked":["Warcry","Pommel Strike"],"picked":"Armaments+1","floor":41}],"player_experience":692088,"relics_obtained":[{"floor":7,"key":"Oddly Smooth Stone"},{"floor":9,"key":"Blue Candle"},{"floor":24,"key":"Regal Pillow"},{"floor":26,"key":"Calipers"},{"floor":27,"key":"Du-Vu Doll"},{"floor":27,"key":"Paper Frog"},{"floor":43,"key":"Mummified Hand"}],"event_choices":[{"event_name":"Wheel of Change","player_choice":"Curse","floor":2,"damage_taken":0},{"event_name":"Transmorgrifier","player_choice":"Transform","floor":19,"damage_taken":0},{"event_name":"Back to Basics","player_choice":"Elegance","floor":20,"damage_taken":0},{"event_name":"Addict","player_choice":"Stole Relic","floor":22,"damage_taken":0},{"event_name":"Colosseum","player_choice":"Fight","floor":27,"damage_taken":0},{"event_name":"Colosseum","player_choice":"Fought Nobs","floor":27,"damage_taken":0},{"event_name":"The Library","player_choice":"Heal","floor":31,"damage_taken":0},{"event_name":"Winding Halls","player_choice":"Embrace Madness","floor":37,"damage_taken":0},{"event_name":"Golden Shrine","player_choice":"Pray","floor":38,"damage_taken":0},{"event_name":"FaceTrader","player_choice":"Trade","floor":45,"damage_taken":0}],"is_beta":true,"boss_relics":[{"not_picked":["Calling Bell","Runic Cube"],"picked":"Cursed Key"},{"not_picked":["Pandora\u0027s Box","White Beast Statue"],"picked":"Astrolabe"}],"items_purged_floors":[21,29,36],"is_endless":false,"potions_floor_spawned":[1,3,7,13,14,24,25,27,28,39],"killed_by":"Transient","ascension_level":0}