{"gold_per_floor":[109,119,69,69,69,100,100,133,160,12,52,67,67,67,67,187,187,205,205,130,45,40,40,84,84,155,180,204,204,225,266,266,385,385,406,430,430,430,486,486,52,52,52,87,51,51,51,69,69,69,69,69,31,67,67],"floor_reached":56,"playtime":2465,"items_purged":[],"score":1348,"play_id":"3abfcda4-1c9a-4f60-9025-9cd9f7bede39","local_time":"20190109043005","is_ascension_mode":true,"campfire_choices":[{"data":"Feed","floor":7.0,"key":"SMITH"},{"data":"Heavy Blade","floor":13.0,"key":"SMITH"},{"data":"Disarm","floor":15.0,"key":"SMITH"},{"data":"Demon Form","floor":23.0,"key":"SMITH"},{"data":"strawberrySpire:PumpUp","floor":25.0,"key":"SMITH"},{"data":"strawberrySpire:Endurance","floor":29.0,"key":"SMITH"},{"data":"Disarm","floor":32.0,"key":"SMITH"},{"data":"Uppercut","floor":40,"key":"SMITH"},{"data":"strawberrySpire:Flashback","floor":42,"key":"SMITH"},{"data":"Havoc","floor":46,"key":"SMITH"},{"floor":47,"key":"RECALL"},{"data":"Heavy Blade","floor":49,"key":"SMITH"},{"data":"Ghostly","floor":52,"key":"SMITH"}],"neow_cost":"NONE","seed_source_timestamp":0,"circlet_count":0,"master_deck":["Bash+1","strawberrySpire:Incursion","Spot Weakness","Feed+1","Iron Wave","Disarm+1","Cleave","strawberrySpire:PumpUp+1","Heavy Blade+1","Demon Form+1","strawberrySpire:Endurance+1","Ghostly","Ghostly+1","Ghostly","Ghostly","Ghostly+1","Madness","Body Slam+1","strawberrySpire:FireDrill","strawberrySpire:CrashLanding+1","Corruption+1","Disarm+1","strawberrySpire:Incursion","Cleave","Power Through+1","Barricade+1","Heavy Blade+1","Havoc+1","Uppercut+1","Disarm+1","Feel No Pain+1","strawberrySpire:Flashback","Dark Shackles","strawberrySpire:Taunt+1","Shrug It Off","strawberrySpire:DraftPunk+1","Headbutt","Infernal Blade"],"special_seed":0,"relics":["Burning Blood","strawberrySpire:KineticCharger","Golden Idol","Bag of Marbles","Bronze Scales","Blood Vial","Magic Flower","strawberrySpire:Dictionifier","Frozen Egg 2","Sundial","Meat on the Bone","Pandora\u0027s Box","WingedGreaves","War Paint","The Courier","Charon\u0027s Ashes","Gambling Chip"],"potions_floor_usage":[44,55,55,55],"damage_taken":[{"damage":15.0,"enemies":"Jaw Worm","floor":1.0,"turns":4.0},{"damage":5.0,"enemies":"Small Slimes","floor":2.0,"turns":3.0},{"damage":21.0,"enemies":"Lagavulin","floor":6.0,"turns":5.0},{"damage":20.0,"enemies":"strawberrySpire:EnergyPylons","floor":8.0,"turns":6.0},{"damage":8.0,"enemies":"3 Sentries","floor":11.0,"turns":6.0},{"damage":0.0,"enemies":"Cultist","floor":12.0,"turns":1.0},{"damage":24.0,"enemies":"The Guardian","floor":16.0,"turns":11.0},{"damage":22.0,"enemies":"Spheric Guardian","floor":18.0,"turns":4.0},{"damage":3.0,"enemies":"2 Thieves","floor":22.0,"turns":4.0},{"damage":19.0,"enemies":"Gremlin Leader","floor":24.0,"turns":11.0},{"damage":52.0,"enemies":"Chosen and Byrds","floor":27.0,"turns":12.0},{"damage":2.0,"enemies":"Snecko","floor":28.0,"turns":4.0},{"damage":3.0,"enemies":"Snake Plant","floor":30.0,"turns":2.0},{"damage":10.0,"enemies":"Slavers","floor":31.0,"turns":6.0},{"damage":37.0,"enemies":"Collector","floor":33.0,"turns":12.0},{"damage":8,"enemies":"3 Darklings","floor":35,"turns":6},{"damage":16,"enemies":"Orb Walker","floor":36,"turns":3},{"damage":29,"enemies":"2 Orb Walkers","floor":39,"turns":4},{"damage":30,"enemies":"Reptomancer","floor":44,"turns":11},{"damage":15,"enemies":"Spire Growth","floor":48,"turns":5},{"damage":6,"enemies":"Time Eater","floor":50,"turns":10},{"damage":34,"enemies":"Shield and Spear","floor":54,"turns":8},{"damage":46,"enemies":"The Heart","floor":55,"turns":9}],"seed_played":"-4790460131850985299","potions_obtained":[{"floor":1.0,"key":"PowerPotion"},{"floor":6.0,"key":"AttackPotion"},{"floor":8.0,"key":"Fruit Juice"},{"floor":11.0,"key":"Weak Potion"},{"floor":18.0,"key":"Energy Potion"},{"floor":22.0,"key":"Poison Potion"},{"floor":27.0,"key":"SteroidPotion"},{"floor":31.0,"key":"AttackPotion"},{"floor":33.0,"key":"SpeedPotion"},{"floor":39,"key":"AttackPotion"},{"floor":48,"key":"SkillPotion"}],"is_trial":false,"path_per_floor":["M","M","?","?","?","E","R","E","T","$","E","M","R","?","R","B",null,"M","?","?","$","M","R","E","R","T","M","M","R","M","E","R","B",null,"M","M","?","?","?","R","$","R","T","E","$","R","R","M","R","B",null,"R","$","E","B",null],"character_chosen":"IRONCLAD","items_purchased":["Disarm","Dexterity Potion","Cleave","Madness","strawberrySpire:Flashback","War Paint","Dark Shackles","Shrug It Off","Headbutt"],"campfire_rested":0,"item_purchase_floors":[10,10,10,21,41,41,41,45,53],"current_hp_per_floor":[71,72,72,52,36,21,21,16,16,16,18,30,30,23,23,17,101,94,52,52,52,56,56,52,52,52,18,34,34,43,51,51,50,76,80,73,73,73,62,62,62,62,62,68,68,68,68,71,71,77,92,92,92,67,57],"gold":67,"neow_bonus":"RANDOM_COMMON_RELIC","is_prod":false,"is_daily":false,"chose_seed":false,"campfire_upgraded":12,"win_rate":0,"timestamp":1546997405,"path_taken":["M","M","?","?","?","E","R","E","T","$","E","?","R","?","R","BOSS","M","?","?","?","M","R","E","R","T","M","?","R","M","E","R","BOSS","M","?","?","?","?","R","$","R","T","E","?","R","R","M","R","BOSS","R","$","E","BOSS"],"build_version":"2019-01-07","purchased_purges":0,"victory":true,"max_hp_per_floor":[80,80,80,80,80,80,80,89,89,89,93,97,97,97,97,101,101,105,52,52,52,56,56,60,60,60,64,68,68,68,72,72,76,76,80,80,80,80,84,84,84,84,84,88,88,88,88,92,92,92,92,92,92,92,96],"card_choices":[{"not_picked":["Body Slam","Sword Boomerang"],"picked":"strawberrySpire:Incursion","floor":1.0},{"not_picked":["strawberrySpire:FireDrill","strawberrySpire:DebrisPile"],"picked":"Spot Weakness","floor":2.0},{"not_picked":["Feel No Pain","Warcry"],"picked":"Feed","floor":6.0},{"not_picked":["strawberrySpire:JustAWound","strawberrySpire:FireDrill"],"picked":"Iron Wave","floor":8.0},{"not_picked":["strawberrySpire:FireDrill","Warcry"],"picked":"strawberrySpire:PumpUp","floor":11.0},{"not_picked":["Havoc","strawberrySpire:Conflagrate"],"picked":"Heavy Blade","floor":12.0},{"not_picked":["strawberrySpire:Harvest","Feed"],"picked":"Demon Form","floor":16.0},{"not_picked":["Evolve","Second Wind"],"picked":"strawberrySpire:Endurance","floor":18.0},{"not_picked":["True Grit","Twin Strike"],"picked":"Body Slam+1","floor":22.0},{"not_picked":["True Grit+1","Rupture"],"picked":"strawberrySpire:FireDrill","floor":24.0},{"not_picked":["Wild Strike","strawberrySpire:DraftPunk"],"picked":"strawberrySpire:CrashLanding+1","floor":27.0},{"not_picked":["Perfected Strike","Wild Strike","Clash"],"picked":"SKIP","floor":28.0},{"not_picked":["Hemokinesis","Brutality+1"],"picked":"Corruption+1","floor":30.0},{"not_picked":["Berserk+1","strawberrySpire:PowerStomp+1"],"picked":"Disarm","floor":31.0},{"not_picked":["Offering","Dark Embrace+1"],"picked":"Barricade+1","floor":33.0},{"not_picked":["Havoc+1","Headbutt+1"],"picked":"Disarm+1","floor":35},{"not_picked":["Twin Strike","Wild Strike+1","Burning Pact+1"],"picked":"SKIP","floor":36},{"not_picked":["Pommel Strike","Cleave"],"picked":"Feel No Pain+1","floor":39},{"not_picked":["Infernal Blade","Twin Strike"],"picked":"strawberrySpire:Taunt+1","floor":44},{"not_picked":["Reaper","Headbutt+1"],"picked":"strawberrySpire:DraftPunk+1","floor":48},{"not_picked":["Perfected Strike+1","Power Through+1"],"picked":"Infernal Blade","floor":54}],"player_experience":1049245,"relics_obtained":[{"floor":6.0,"key":"Bag of Marbles"},{"floor":8.0,"key":"Bronze Scales"},{"floor":11.0,"key":"Blood Vial"},{"floor":24.0,"key":"Frozen Egg 2"},{"floor":26.0,"key":"Sundial"},{"floor":31.0,"key":"Meat on the Bone"},{"floor":39,"key":"WingedGreaves"},{"floor":43,"key":"The Courier"},{"floor":44,"key":"Charon\u0027s Ashes"},{"floor":54,"key":"Gambling Chip"}],"event_choices":[{"cards_removed":["Defend_R"],"damage_healed":0.0,"max_hp_gain":0.0,"max_hp_loss":0.0,"gold_gain":0.0,"event_name":"The Cleric","player_choice":"Card Removal","floor":3.0,"gold_loss":50.0,"damage_taken":0.0},{"damage_healed":0.0,"max_hp_gain":0.0,"max_hp_loss":0.0,"gold_gain":0.0,"event_name":"Golden Idol","player_choice":"Take Damage","floor":4.0,"gold_loss":0.0,"damage_taken":20.0,"relics_obtained":["Golden Idol"]},{"damage_healed":0.0,"max_hp_gain":0.0,"max_hp_loss":0.0,"gold_gain":0.0,"event_name":"Shining Light","player_choice":"Entered Light","floor":5.0,"gold_loss":0.0,"damage_taken":16.0,"cards_upgraded":["Bash","Strike_R"]},{"damage_healed":0.0,"max_hp_gain":0.0,"max_hp_loss":0.0,"gold_gain":0.0,"event_name":"Scrap Ooze","player_choice":"Success","floor":14.0,"gold_loss":0.0,"damage_taken":7.0,"relics_obtained":["Magic Flower"]},{"damage_healed":0.0,"max_hp_gain":0.0,"max_hp_loss":53.0,"gold_gain":0.0,"event_name":"Ghosts","player_choice":"Became a Ghost","floor":19.0,"gold_loss":0.0,"damage_taken":0.0,"cards_obtained":["Ghostly","Ghostly","Ghostly","Ghostly","Ghostly"]},{"cards_removed":["Strike_R"],"damage_healed":0.0,"max_hp_gain":0.0,"max_hp_loss":0.0,"gold_gain":0.0,"event_name":"Beggar","player_choice":"Gave Gold","floor":20.0,"gold_loss":75.0,"damage_taken":0.0},{"damage_healed":0,"gold_gain":0,"player_choice":"Ignored","damage_taken":0,"max_hp_gain":0,"max_hp_loss":0,"event_name":"Tomb of Lord Red Mask","floor":37,"gold_loss":0},{"cards_removed":["Barricade"],"damage_healed":0,"gold_gain":0,"player_choice":"Removed Power","damage_taken":0,"max_hp_gain":0,"max_hp_loss":0,"event_name":"Falling","floor":38,"gold_loss":0},{"damage_healed":0,"gold_gain":0,"player_choice":"Fight","damage_taken":0,"max_hp_gain":0,"max_hp_loss":0,"event_name":"Mysterious Sphere","floor":39,"gold_loss":0}],"is_beta":true,"boss_relics":[{"not_picked":["strawberrySpire:SolarisEssence","Ectoplasm"],"picked":"strawberrySpire:Dictionifier"},{"not_picked":["Runic Dome","Fusion Hammer"],"picked":"Pandora\u0027s Box"}],"items_purged_floors":[],"is_endless":false,"potions_floor_spawned":[1,6,8,11,18,22,27,31,33,39,48,54],"ascension_level":1}