{"gold_per_floor":[115,133,93,113,131,147,147,147,147,147,204,204,235,254,254,254],"floor_reached":16,"playtime":703,"items_purged":[],"score":102,"play_id":"b3965959-ad1d-4a18-b9a7-32f48fbe1436","local_time":"20180812231407","is_ascension_mode":false,"campfire_choices":[{"data":"Hemokinesis","floor":7,"key":"SMITH"},{"data":"Bash","floor":10,"key":"SMITH"},{"floor":12,"key":"REST"},{"data":"Strike_R","floor":15,"key":"PURGE"}],"neow_cost":"TEN_PERCENT_HP_LOSS","seed_source_timestamp":269905500944670,"circlet_count":0,"master_deck":["Strike_R","Strike_R","Strike_R","Strike_R","Defend_R","Defend_R","Defend_R","Defend_R","Bash+1","Cleave","Shrug It Off","Iron Wave","Hemokinesis+1","Deflect","Sword Boomerang","Carnage","Pommel Strike"],"relics":["Burning Blood","Du-Vu Doll","Incense Burner","Toxic Egg 2","Peace Pipe"],"potions_floor_usage":[11,11,13,16],"damage_taken":[{"damage":11,"enemies":"Jaw Worm","floor":1,"turns":3},{"damage":5,"enemies":"Cultist","floor":2,"turns":4},{"damage":0,"enemies":"2 Louse","floor":4,"turns":2},{"damage":23,"enemies":"Exordium Thugs","floor":5,"turns":5},{"damage":22,"enemies":"2 Fungi Beasts","floor":6,"turns":4},{"damage":28,"enemies":"Lagavulin Event","floor":11,"turns":6},{"damage":17,"enemies":"Lagavulin","floor":13,"turns":5},{"damage":3,"enemies":"Blue Slaver","floor":14,"turns":3},{"damage":37,"enemies":"The Guardian","floor":16,"turns":8}],"seed_played":"-4624815174090730294","potions_obtained":[{"floor":3,"key":"SmokeBomb"},{"floor":3,"key":"Ancient Potion"},{"floor":3,"key":"BloodPotion"},{"floor":6,"key":"PowerPotion"},{"floor":11,"key":"Poison Potion"},{"floor":13,"key":"AttackPotion"}],"is_trial":false,"path_per_floor":["M","M","?","M","M","M","R","?","T","R","?","R","E","M","R"],"character_chosen":"IRONCLAD","items_purchased":[],"campfire_rested":1,"item_purchase_floors":[],"current_hp_per_floor":[67,68,68,72,55,39,39,39,39,39,24,45,34,37,37,0],"gold":254,"neow_bonus":"ONE_RARE_RELIC","is_prod":false,"is_daily":false,"chose_seed":false,"campfire_upgraded":2,"win_rate":0,"timestamp":1534104847,"path_taken":["M","M","?","M","M","?","R","?","T","R","?","R","E","M","R","BOSS"],"build_version":"2018-08-08","purchased_purges":0,"victory":false,"max_hp_per_floor":[72,72,72,72,72,72,72,72,72,72,72,72,72,72,72,72],"card_choices":[{"not_picked":["Warcry","Iron Wave"],"picked":"Cleave","floor":1},{"not_picked":["Twin Strike","Feel No Pain"],"picked":"Shrug It Off","floor":2},{"not_picked":["Sentinel","True Grit"],"picked":"Shrug It Off","floor":4},{"not_picked":["Anger","Metallicize"],"picked":"Iron Wave","floor":5},{"not_picked":["Infernal Blade","Second Wind"],"picked":"Hemokinesis","floor":6},{"not_picked":["Anger","Body Slam"],"picked":"Sword Boomerang","floor":11},{"not_picked":["Rupture","Havoc+1"],"picked":"Carnage","floor":13},{"not_picked":["Combust","Shrug It Off+1"],"picked":"Pommel Strike","floor":14}],"player_experience":621194,"relics_obtained":[{"floor":9,"key":"Incense Burner"},{"floor":11,"key":"Toxic Egg 2"},{"floor":13,"key":"Peace Pipe"}],"event_choices":[{"event_name":"The Woman in Blue","player_choice":"Bought 3 Potions","floor":3,"damage_taken":0},{"event_name":"NoteForYourself","player_choice":"Took Card","floor":8,"damage_taken":0},{"event_name":"Dead Adventurer","player_choice":"Searched \u00272\u0027 times","floor":11,"damage_taken":0}],"is_beta":true,"boss_relics":[],"items_purged_floors":[],"is_endless":false,"potions_floor_spawned":[6,11,13],"killed_by":"The Guardian","ascension_level":0}