{"gold_per_floor":[116,126,126,4,15,15,76,76,100,100,114,148,170,198,210,222],"floor_reached":16,"playtime":712,"items_purged":["Defend_P"],"score":137,"play_id":"97bcabe5-cca3-419b-9444-f964afda3cef","local_time":"20190913132101","is_ascension_mode":false,"campfire_choices":[{"data":"CutThroughFate","floor":6,"key":"SMITH"},{"data":"ThirdEye","floor":8,"key":"SMITH"},{"data":"CrushJoints","floor":15,"key":"SMITH"}],"neow_cost":"NONE","seed_source_timestamp":125785309614500,"circlet_count":0,"master_deck":["Strike_P","Strike_P","Strike_P","Defend_P","Defend_P","Defend_P","Eruption","Vigilance","Judgement","Vengeance","ThirdEye+1","CrushJoints+1","CutThroughFate+1","Conclude","FollowUp","EmptyBody","Omniscience","InnerPeace"],"relics":["PureWater","Tiny Chest","Bag of Preparation","MawBank"],"potions_floor_usage":[16],"damage_taken":[{"damage":0,"enemies":"Cultist","floor":1,"turns":3},{"damage":0,"enemies":"2 Louse","floor":2,"turns":2},{"damage":0,"enemies":"Small Slimes","floor":5,"turns":2},{"damage":47,"enemies":"Lagavulin","floor":7,"turns":6},{"damage":0,"enemies":"Exordium Thugs","floor":11,"turns":3},{"damage":0,"enemies":"Gremlin Nob","floor":12,"turns":2},{"damage":7,"enemies":"Blue Slaver","floor":13,"turns":3},{"damage":0,"enemies":"2 Fungi Beasts","floor":14,"turns":2},{"damage":16,"enemies":"Slime Boss","floor":16,"turns":5}],"seed_played":"4439479594686000356","potions_obtained":[{"floor":1,"key":"Weak Potion"},{"floor":7,"key":"SpeedPotion"},{"floor":13,"key":"Weak Potion"},{"floor":14,"key":"DuplicationPotion"}],"is_trial":false,"path_per_floor":["M","M","?","$","M","R","E","R","T","?","M","E","M","M","R","B"],"character_chosen":"WATCHER","items_purchased":["CrushJoints"],"campfire_rested":0,"item_purchase_floors":[4],"current_hp_per_floor":[65,65,70,70,70,70,23,23,23,23,23,23,16,16,16,0],"gold":222,"neow_bonus":"ONE_RANDOM_RARE_CARD","is_prod":false,"is_daily":false,"chose_seed":false,"campfire_upgraded":3,"win_rate":0.0,"timestamp":1568370061,"path_taken":["M","M","?","$","M","R","E","R","T","?","M","E","M","M","R","BOSS"],"build_version":"2019-09-12","purchased_purges":1,"victory":false,"max_hp_per_floor":[65,65,70,70,70,70,70,70,70,70,70,70,70,70,70,70],"card_choices":[{"not_picked":["Meditate","InnerPeace"],"picked":"Vengeance","floor":1},{"not_picked":["InnerPeace","Crescendo"],"picked":"ThirdEye","floor":2},{"not_picked":["EmptyBody","EmptyMind"],"picked":"CutThroughFate","floor":5},{"not_picked":["Vengeance","CarveReality"],"picked":"Conclude","floor":7},{"not_picked":["InnerPeace","CarveReality"],"picked":"FollowUp","floor":11},{"not_picked":["CarveReality","InnerPeace"],"picked":"EmptyBody","floor":12},{"not_picked":["Halt","EmptyFist"],"picked":"Omniscience","floor":13},{"not_picked":["Halt","Scrawl"],"picked":"InnerPeace","floor":14}],"player_experience":270839,"relics_obtained":[{"floor":7,"key":"Tiny Chest"},{"floor":9,"key":"Bag of Preparation"},{"floor":12,"key":"MawBank"}],"event_choices":[{"damage_healed":0,"gold_gain":0,"player_choice":"Donut","damage_taken":0,"max_hp_gain":5,"max_hp_loss":0,"event_name":"Big Fish","floor":3,"gold_loss":0},{"cards_removed":["Strike_P"],"damage_healed":0,"gold_gain":0,"player_choice":"Offered Basic","damage_taken":0,"max_hp_gain":0,"max_hp_loss":0,"event_name":"Bonfire Elementals","floor":10,"gold_loss":0}],"is_beta":true,"boss_relics":[],"items_purged_floors":[4],"is_endless":false,"potions_floor_spawned":[1,7,13,14],"killed_by":"Slime Boss","ascension_level":0}