{"gold_per_floor":[369,369,388,463,477,507,507,507,507,9,9,9,9,19,19,119,119,131,131,56,56,66,66,92,103,103,103,103,103,3,18,18,120,120,130,130,5,23,23,51,0,0,82,111,111,111,42,60,60,60],"floor_reached":51,"playtime":2079,"items_purged":["Strike_R","Shame","Strike_R"],"score":717,"play_id":"281059d6-c7d0-4b85-9f52-e2ed21b06e27","local_time":"20180828030443","is_ascension_mode":false,"campfire_choices":[{"data":"Spot Weakness","floor":7,"key":"SMITH"},{"floor":13,"key":"REST"},{"data":"Armaments","floor":15,"key":"SMITH"},{"data":"Double Tap","floor":23,"key":"SMITH"},{"floor":28,"key":"REST"},{"data":"Whirlwind","floor":32,"key":"SMITH"},{"floor":42,"key":"REST"},{"floor":46,"key":"REST"},{"floor":49,"key":"REST"}],"neow_cost":"PERCENT_DAMAGE","seed_source_timestamp":458958497551392,"circlet_count":0,"master_deck":["Strike_R","Defend_R+1","Defend_R","Defend_R","Bash","Headbutt+1","Spot Weakness+1","Wild Strike","Power Through","Armaments+1","Double Tap+1","Dual Wield","Havoc+1","Whirlwind+1","Shockwave+1","Headbutt","Feed","Intimidate+1","Madness+1","Madness+1","True Grit+1","Flame Barrier+1","Jack Of All Trades+1","Secret Weapon+1","Whirlwind","Whirlwind+1"],"relics":["Burning Blood","Gremlin Horn","Charon\u0027s Ashes","Chemical X","Incense Burner","Cursed Key","Juzu Bracelet","Toxic Egg 2","Bottled Flame","Fusion Hammer","Omamori","Red Mask","Singing Bowl","Happy Flower"],"potions_floor_usage":[6,16,24,24,24,24,33,33,40,50,50],"damage_taken":[{"damage":1,"enemies":"Cultist","floor":1,"turns":3},{"damage":4,"enemies":"Jaw Worm","floor":3,"turns":5},{"damage":4,"enemies":"Small Slimes","floor":5,"turns":3},{"damage":31,"enemies":"3 Sentries","floor":6,"turns":7},{"damage":0,"enemies":"3 Louse","floor":14,"turns":1},{"damage":26,"enemies":"The Guardian","floor":16,"turns":12},{"damage":25,"enemies":"Shell Parasite","floor":18,"turns":5},{"damage":27,"enemies":"2 Thieves","floor":22,"turns":4},{"damage":26,"enemies":"Book of Stabbing","floor":24,"turns":5},{"damage":14,"enemies":"Shelled Parasite and Fungi","floor":25,"turns":4},{"damage":9,"enemies":"Snake Plant","floor":31,"turns":5},{"damage":7,"enemies":"Collector","floor":33,"turns":4},{"damage":0,"enemies":"Flame Bruiser 1 Orb","floor":35,"turns":1},{"damage":1,"enemies":"Orb Walker","floor":38,"turns":4},{"damage":18,"enemies":"Nemesis","floor":40,"turns":5},{"damage":22,"enemies":"Giant Head","floor":44,"turns":6},{"damage":0,"enemies":"Flame Bruiser 2 Orb","floor":48,"turns":2},{"damage":54,"enemies":"Time Eater","floor":50,"turns":8}],"seed_played":"-8239425077815897661","potions_obtained":[{"floor":1,"key":"SkillPotion"},{"floor":6,"key":"Fire Potion"},{"floor":18,"key":"Dexterity Potion"},{"floor":22,"key":"EntropicBrew"},{"floor":31,"key":"Swift Potion"},{"floor":33,"key":"Strength Potion"},{"floor":44,"key":"Dexterity Potion"},{"floor":48,"key":"PowerPotion"}],"is_trial":false,"path_per_floor":["M","?","M","?","M","E","R","?","T","$","?","$","R","M","R","B",null,"M","?","$","?","M","R","E","M","T","?","R","?","$","M","R","B",null,"M","?","$","M","?","E","?","R","T","E","?","R","$","M","R","B"],"character_chosen":"IRONCLAD","items_purchased":["Chemical X","Incense Burner","Whirlwind"],"campfire_rested":5,"item_purchase_floors":[10,10,47],"current_hp_per_floor":[61,66,68,57,59,34,34,17,17,17,17,17,42,48,48,28,85,66,66,66,66,45,45,25,17,17,45,70,70,70,67,67,66,85,85,74,74,79,79,67,67,85,85,69,61,87,87,87,87,39],"gold":60,"neow_bonus":"TWO_FIFTY_GOLD","is_prod":false,"is_daily":false,"chose_seed":false,"campfire_upgraded":4,"win_rate":0,"timestamp":1535414683,"path_taken":["M","?","M","?","M","E","R","?","T","?","?","$","R","M","R","BOSS","M","?","$","?","M","R","E","M","T","?","R","?","$","M","R","BOSS","M","?","$","M","?","E","?","R","T","E","?","R","?","M","R","BOSS"],"build_version":"2018-08-23v2","purchased_purges":3,"victory":true,"max_hp_per_floor":[80,85,85,85,85,85,85,85,85,85,85,85,85,85,85,85,85,85,85,85,85,85,85,85,85,85,85,85,85,85,85,85,85,85,85,85,85,85,85,85,85,85,85,85,87,87,87,87,87,87],"card_choices":[{"not_picked":["Hemokinesis","Flame Barrier"],"picked":"Headbutt","floor":1},{"not_picked":["Heavy Blade","Havoc"],"picked":"Spot Weakness","floor":3},{"not_picked":["Flex","Warcry"],"picked":"Wild Strike","floor":5},{"not_picked":["Feel No Pain","Rupture"],"picked":"Power Through","floor":6},{"not_picked":["Anger","Reckless Charge"],"picked":"Armaments","floor":14},{"not_picked":["Brutality","Bludgeon"],"picked":"Double Tap","floor":16},{"not_picked":["Rampage","Sentinel+1"],"picked":"Dual Wield","floor":18},{"not_picked":["Evolve","Sword Boomerang"],"picked":"Havoc+1","floor":22},{"not_picked":["True Grit","Iron Wave+1"],"picked":"Whirlwind","floor":24},{"not_picked":["Twin Strike","Perfected Strike+1"],"picked":"Shockwave+1","floor":25},{"not_picked":["Power Through+1","Dropkick+1"],"picked":"Headbutt","floor":31},{"not_picked":["Fiend Fire","Brutality"],"picked":"Feed","floor":33},{"not_picked":["Cleave","Warcry+1"],"picked":"Intimidate+1","floor":35},{"not_picked":["Clash","Searing Blow","Rampage"],"picked":"SKIP","floor":38},{"not_picked":["Twin Strike+1","Headbutt"],"picked":"True Grit+1","floor":40},{"not_picked":["Dark Embrace","Clothesline+1"],"picked":"Flame Barrier+1","floor":44},{"not_picked":["Mayhem","Blind+1","Master of Strategy+1"],"picked":"Singing Bowl","floor":45},{"not_picked":["Deep Breath+1","Dark Shackles+1"],"picked":"Jack Of All Trades+1","floor":45},{"not_picked":["Discovery+1","Master of Strategy+1"],"picked":"Secret Weapon+1","floor":45},{"not_picked":["Twin Strike","Perfected Strike+1"],"picked":"Whirlwind+1","floor":48}],"player_experience":662128,"relics_obtained":[{"floor":6,"key":"Gremlin Horn"},{"floor":9,"key":"Charon\u0027s Ashes"},{"floor":24,"key":"Toxic Egg 2"},{"floor":26,"key":"Bottled Flame"},{"floor":40,"key":"Omamori"},{"floor":43,"key":"Singing Bowl"},{"floor":44,"key":"Happy Flower"}],"event_choices":[{"event_name":"Big Fish","player_choice":"Donut","floor":2,"damage_taken":0},{"event_name":"World of Goop","player_choice":"Gather Gold","floor":4,"damage_taken":0},{"event_name":"Shining Light","player_choice":"Entered Light","floor":8,"damage_taken":0},{"event_name":"Living Wall","player_choice":"Forget","floor":11,"damage_taken":0},{"event_name":"Back to Basics","player_choice":"Elegance","floor":19,"damage_taken":0},{"event_name":"Addict","player_choice":"Stole Relic","floor":21,"damage_taken":0},{"event_name":"The Library","player_choice":"Heal","floor":27,"damage_taken":0},{"event_name":"Wheel of Change","player_choice":"Card Removal","floor":29,"damage_taken":0},{"event_name":"Winding Halls","player_choice":"Embrace Madness","floor":36,"damage_taken":0},{"event_name":"Falling","player_choice":"Removed Skill","floor":39,"damage_taken":0},{"event_name":"Tomb of Lord Red Mask","player_choice":"Paid","floor":41,"damage_taken":0},{"event_name":"SensoryStone","player_choice":"Memory 3","floor":45,"damage_taken":0}],"is_beta":true,"boss_relics":[{"not_picked":["Ectoplasm","White Beast Statue"],"picked":"Cursed Key"},{"not_picked":["Snecko Eye","Astrolabe"],"picked":"Fusion Hammer"}],"items_purged_floors":[20,30,37],"is_endless":false,"potions_floor_spawned":[1,6,18,22,31,33,44,48],"ascension_level":0}