{"gold_per_floor":[109,120,133,143,160,160,185,201,275,309,309,329,329,283,283,388,388,388,388,61,79,79],"floor_reached":22,"playtime":996,"items_purged":["Strike_G"],"score":307,"play_id":"dafbf117-f430-48fd-a97d-9c04d18f7bd8","local_time":"20190912131455","is_ascension_mode":true,"campfire_choices":[{"data":"Footwork","floor":6.0,"key":"SMITH"},{"floor":11.0,"key":"REST"},{"floor":15.0,"key":"REST"}],"neow_cost":"NONE","seed_source_timestamp":687530496666181,"circlet_count":0,"master_deck":["AscendersBane","Strike_G","Strike_G","Strike_G","Strike_G","Defend_G","Defend_G","Defend_G","Defend_G","Defend_G","Survivor","Neutralize","Cloak And Dagger","Sucker Punch","Riddle With Holes","Dagger Spray","Footwork+1","PiercingWail","Sucker Punch","Deadly Poison","Terror","Corpse Explosion","Noxious Fumes","Dash","Backstab"],"special_seed":0,"relics":["Ring of the Snake","Omamori","Bottled Lightning","Anchor","Eternal Feather","SsserpentHead","Oddly Smooth Stone"],"potions_floor_usage":[18],"damage_taken":[{"damage":1.0,"enemies":"Cultist","floor":1.0,"turns":4.0},{"damage":3.0,"enemies":"Jaw Worm","floor":2.0,"turns":8.0},{"damage":0.0,"enemies":"Small Slimes","floor":3.0,"turns":4.0},{"damage":5.0,"enemies":"Blue Slaver","floor":4.0,"turns":4.0},{"damage":10.0,"enemies":"Lots of Slimes","floor":5.0,"turns":3.0},{"damage":24.0,"enemies":"Lagavulin","floor":7.0,"turns":10.0},{"damage":0.0,"enemies":"2 Fungi Beasts","floor":8.0,"turns":4.0},{"damage":15.0,"enemies":"3 Sentries","floor":10.0,"turns":6.0},{"damage":0.0,"enemies":"Looter","floor":12.0,"turns":3.0},{"damage":26.0,"enemies":"The Guardian","floor":16.0,"turns":14.0},{"damage":0,"enemies":"Spheric Guardian","floor":18,"turns":1},{"damage":22,"enemies":"Chosen","floor":21,"turns":6},{"damage":54,"enemies":"Sentry and Sphere","floor":22,"turns":7}],"seed_played":"5528026494932167971","potions_obtained":[{"floor":0.0,"key":"GhostInAJar"},{"floor":0.0,"key":"EntropicBrew"},{"floor":4.0,"key":"Regen Potion"},{"floor":7.0,"key":"AttackPotion"},{"floor":12.0,"key":"SmokeBomb"}],"is_trial":false,"path_per_floor":["M","M","M","M","M","R","E","M","T","E","R","M","?","?","R","B",null,"M","?","$","M","M"],"character_chosen":"THE_SILENT","items_purchased":["Oddly Smooth Stone","Noxious Fumes","Dash"],"campfire_rested":2,"item_purchase_floors":[20,20,20],"current_hp_per_floor":[62,59,59,54,44,44,35,35,35,20,41,41,46,46,68,42,67,67,67,67,45,0],"gold":79,"neow_bonus":"THREE_SMALL_POTIONS","is_prod":false,"is_daily":false,"chose_seed":false,"campfire_upgraded":1,"win_rate":0,"timestamp":1568319295,"path_taken":["M","M","M","M","M","R","E","?","T","E","R","M","?","?","R","BOSS","M","?","$","M","M"],"build_version":"2019-07-17","purchased_purges":1,"victory":false,"max_hp_per_floor":[70,70,70,70,70,70,70,70,70,70,70,70,75,75,75,75,75,75,75,75,75,75],"card_choices":[{"not_picked":["Deflect","Acrobatics"],"picked":"Cloak And Dagger","floor":1.0},{"not_picked":["Quick Slash","Cloak And Dagger"],"picked":"Sucker Punch","floor":2.0},{"not_picked":["Concentrate","Catalyst"],"picked":"Riddle With Holes","floor":3.0},{"not_picked":["Flying Knee","Sucker Punch"],"picked":"Dagger Spray","floor":4.0},{"not_picked":["Bane","Blade Dance"],"picked":"Footwork","floor":5.0},{"not_picked":["Malaise","Deflect"],"picked":"PiercingWail","floor":7.0},{"not_picked":["Catalyst","Choke"],"picked":"Sucker Punch","floor":8.0},{"not_picked":["Deflect","Underhanded Strike"],"picked":"Deadly Poison","floor":10.0},{"not_picked":["Cloak And Dagger","Dagger Spray"],"picked":"Terror","floor":12.0},{"not_picked":["Grand Finale","Unload"],"picked":"Corpse Explosion","floor":16.0},{"not_picked":["Expertise","Slice"],"picked":"Backstab","floor":21}],"player_experience":601670,"relics_obtained":[{"floor":7.0,"key":"Omamori"},{"floor":9.0,"key":"Bottled Lightning"},{"floor":10.0,"key":"Anchor"}],"event_choices":[{"damage_healed":0.0,"max_hp_gain":5.0,"max_hp_loss":0.0,"gold_gain":0.0,"event_name":"Big Fish","player_choice":"Donut","floor":13.0,"gold_loss":0.0,"damage_taken":0.0},{"damage_healed":0.0,"max_hp_gain":0.0,"max_hp_loss":0.0,"gold_gain":0.0,"event_name":"World of Goop","player_choice":"Left Gold","floor":14.0,"gold_loss":46.0,"damage_taken":0.0},{"damage_healed":0,"gold_gain":0,"player_choice":"Trade","damage_taken":0,"relics_obtained":["SsserpentHead"],"max_hp_gain":0,"max_hp_loss":0,"event_name":"FaceTrader","floor":19,"gold_loss":0}],"is_beta":false,"boss_relics":[{"not_picked":["Orrery","Tiny House"],"picked":"Eternal Feather"}],"items_purged_floors":[20],"is_endless":false,"potions_floor_spawned":[1,4,7,12,18],"killed_by":"Sentry and Sphere","ascension_level":11}