{"gold_per_floor":[115,40,40,115,115,115,148,148,171,171,171,188,204,229,229,229],"floor_reached":16,"playtime":183,"items_purged":["Strike_R"],"score":131,"play_id":"2434e196-7d1a-4f39-832c-e1085b38d484","local_time":"20190915212557","is_ascension_mode":false,"campfire_choices":[{"data":"Bash","floor":6,"key":"SMITH"},{"data":"Twin Strike","floor":8,"key":"SMITH"},{"data":"Defend_R","floor":10,"key":"SMITH"},{"data":"Flex","floor":15,"key":"SMITH"}],"neow_cost":"NONE","seed_source_timestamp":8967101600101,"circlet_count":0,"master_deck":["Strike_R","Strike_R","Strike_R","Strike_R","Defend_R","Defend_R","Defend_R","Defend_R+1","Bash+1","Whirlwind+1","Twin Strike+1","Flex+1","Shrug It Off","Reaper"],"relics":["Burning Blood","NeowsBlessing","Pantograph","Lantern","Bag of Preparation","Bird Faced Urn","Shovel"],"potions_floor_usage":[],"damage_taken":[{"damage":0,"enemies":"2 Louse","floor":1,"turns":1},{"damage":0,"enemies":"3 Sentries","floor":7,"turns":1},{"damage":0,"enemies":"Jaw Worm","floor":12,"turns":1},{"damage":0,"enemies":"Small Slimes","floor":13,"turns":1},{"damage":23,"enemies":"Lagavulin","floor":14,"turns":4},{"damage":90,"enemies":"Hexaghost","floor":16,"turns":11}],"seed_played":"-8782165484698560245","potions_obtained":[{"floor":1,"key":"Swift Potion"},{"floor":12,"key":"Dexterity Potion"},{"floor":14,"key":"SteroidPotion"}],"is_trial":false,"path_per_floor":["M","$","?","?","?","R","E","R","T","R","?","M","M","E","R","B"],"character_chosen":"IRONCLAD","items_purchased":[],"campfire_rested":0,"item_purchase_floors":[],"current_hp_per_floor":[80,80,62,51,51,51,57,57,57,57,57,63,69,52,52,0],"gold":229,"neow_bonus":"THREE_ENEMY_KILL","is_prod":false,"is_daily":false,"chose_seed":false,"campfire_upgraded":4,"win_rate":0,"timestamp":1568604357,"path_taken":["M","$","?","?","?","R","E","R","T","R","?","M","M","E","R","BOSS"],"build_version":"2019-09-12","purchased_purges":1,"victory":false,"max_hp_per_floor":[80,80,80,80,80,80,80,80,80,80,80,80,80,80,80,80],"card_choices":[{"not_picked":["Intimidate","Infernal Blade"],"picked":"Whirlwind","floor":1},{"not_picked":["Feel No Pain","Perfected Strike"],"picked":"Twin Strike","floor":7},{"not_picked":["Wild Strike","Shockwave"],"picked":"Flex","floor":12},{"not_picked":["Infernal Blade","Clothesline"],"picked":"Shrug It Off","floor":13},{"not_picked":["Wild Strike","Pommel Strike"],"picked":"Reaper","floor":14}],"player_experience":1534248,"relics_obtained":[{"floor":7,"key":"Lantern"},{"floor":9,"key":"Bag of Preparation"},{"floor":14,"key":"Shovel"}],"event_choices":[{"damage_healed":0,"gold_gain":0,"player_choice":"Success","damage_taken":18,"relics_obtained":["Pantograph"],"max_hp_gain":0,"max_hp_loss":0,"event_name":"Scrap Ooze","floor":3,"gold_loss":0},{"damage_healed":0,"gold_gain":75,"player_choice":"Gather Gold","damage_taken":11,"max_hp_gain":0,"max_hp_loss":0,"event_name":"World of Goop","floor":4,"gold_loss":0},{"damage_healed":0,"gold_gain":0,"player_choice":"Grow","damage_taken":0,"max_hp_gain":0,"max_hp_loss":0,"event_name":"Living Wall","floor":5,"gold_loss":0,"cards_upgraded":["Whirlwind"]},{"damage_healed":0,"gold_gain":0,"player_choice":"Gave Potion","damage_taken":0,"relics_obtained":["Bird Faced Urn"],"max_hp_gain":0,"max_hp_loss":0,"event_name":"WeMeetAgain","floor":11,"gold_loss":0}],"is_beta":true,"boss_relics":[],"items_purged_floors":[2],"is_endless":false,"potions_floor_spawned":[1,12,14],"killed_by":"Hexaghost","ascension_level":0}