{"gold_per_floor":[11,24,39,55,55,85,104,104,104,155,172,204,222,236,236,236],"floor_reached":16,"playtime":863,"items_purged":[],"score":122,"play_id":"6195e4f2-0053-4a8d-a740-2c005ea35db6","local_time":"20181216213521","is_ascension_mode":true,"campfire_choices":[{"data":"Barrage","floor":8,"key":"SMITH"},{"floor":15,"key":"REST"}],"neow_cost":"NO_GOLD","seed_source_timestamp":257338973311398,"circlet_count":0,"master_deck":["Strike_B","Strike_B","Strike_B","Strike_B","Defend_B","Defend_B","Defend_B","Defend_B","Zap","Dualcast","Barrage+1","Ball Lightning","Streamline","Cold Snap","Tempest","Go for the Eyes","Streamline","Beam Cell","Gash","Rebound"],"relics":["Cracked Core","Torii","Shuriken","Nunchaku","Blue Candle"],"potions_floor_usage":[12,14,14],"damage_taken":[{"damage":0,"enemies":"Cultist","floor":1,"turns":3},{"damage":2,"enemies":"Small Slimes","floor":2,"turns":3},{"damage":6,"enemies":"Jaw Worm","floor":3,"turns":2},{"damage":7,"enemies":"Exordium Wildlife","floor":4,"turns":4},{"damage":15,"enemies":"3 Sentries","floor":6,"turns":6},{"damage":2,"enemies":"3 Louse","floor":7,"turns":3},{"damage":2,"enemies":"Lots of Slimes","floor":11,"turns":5},{"damage":13,"enemies":"Gremlin Nob","floor":12,"turns":4},{"damage":10,"enemies":"Looter","floor":13,"turns":2},{"damage":1,"enemies":"Red Slaver","floor":14,"turns":3},{"damage":27,"enemies":"The Guardian","floor":16,"turns":5}],"seed_played":"-3990897885457113937","potions_obtained":[{"floor":1,"key":"SpeedPotion"},{"floor":7,"key":"Dexterity Potion"},{"floor":11,"key":"FocusPotion"}],"is_trial":false,"path_per_floor":["M","M","M","M","?","E","M","R","T","?","M","E","M","M","R","B"],"character_chosen":"DEFECT","items_purchased":[],"campfire_rested":1,"item_purchase_floors":[],"current_hp_per_floor":[75,73,67,60,48,33,31,31,31,31,29,16,6,5,27,0],"gold":236,"neow_bonus":"ONE_RARE_RELIC","is_prod":false,"is_daily":false,"chose_seed":false,"campfire_upgraded":1,"win_rate":0,"timestamp":1544985321,"path_taken":["M","?","M","M","?","E","M","R","T","?","M","E","?","M","R","BOSS"],"build_version":"2018-12-13","purchased_purges":0,"victory":false,"max_hp_per_floor":[75,75,75,75,75,75,75,75,75,75,75,75,75,75,75,75],"card_choices":[{"not_picked":["Double Energy","Fusion"],"picked":"Barrage","floor":1},{"not_picked":["Stack","Conserve Battery"],"picked":"Ball Lightning","floor":2},{"not_picked":["Go for the Eyes","Leap"],"picked":"Streamline","floor":3},{"not_picked":["Hello World","Force Field"],"picked":"Cold Snap","floor":4},{"not_picked":["Buffer","Scrape"],"picked":"Tempest","floor":6},{"not_picked":["Capacitor","Stack"],"picked":"Go for the Eyes","floor":7},{"not_picked":["Compile Driver","Sweeping Beam"],"picked":"Streamline","floor":11},{"not_picked":["Static Discharge","Rebound"],"picked":"Beam Cell","floor":12},{"not_picked":["Coolheaded","Hyperbeam"],"picked":"Gash","floor":13},{"not_picked":["Beam Cell","Fusion"],"picked":"Rebound","floor":14}],"player_experience":981217,"relics_obtained":[{"floor":6,"key":"Nunchaku"},{"floor":12,"key":"Blue Candle"}],"event_choices":[{"damage_healed":0,"gold_gain":0,"player_choice":"Success","damage_taken":12,"relics_obtained":["Shuriken"],"max_hp_gain":0,"max_hp_loss":0,"event_name":"Scrap Ooze","floor":5,"gold_loss":0},{"damage_healed":0,"gold_gain":51,"player_choice":"Gained Gold","damage_taken":0,"max_hp_gain":0,"max_hp_loss":0,"event_name":"Golden Wing","floor":10,"gold_loss":0}],"is_beta":true,"boss_relics":[],"items_purged_floors":[],"is_endless":false,"potions_floor_spawned":[1,7,11],"killed_by":"The Guardian","ascension_level":1}