{"gold_per_floor":[110,129,79,79,89,89,119,194,194,194,213,61,125,138,138,237,237,255,255,275,295,307,307,307],"floor_reached":24,"playtime":1552,"items_purged":[],"score":208,"play_id":"0ebbeba8-9d5b-4b28-96c4-be8bb6fbcca3","local_time":"20180914070913","is_ascension_mode":false,"campfire_choices":[{"data":"Genetic Algorithm","floor":6,"key":"SMITH"},{"data":"Zap","floor":10,"key":"SMITH"},{"floor":15,"key":"REST"},{"floor":23,"key":"REST"}],"neow_cost":"","seed_source_timestamp":46775800041338,"circlet_count":0,"master_deck":["Strike_B","Strike_B","Strike_B","Defend_B","Defend_B","Defend_B","Defend_B","Zap+1","Dualcast","Streamline","Genetic Algorithm+1","Compile Driver","White Noise","Ball Lightning","Flash of Steel","Go for the Eyes","All For One","Beam Cell","Rebound+1","Hologram","Undo+1"],"relics":["Cracked Core","Anchor","Singing Bowl","Tiny Chest","Snecko Eye","GremlinMask"],"potions_floor_usage":[7,13,13,24],"damage_taken":[{"damage":1,"enemies":"Cultist","floor":1,"turns":4},{"damage":0,"enemies":"Small Slimes","floor":2,"turns":3},{"damage":2,"enemies":"Jaw Worm","floor":5,"turns":4},{"damage":26,"enemies":"Lagavulin","floor":7,"turns":6},{"damage":6,"enemies":"3 Louse","floor":11,"turns":3},{"damage":13,"enemies":"3 Sentries","floor":13,"turns":7},{"damage":6,"enemies":"Exordium Wildlife","floor":14,"turns":4},{"damage":23,"enemies":"The Guardian","floor":16,"turns":9},{"damage":4,"enemies":"3 Byrds","floor":18,"turns":4},{"damage":27,"enemies":"Shell Parasite","floor":20,"turns":6},{"damage":21,"enemies":"Centurion and Healer","floor":21,"turns":6},{"damage":25,"enemies":"Snake Plant","floor":22,"turns":6},{"damage":46,"enemies":"Gremlin Leader","floor":24,"turns":5}],"seed_played":"-5283015040841760664","potions_obtained":[{"floor":1,"key":"EssenceOfSteel"},{"floor":7,"key":"Block Potion"},{"floor":11,"key":"PowerPotion"},{"floor":18,"key":"Dexterity Potion"},{"floor":22,"key":"FairyPotion"}],"is_trial":false,"path_per_floor":["M","M","?","?","M","R","E","?","T","R","M","$","E","M","R","B",null,"M","?","M","M","M","R"],"character_chosen":"DEFECT","items_purchased":["Flash of Steel","Go for the Eyes"],"campfire_rested":2,"item_purchase_floors":[12,12],"current_hp_per_floor":[74,74,74,79,77,77,51,40,40,40,34,34,21,15,39,18,82,80,80,53,32,7,32,0],"gold":307,"neow_bonus":"","is_prod":false,"is_daily":false,"chose_seed":false,"campfire_upgraded":2,"win_rate":0,"timestamp":1536898153,"path_taken":["M","M","?","?","M","R","E","?","T","R","?","$","E","M","R","BOSS","M","?","M","?","M","R","E"],"build_version":"2018-09-12","purchased_purges":0,"victory":false,"max_hp_per_floor":[75,75,75,80,80,80,80,80,80,80,80,80,80,80,80,82,82,84,84,84,84,84,84,84],"card_choices":[{"not_picked":["Capacitor","Ball Lightning"],"picked":"Streamline","floor":1},{"not_picked":["Turbo","Loop"],"picked":"Genetic Algorithm","floor":2},{"not_picked":["Heatsinks","Consume"],"picked":"Compile Driver","floor":5},{"not_picked":["Beam Cell","Force Field"],"picked":"White Noise","floor":7},{"not_picked":["Sweeping Beam","Gash"],"picked":"Ball Lightning","floor":11},{"not_picked":["Conserve Battery","Coolheaded"],"picked":"All For One","floor":13},{"not_picked":["Compile Driver","Scrape"],"picked":"Beam Cell","floor":14},{"not_picked":["All For One","Meteor Strike","Buffer"],"picked":"Singing Bowl","floor":16},{"not_picked":["Heatsinks","Compile Driver","Capacitor+1"],"picked":"Singing Bowl","floor":18},{"not_picked":["Barrage","Doom and Gloom"],"picked":"Rebound+1","floor":20},{"not_picked":["Coolheaded","Compile Driver"],"picked":"Hologram","floor":21},{"not_picked":["Redo","Steam+1"],"picked":"Undo+1","floor":22}],"player_experience":690536,"relics_obtained":[{"floor":7,"key":"Anchor"},{"floor":9,"key":"Singing Bowl"},{"floor":13,"key":"Tiny Chest"}],"event_choices":[{"event_name":"The Cleric","player_choice":"Card Removal","floor":3,"damage_taken":0},{"event_name":"Big Fish","player_choice":"Donut","floor":4,"damage_taken":0},{"event_name":"World of Goop","player_choice":"Gather Gold","floor":8,"damage_taken":0},{"event_name":"FaceTrader","player_choice":"Trade","floor":19,"damage_taken":0}],"is_beta":true,"boss_relics":[{"not_picked":["Nuclear Battery","Velvet Choker"],"picked":"Snecko Eye"}],"items_purged_floors":[],"is_endless":false,"potions_floor_spawned":[1,7,11,18,22],"killed_by":"Gremlin Leader","ascension_level":0}