{"gold_per_floor":[119,69,244,256,275,275,275,307,307,339,396,429,429,440,440,537,537,547,547,558,558,576,601,601,601,625,637,574,586,625,137,137,241,241,254,299,316,328,328,328,353,353,377,406,417,9,9,9,9,9],"floor_reached":51,"playtime":2698,"items_purged":["Strike_B+1"],"score":842,"play_id":"b259ee8b-34c7-4a5b-ad13-adf6a52d810d","local_time":"20190920133611","is_ascension_mode":true,"campfire_choices":[{"data":"Sunder","floor":6,"key":"SMITH"},{"floor":13,"key":"REST"},{"data":"Defragment","floor":15,"key":"SMITH"},{"floor":24,"key":"REST"},{"floor":25,"key":"REST"},{"data":"Creative AI","floor":27,"key":"SMITH"},{"data":"Hologram","floor":29,"key":"SMITH"},{"data":"Zap","floor":32,"key":"SMITH"},{"data":"Dualcast","floor":40,"key":"SMITH"},{"data":"Stack","floor":42,"key":"SMITH"},{"data":"Hologram","floor":47,"key":"SMITH"},{"floor":49,"key":"REST"}],"neow_cost":"CURSE","seed_source_timestamp":55628286871300,"circlet_count":0,"master_deck":["Strike_B+1","Strike_B+1","Strike_B+1","Defend_B+1","Defend_B+1","Defend_B+1","Defend_B+1","Zap+1","Dualcast+1","Turbo","Sunder+1","Conserve Battery","Cold Snap","Beam Cell","Capacitor","Ball Lightning","Defragment+1","Thunder Strike","Stack+1","Hologram+1","Creative AI+1","Conserve Battery+1","Leap","Capacitor","Biased Cognition","Defragment+1","BootSequence+1","Ball Lightning","Leap+1","Turbo+1","Defragment+1","Defragment","Hologram+1","Ball Lightning"],"relics":["Cracked Core","Incense Burner","Lizard Tail","Mango","WingedGreaves","Omamori","Toy Ornithopter","Sozu","InkBottle","MawBank","Darkstone Periapt","Oddly Smooth Stone","Sling","Calling Bell","Juzu Bracelet","Symbiotic Virus","Turnip","FossilizedHelix","Blue Candle","Bag of Marbles","Boot","Mummified Hand"],"potions_floor_usage":[12,30,38,45],"damage_taken":[{"damage":1,"enemies":"Jaw Worm","floor":1,"turns":4},{"damage":2,"enemies":"2 Louse","floor":4,"turns":3},{"damage":10,"enemies":"Small Slimes","floor":5,"turns":3},{"damage":14,"enemies":"3 Sentries","floor":8,"turns":9},{"damage":30,"enemies":"Lagavulin","floor":10,"turns":7},{"damage":8,"enemies":"3 Sentries","floor":11,"turns":7},{"damage":17,"enemies":"Gremlin Nob","floor":12,"turns":4},{"damage":0,"enemies":"2 Fungi Beasts","floor":14,"turns":2},{"damage":28,"enemies":"The Guardian","floor":16,"turns":11},{"damage":20,"enemies":"3 Byrds","floor":18,"turns":4},{"damage":12,"enemies":"2 Thieves","floor":20,"turns":3},{"damage":10,"enemies":"Centurion and Healer","floor":22,"turns":6},{"damage":32,"enemies":"Book of Stabbing","floor":23,"turns":6},{"damage":13,"enemies":"Slavers","floor":30,"turns":6},{"damage":25,"enemies":"Champ","floor":33,"turns":10},{"damage":14,"enemies":"Orb Walker","floor":35,"turns":4},{"damage":28,"enemies":"2 Orb Walkers","floor":36,"turns":4},{"damage":21,"enemies":"3 Darklings","floor":37,"turns":6},{"damage":0,"enemies":"Sphere and 2 Shapes","floor":38,"turns":4},{"damage":7,"enemies":"Giant Head","floor":41,"turns":9},{"damage":7,"enemies":"Nemesis","floor":44,"turns":7},{"damage":0,"enemies":"Writhing Mass","floor":45,"turns":6},{"damage":97,"enemies":"Awakened One","floor":50,"turns":13}],"seed_played":"-1504854188927920309","potions_obtained":[{"floor":1,"key":"Dexterity Potion"},{"floor":10,"key":"Strength Potion"},{"floor":11,"key":"Explosive Potion"},{"floor":12,"key":"Energy Potion"}],"is_trial":false,"path_per_floor":["M","?","?","M","M","R","?","E","T","E","?","E","R","M","R","B",null,"M","?","M","?","M","E","R","R","T","R","?","R","E","$","R","B",null,"M","?","M","M","?","R","E","R","T","E","M","$","R","?","R","B",null],"character_chosen":"DEFECT","items_purchased":["Oddly Smooth Stone","Leap","Capacitor","Sling","Mummified Hand","Defragment","Hologram","Ball Lightning"],"campfire_rested":4,"item_purchase_floors":[31,31,31,31,46,46,46,46],"current_hp_per_floor":[74,74,74,72,62,62,67,53,67,37,29,12,40,40,40,12,94,74,55,43,43,33,1,30,59,59,59,59,59,51,51,51,26,99,85,57,36,41,41,41,34,34,34,27,32,32,32,32,61,38],"gold":9,"neow_bonus":"ONE_RARE_RELIC","is_prod":false,"is_daily":false,"chose_seed":false,"campfire_upgraded":8,"win_rate":0,"timestamp":1568975771,"path_taken":["M","?","?","M","M","R","?","E","T","E","?","E","R","?","R","BOSS","M","?","M","?","?","E","R","R","T","R","?","R","E","$","R","BOSS","M","?","M","M","?","R","E","R","T","E","M","$","R","?","R","BOSS"],"build_version":"2019-09-19","purchased_purges":1,"victory":true,"max_hp_per_floor":[75,75,75,75,75,75,80,80,94,94,94,94,94,94,94,94,94,94,99,99,99,99,99,99,99,99,99,99,99,99,99,99,99,99,99,99,99,99,99,99,99,99,99,99,99,99,99,99,99,99],"card_choices":[{"not_picked":["Storm","Coolheaded"],"picked":"Turbo","floor":1},{"not_picked":["Beam Cell","Consume"],"picked":"Sunder","floor":4},{"not_picked":["Force Field","Redo"],"picked":"Conserve Battery","floor":5},{"not_picked":["Coolheaded","Go for the Eyes"],"picked":"Cold Snap","floor":8},{"not_picked":["Sunder","Rebound"],"picked":"Beam Cell","floor":10},{"not_picked":["Cold Snap","Lockon"],"picked":"Capacitor","floor":11},{"not_picked":["Steam Power","Compile Driver"],"picked":"Ball Lightning","floor":12},{"not_picked":["Barrage","Loop"],"picked":"Defragment","floor":14},{"not_picked":["All For One","Core Surge"],"picked":"Thunder Strike","floor":16},{"not_picked":["Scrape","Hello World+1","Heatsinks"],"picked":"SKIP","floor":18},{"not_picked":["FTL","Barrage+1"],"picked":"Stack","floor":20},{"not_picked":["Melter+1","Streamline"],"picked":"Hologram","floor":22},{"not_picked":["Gash","Machine Learning"],"picked":"Creative AI","floor":23},{"not_picked":["Hologram+1","Darkness"],"picked":"Conserve Battery+1","floor":30},{"not_picked":["Meteor Strike","Machine Learning"],"picked":"Biased Cognition","floor":33},{"not_picked":["White Noise","Cold Snap+1"],"picked":"Defragment+1","floor":35},{"not_picked":["Barrage+1","Creative AI"],"picked":"BootSequence+1","floor":36},{"not_picked":["Gash+1","Heatsinks","Blizzard+1"],"picked":"SKIP","floor":37},{"not_picked":["Rip and Tear","BootSequence"],"picked":"Ball Lightning","floor":38},{"not_picked":["Go for the Eyes","Steam"],"picked":"Leap+1","floor":41},{"not_picked":["Conserve Battery","FTL+1"],"picked":"Turbo+1","floor":44},{"not_picked":["Reboot","Cold Snap"],"picked":"Defragment+1","floor":45}],"player_experience":307575,"relics_obtained":[{"floor":8,"key":"Lizard Tail"},{"floor":9,"key":"Mango"},{"floor":10,"key":"WingedGreaves"},{"floor":11,"key":"Omamori"},{"floor":12,"key":"Toy Ornithopter"},{"floor":23,"key":"InkBottle"},{"floor":26,"key":"MawBank"},{"floor":30,"key":"Darkstone Periapt"},{"floor":34,"key":"Juzu Bracelet"},{"floor":34,"key":"Symbiotic Virus"},{"floor":34,"key":"Turnip"},{"floor":36,"key":"FossilizedHelix"},{"floor":41,"key":"Blue Candle"},{"floor":43,"key":"Bag of Marbles"},{"floor":44,"key":"Boot"}],"event_choices":[{"cards_removed":["Clumsy"],"damage_healed":0,"gold_gain":0,"player_choice":"Card Removal","damage_taken":0,"max_hp_gain":0,"max_hp_loss":0,"event_name":"The Cleric","floor":2,"gold_loss":50},{"damage_healed":0,"gold_gain":175,"player_choice":"AGREE","damage_taken":0,"max_hp_gain":0,"max_hp_loss":0,"event_name":"Liars Game","floor":3,"gold_loss":0,"cards_obtained":["Doubt"]},{"damage_healed":0,"gold_gain":0,"player_choice":"Donut","damage_taken":0,"max_hp_gain":5,"max_hp_loss":0,"event_name":"Big Fish","floor":7,"gold_loss":0},{"damage_healed":0,"gold_gain":0,"player_choice":"Searched \u00272\u0027 times","damage_taken":0,"max_hp_gain":0,"max_hp_loss":0,"event_name":"Dead Adventurer","floor":11,"gold_loss":0},{"damage_healed":0,"gold_gain":0,"player_choice":"Shed Blood","damage_taken":24,"max_hp_gain":5,"max_hp_loss":0,"event_name":"Forgotten Altar","floor":19,"gold_loss":0},{"damage_healed":0,"gold_gain":0,"player_choice":"Simplicity","damage_taken":0,"max_hp_gain":0,"max_hp_loss":0,"event_name":"Back to Basics","floor":21,"gold_loss":0,"cards_upgraded":["Strike_B","Strike_B","Strike_B","Strike_B","Defend_B","Defend_B","Defend_B","Defend_B"]},{"cards_removed":["Doubt"],"damage_healed":0,"gold_gain":0,"player_choice":"Gave Gold","damage_taken":0,"max_hp_gain":0,"max_hp_loss":0,"event_name":"Beggar","floor":28,"gold_loss":75},{"damage_healed":0,"gold_gain":0,"player_choice":"Fight","damage_taken":0,"max_hp_gain":0,"max_hp_loss":0,"event_name":"Mysterious Sphere","floor":36,"gold_loss":0},{"damage_healed":0,"gold_gain":0,"player_choice":"Bought 0 Potions","damage_taken":0,"max_hp_gain":0,"max_hp_loss":0,"event_name":"The Woman in Blue","floor":39,"gold_loss":0},{"damage_healed":0,"gold_gain":0,"player_choice":"Ignored","damage_taken":0,"max_hp_gain":0,"max_hp_loss":0,"event_name":"SecretPortal","floor":48,"gold_loss":0}],"is_beta":true,"boss_relics":[{"not_picked":["Tiny House","Empty Cage"],"picked":"Sozu"},{"not_picked":["Nuclear Battery","Philosopher\u0027s Stone"],"picked":"Calling Bell"}],"items_purged_floors":[31],"is_endless":false,"potions_floor_spawned":[1,10,11,12,18,20,35,44,45],"ascension_level":1}