{"gold_per_floor":[116,17,17,32,49,49,80,80,80,94,105,131,81,111,111,210,210,224,224,224,238,92,123,123,123,123,133,165,182,182,199,199,199],"floor_reached":33,"playtime":1253,"items_purged":["Shame","Pain"],"score":347,"play_id":"53f52a6b-64e5-4464-90eb-582060bb595f","local_time":"20190203113457","is_ascension_mode":true,"campfire_choices":[{"data":"Fission","floor":6,"key":"SMITH"},{"data":"Streamline","floor":8,"key":"SMITH"},{"data":"Redo","floor":15,"key":"SMITH"},{"data":"strawberrySpire:Adapter","floor":24,"key":"SMITH"},{"data":"Darkness","floor":30,"key":"SMITH"},{"floor":32,"key":"REST"}],"neow_cost":"CURSE","seed_source_timestamp":573011551664855,"circlet_count":0,"master_deck":["Strike_B","Strike_B","Defend_B","Defend_B","Defend_B","Defend_B","Zap","Dualcast","Fission+1","Beam Cell","Streamline+1","Darkness+1","Sweeping Beam","Cold Snap","Heatsinks","Ball Lightning","Go for the Eyes","Cold Snap","Redo+1","strawberrySpire:Gammacceleration","BootSequence","Rebound","strawberrySpire:Adapter+1","Self Repair+1","Normality","strawberrySpire:BreederCore+1","strawberrySpire:ReturnNull+1","Turbo+1","strawberrySpire:Disconnect+1"],"relics":["Cracked Core","Mercury Hourglass","Lantern","Juzu Bracelet","strawberrySpire:ThornyGelberry","Cursed Key","WarpedTongs","strawberrySpire:ShipInABottle","Letter Opener","Toxic Egg 2"],"potions_floor_usage":[7,7,7,11,12,16,23,33,33],"damage_taken":[{"damage":1,"enemies":"Jaw Worm","floor":1,"turns":3},{"damage":0,"enemies":"Cultist","floor":4,"turns":2},{"damage":0,"enemies":"Small Slimes","floor":5,"turns":2},{"damage":19,"enemies":"Lagavulin","floor":7,"turns":4},{"damage":4,"enemies":"Exordium Thugs","floor":10,"turns":4},{"damage":0,"enemies":"Lots of Slimes","floor":11,"turns":2},{"damage":12,"enemies":"Gremlin Nob","floor":12,"turns":3},{"damage":0,"enemies":"Lagavulin","floor":14,"turns":4},{"damage":19,"enemies":"Slime Boss","floor":16,"turns":7},{"damage":6,"enemies":"theJungle:Flameango_and_Byrd","floor":18,"turns":4},{"damage":9,"enemies":"Shell Parasite","floor":21,"turns":3},{"damage":1,"enemies":"theJungle:2_Phrogs","floor":23,"turns":7},{"damage":9,"enemies":"theJungle:SlimyTreeVines","floor":27,"turns":5},{"damage":63,"enemies":"theJungle:MamaSnecko","floor":28,"turns":5},{"damage":0,"enemies":"theJungle:Lyon","floor":29,"turns":3},{"damage":0,"enemies":"theJungle:2_Snecko_Cultists","floor":31,"turns":2},{"damage":55,"enemies":"theJungle:TotemBoss","floor":33,"turns":2}],"seed_played":"-7627684604544750334","potions_obtained":[{"floor":4,"key":"FearPotion"},{"floor":5,"key":"EntropicBrew"},{"floor":10,"key":"Poison Potion"},{"floor":11,"key":"SneckoOil"},{"floor":12,"key":"Swift Potion"},{"floor":16,"key":"SpeedPotion"},{"floor":23,"key":"SteroidPotion"},{"floor":28,"key":"Block Potion"},{"floor":31,"key":"PowerPotion"}],"is_trial":false,"path_per_floor":["M","$","?","M","M","R","E","R","T","M","M","E","?","E","R","B",null,"M","?","?","M","$","E","R","?","T","M","E","M","R","M","R","B"],"character_chosen":"DEFECT","items_purchased":["Streamline","strawberrySpire:Adapter"],"campfire_rested":1,"item_purchase_floors":[2,22],"current_hp_per_floor":[74,74,74,74,74,74,55,55,55,51,51,39,39,39,39,20,75,69,75,75,66,66,65,65,65,65,72,19,19,19,29,51,0],"gold":199,"neow_bonus":"THREE_RARE_CARDS","is_prod":false,"is_daily":false,"chose_seed":false,"campfire_upgraded":5,"win_rate":0,"timestamp":1549182897,"path_taken":["M","$","?","M","?","R","E","R","T","M","M","E","?","E","R","BOSS","M","?","?","M","$","E","R","?","T","M","E","M","R","M","R","BOSS"],"build_version":"2019-01-23","purchased_purges":2,"victory":false,"max_hp_per_floor":[75,75,75,75,75,75,75,75,75,75,75,75,75,75,75,75,75,75,75,75,75,75,75,75,75,75,75,75,75,75,75,75,75],"card_choices":[{"not_picked":["Reboot","Machine Learning"],"picked":"Fission","floor":0},{"not_picked":["Storm","strawberrySpire:NeonFlight"],"picked":"Beam Cell","floor":1},{"not_picked":["Barrage","Reprogram"],"picked":"Sweeping Beam","floor":4},{"not_picked":["Steam","Genetic Algorithm"],"picked":"Cold Snap","floor":5},{"not_picked":["Leap","Stack"],"picked":"Heatsinks","floor":7},{"not_picked":["strawberrySpire:Compressor","Hologram"],"picked":"Ball Lightning","floor":10},{"not_picked":["Ball Lightning","Redo"],"picked":"Go for the Eyes","floor":11},{"not_picked":["Hello World","Aggregate"],"picked":"Cold Snap","floor":12},{"not_picked":["Streamline","Steam Power"],"picked":"Redo","floor":14},{"not_picked":["Reboot","Machine Learning"],"picked":"strawberrySpire:Gammacceleration","floor":16},{"not_picked":["Beam Cell","Cold Snap+1"],"picked":"BootSequence","floor":18},{"not_picked":["Sweeping Beam+1","Skim+1"],"picked":"Rebound","floor":21},{"not_picked":["Stack+1","strawberrySpire:THEL+1"],"picked":"Self Repair+1","floor":23},{"not_picked":["Barrage+1","Compile Driver"],"picked":"strawberrySpire:BreederCore+1","floor":27},{"not_picked":["Cold Snap","Amplify"],"picked":"strawberrySpire:ReturnNull+1","floor":28},{"not_picked":["Tempest+1","Sweeping Beam+1"],"picked":"Turbo+1","floor":29},{"not_picked":["Compile Driver","strawberrySpire:NeonFlight+1"],"picked":"strawberrySpire:Disconnect+1","floor":31}],"player_experience":1120836,"relics_obtained":[{"floor":7,"key":"Mercury Hourglass"},{"floor":9,"key":"Lantern"},{"floor":12,"key":"Juzu Bracelet"},{"floor":14,"key":"strawberrySpire:ThornyGelberry"},{"floor":23,"key":"strawberrySpire:ShipInABottle"},{"floor":26,"key":"Letter Opener"},{"floor":28,"key":"Toxic Egg 2"}],"event_choices":[{"damage_healed":0,"gold_gain":0,"cards_transformed":["Strike_B"],"player_choice":"Transformed","damage_taken":0,"max_hp_gain":0,"max_hp_loss":0,"event_name":"Transmorgrifier","floor":3,"gold_loss":0,"cards_obtained":["Darkness"]},{"cards_removed":["Strike_B"],"damage_healed":0,"gold_gain":0,"player_choice":"Card Removal","damage_taken":0,"max_hp_gain":0,"max_hp_loss":0,"event_name":"The Cleric","floor":13,"gold_loss":50},{"damage_healed":0,"gold_gain":0,"player_choice":"Rummage","damage_taken":0,"relics_obtained":["WarpedTongs"],"max_hp_gain":0,"max_hp_loss":0,"event_name":"Accursed Blacksmith","floor":20,"gold_loss":0,"cards_obtained":["Pain"]}],"is_beta":true,"boss_relics":[{"not_picked":["Astrolabe","Lizard Tail"],"picked":"Cursed Key"}],"items_purged_floors":[2,22],"is_endless":false,"potions_floor_spawned":[4,5,10,11,12,16,23,28,31],"killed_by":"theJungle:TotemBoss","ascension_level":1}