{"gold_per_floor":[214,214,139,151,51,51,84,101,101,101,101,116,132,148,148,252,252,271,282,112,124,140,174,174,24,24,24,36,36,36,46,46,145,195,205,30,46,46,64,64,64,64,64,64,83,100,100,118,118,118],"floor_reached":51,"playtime":1186,"items_purged":["Strike_B","Strike_B","Strike_B","Defend_B","Defend_B"],"score":771,"play_id":"9b580ab4-adf4-4273-8e7e-2b4357fb9a04","local_time":"20190806003506","is_ascension_mode":false,"campfire_choices":[{"data":"Zap","floor":6,"key":"SMITH"},{"data":"Strike_B","floor":15,"key":"PURGE"},{"data":"Defend_B","floor":27,"key":"PURGE"},{"data":"Gash","floor":29,"key":"PURGE"},{"data":"Gash","floor":32,"key":"PURGE"},{"data":"Rainbow","floor":40,"key":"SMITH"},{"data":"Cold Snap","floor":42,"key":"PURGE"},{"floor":49,"key":"REST"}],"neow_cost":"NONE","seed_source_timestamp":8398407845158,"circlet_count":0,"master_deck":["Zap+1","Dualcast","Electrodynamics+1","Rainbow+1","Tempest+1","Reinforced Body+1","Gash"],"special_seed":0,"relics":["Cracked Core","Peace Pipe","Pocketwatch","Mercury Hourglass","Sozu","Nunchaku","DataDisk","Tiny House","Letter Opener"],"potions_floor_usage":[7,16,23,23],"damage_taken":[{"damage":5.0,"enemies":"Small Slimes","floor":1.0,"turns":3.0},{"damage":1,"enemies":"Cultist","floor":4,"turns":3},{"damage":21,"enemies":"Lagavulin","floor":7,"turns":4},{"damage":1,"enemies":"Jaw Worm","floor":8,"turns":4},{"damage":0,"enemies":"Lots of Slimes","floor":12,"turns":1},{"damage":0,"enemies":"Looter","floor":13,"turns":3},{"damage":0,"enemies":"Exordium Thugs","floor":14,"turns":2},{"damage":21,"enemies":"Hexaghost","floor":16,"turns":9},{"damage":0,"enemies":"3 Byrds","floor":18,"turns":2},{"damage":0,"enemies":"Spheric Guardian","floor":19,"turns":2},{"damage":10,"enemies":"Snecko","floor":21,"turns":4},{"damage":21,"enemies":"Shelled Parasite and Fungi","floor":22,"turns":4},{"damage":7,"enemies":"Slavers","floor":23,"turns":2},{"damage":20,"enemies":"Centurion and Healer","floor":28,"turns":2},{"damage":7,"enemies":"Cultist and Chosen","floor":31,"turns":3},{"damage":69,"enemies":"Champ","floor":33,"turns":8},{"damage":0,"enemies":"3 Shapes","floor":35,"turns":2},{"damage":0,"enemies":"3 Darklings","floor":37,"turns":2},{"damage":10,"enemies":"Spire Growth","floor":39,"turns":3},{"damage":22,"enemies":"Writhing Mass","floor":45,"turns":3},{"damage":0,"enemies":"4 Shapes","floor":46,"turns":1},{"damage":11,"enemies":"Maw","floor":48,"turns":7},{"damage":40,"enemies":"Donu and Deca","floor":50,"turns":7}],"seed_played":"3266100876381245241","potions_obtained":[{"floor":1.0,"key":"FearPotion"},{"floor":4,"key":"FearPotion"},{"floor":11,"key":"FairyPotion"},{"floor":11,"key":"FocusPotion"},{"floor":16,"key":"GamblersBrew"}],"is_trial":false,"path_per_floor":["M","?","$","M","$","R","E","M","T","T","?","M","M","M","R","B",null,"M","M","$","M","M","E","?","$","T","R","M","R","?","M","R","B",null,"M","$","M","?","M","R","?","R","T","?","M","M","$","M","R","B",null],"character_chosen":"DEFECT","items_purchased":["Gash"],"campfire_rested":1,"item_purchase_floors":[20],"current_hp_per_floor":[70,70,70,69,69,69,48,47,47,47,47,47,47,47,47,26,75,75,75,75,65,44,37,37,37,37,37,17,17,85,78,78,9,90,90,90,90,85,75,75,75,75,75,75,53,53,53,42,67,27],"gold":118,"neow_bonus":"HUNDRED_GOLD","is_prod":false,"is_daily":false,"chose_seed":false,"campfire_upgraded":2,"win_rate":0,"timestamp":1565073306,"path_taken":["M","?","$","M","$","R","E","?","T","?","?","M","?","M","R","BOSS","M","M","$","M","?","E","?","$","T","R","?","R","?","M","R","BOSS","M","$","M","?","M","R","?","R","T","?","?","M","$","M","R","BOSS"],"build_version":"2019-07-17","purchased_purges":5,"victory":true,"max_hp_per_floor":[75,75,75,75,75,75,75,75,75,75,75,75,75,75,75,75,75,75,75,75,75,75,75,75,75,75,75,75,75,85,85,85,85,90,90,90,90,85,85,85,85,85,85,85,85,85,85,85,85,85],"card_choices":[{"not_picked":["Hello World","Leap"],"picked":"Ball Lightning","floor":1.0},{"not_picked":["Beam Cell","Streamline","Aggregate"],"picked":"SKIP","floor":4},{"not_picked":["Chill","Rip and Tear"],"picked":"Electrodynamics","floor":7},{"not_picked":["Auto Shields","Stack","Chill"],"picked":"SKIP","floor":8},{"not_picked":["Hologram","Beam Cell"],"picked":"Cold Snap","floor":12},{"not_picked":["Compile Driver","Steam","Sweeping Beam"],"picked":"SKIP","floor":13},{"not_picked":["Rebound","Chill","Turbo"],"picked":"SKIP","floor":14},{"not_picked":["Conserve Battery","Turbo","Sweeping Beam"],"picked":"SKIP","floor":18},{"not_picked":["Beam Cell","Steam+1","Chill+1"],"picked":"SKIP","floor":19},{"not_picked":["Fusion+1","Echo Form"],"picked":"Ball Lightning","floor":21},{"not_picked":["Stack","Redo","Hologram"],"picked":"SKIP","floor":22},{"not_picked":["Lockon","Sweeping Beam+1"],"picked":"Gash","floor":23},{"not_picked":["Reprogram","Beam Cell","BootSequence"],"picked":"SKIP","floor":28},{"not_picked":["Double Energy","Storm","Barrage"],"picked":"SKIP","floor":31},{"not_picked":["Reboot","Meteor Strike"],"picked":"Rainbow","floor":33},{"not_picked":["Redo","Coolheaded+1","Steam+1"],"picked":"SKIP","floor":35},{"not_picked":["Go for the Eyes","Biased Cognition"],"picked":"Tempest+1","floor":37},{"not_picked":["Barrage+1","Stack+1","Cold Snap"],"picked":"SKIP","floor":39},{"not_picked":["Force Field+1","Steam+1","Beam Cell+1"],"picked":"SKIP","floor":45},{"not_picked":["Stack+1","Streamline+1"],"picked":"Reinforced Body+1","floor":46},{"not_picked":["Coolheaded","Turbo","Gash"],"picked":"SKIP","floor":48},{"not_picked":["Coolheaded","Turbo"],"picked":"Gash","floor":48}],"player_experience":1633809,"relics_obtained":[{"floor":7,"key":"Peace Pipe"},{"floor":9,"key":"Pocketwatch"},{"floor":10,"key":"Mercury Hourglass"},{"floor":23,"key":"Nunchaku"},{"floor":26,"key":"DataDisk"},{"floor":43,"key":"Letter Opener"}],"event_choices":[{"damage_healed":0.0,"max_hp_gain":0.0,"max_hp_loss":0.0,"gold_gain":0.0,"event_name":"NoteForYourself","player_choice":"Ignored","floor":2.0,"gold_loss":0.0,"damage_taken":0.0},{"damage_healed":0,"gold_gain":0,"player_choice":"Got Potions","damage_taken":0,"max_hp_gain":0,"max_hp_loss":0,"event_name":"Lab","floor":11,"gold_loss":0},{"damage_healed":0,"gold_gain":0,"cards_transformed":["Defend_B"],"player_choice":"Transformed","damage_taken":0,"max_hp_gain":0,"max_hp_loss":0,"event_name":"Transmorgrifier","floor":24,"gold_loss":0,"cards_obtained":["Echo Form"]},{"cards_removed":["Echo Form"],"damage_healed":58,"gold_gain":0,"player_choice":"Offered Rare","damage_taken":0,"max_hp_gain":10,"max_hp_loss":0,"event_name":"Bonfire Elementals","floor":30,"gold_loss":0},{"damage_healed":0,"gold_gain":0,"player_choice":"Max HP","damage_taken":0,"max_hp_gain":0,"max_hp_loss":5,"event_name":"Winding Halls","floor":38,"gold_loss":0},{"cards_removed":["Ball Lightning"],"damage_healed":0,"gold_gain":0,"player_choice":"Removed Attack","damage_taken":0,"max_hp_gain":0,"max_hp_loss":0,"event_name":"Falling","floor":41,"gold_loss":0},{"cards_removed":["Ball Lightning"],"damage_healed":0,"gold_gain":0,"player_choice":"Purged","damage_taken":0,"max_hp_gain":0,"max_hp_loss":0,"event_name":"Purifier","floor":44,"gold_loss":0}],"is_beta":false,"boss_relics":[{"not_picked":["Calling Bell","Snecko Eye"],"picked":"Sozu"},{"not_picked":["Pandora\u0027s Box","Cursed Key"],"picked":"Tiny House"}],"items_purged_floors":[3,5,20,25,36],"is_endless":false,"potions_floor_spawned":[1,4,13,16,19,22,23,31,33,39,48],"ascension_level":0}