{"gold_per_floor":[112,42,53,63,76,76,110,110,110,110,110,110,110,60,60,163,163,181,181,280,205,217,243,243,269,319,349,363,363,363,363,363,461,461,474,474,23,23,37,72,83,109,191,203,203,230,250,250],"floor_reached":48,"playtime":1996,"items_purged":["Strike_B","Strike_B","Writhe"],"score":839,"play_id":"b67f6fb4-8e42-4c43-91bd-43b79c7beac2","local_time":"20190607064053","is_ascension_mode":true,"campfire_choices":[{"data":"Loop","floor":6,"key":"SMITH"},{"data":"Zap","floor":8,"key":"SMITH"},{"data":"Dualcast","floor":10,"key":"SMITH"},{"data":"Beam Cell","floor":13,"key":"SMITH"},{"data":"Ball Lightning","floor":15,"key":"SMITH"},{"data":"Rainbow","floor":24,"key":"SMITH"},{"data":"Loop","floor":29,"key":"SMITH"},{"data":"Go for the Eyes","floor":32,"key":"SMITH"},{"floor":45,"key":"REST"}],"neow_cost":"","seed_source_timestamp":308400426112385,"circlet_count":0,"master_deck":["Defend_B","Defend_B","Zap+1","Dualcast+1","Ball Lightning+1","Ball Lightning","Conserve Battery","Conserve Battery","Beam Cell+1","Compile Driver","Cold Snap","Go for the Eyes+1","Ball Lightning","Loop+1","Undo","Rainbow+1","Genetic Algorithm+1","Leap+1","Loop+1","Echo Form","Streamline+1","Defragment","Echo Form","Turbo","Hologram+1","Turbo+1","Shame","Leap+1","Stack+1","Turbo+1","Stack+1"],"relics":["Cracked Core","DollysMirror","Anchor","Incense Burner","Pen Nib","Blue Candle","PreservedInsect","Orichalcum","energizedSpire:CursedPentagram","Molten Egg 2","Ice Cream","Boot","Bag of Preparation","MutagenicStrength","Black Star","Ornamental Fan","Toxic Egg 2","Oddly Smooth Stone","Smiling Mask","Gremlin Horn","Question Card","Happy Flower","Dodecahedron"],"potions_floor_usage":[41,42,47],"damage_taken":[{"damage":0,"enemies":"2 Louse","floor":1,"turns":3},{"damage":0,"enemies":"Cultist","floor":3,"turns":2},{"damage":0,"enemies":"Small Slimes","floor":4,"turns":2},{"damage":0,"enemies":"2 Fungi Beasts","floor":5,"turns":2},{"damage":9,"enemies":"Lagavulin","floor":7,"turns":5},{"damage":3,"enemies":"The Guardian","floor":16,"turns":8},{"damage":4,"enemies":"3 Byrds","floor":18,"turns":4},{"damage":0,"enemies":"Chosen","floor":22,"turns":3},{"damage":4,"enemies":"Gremlin Leader","floor":23,"turns":4},{"damage":0,"enemies":"Book of Stabbing","floor":25,"turns":4},{"damage":0,"enemies":"Slavers","floor":27,"turns":3},{"damage":0,"enemies":"Snake Plant","floor":28,"turns":3},{"damage":38,"enemies":"Collector","floor":33,"turns":9},{"damage":0,"enemies":"Orb Walker","floor":35,"turns":3},{"damage":0,"enemies":"3 Shapes","floor":39,"turns":4},{"damage":60,"enemies":"Reptomancer","floor":40,"turns":5},{"damage":7,"enemies":"Sphere and 2 Shapes","floor":41,"turns":6},{"damage":0,"enemies":"Nemesis","floor":42,"turns":7},{"damage":0,"enemies":"Writhing Mass","floor":44,"turns":6},{"damage":20,"enemies":"Giant Head","floor":46,"turns":7},{"damage":0,"enemies":"Transient","floor":47,"turns":5},{"damage":12,"enemies":"3 Darklings","floor":48,"turns":2}],"seed_played":"-3237435989378512770","potions_obtained":[{"floor":3,"key":"FocusPotion"},{"floor":4,"key":"Ancient Potion"},{"floor":7,"key":"GamblersBrew"},{"floor":23,"key":"EssenceOfSteel"},{"floor":41,"key":"FearPotion"},{"floor":44,"key":"FocusPotion"}],"is_trial":false,"path_per_floor":["M","?","M","M","M","R","E","R","T","R","?","?","R","?","R","B",null,"M","?","?","?","M","E","R","E","T","E","M","R","?","?","R","B",null,"M","?","$","?","M","E","M","E","T","M","R","E","M","M"],"character_chosen":"DEFECT","items_purchased":["Ball Lightning","DollysMirror","Conserve Battery","Anchor","Incense Burner","Conserve Battery","Beam Cell","Compile Driver","Ornamental Fan","Defragment"],"campfire_rested":1,"item_purchase_floors":[0,0,0,0,0,0,0,0,37,37],"current_hp_per_floor":[75,75,75,75,75,75,66,66,66,66,59,52,52,52,52,49,75,71,71,71,71,71,67,67,67,67,67,67,67,67,67,67,29,75,75,75,75,75,75,15,8,8,8,8,30,10,10,0],"gold":250,"neow_bonus":"","is_prod":false,"is_daily":false,"chose_seed":false,"campfire_upgraded":8,"win_rate":0,"timestamp":1559878853,"path_taken":["M","?","M","M","?","R","E","R","T","R","?","?","R","?","R","BOSS","M","?","?","?","M","E","R","E","T","E","M","R","?","?","R","BOSS","M","?","$","?","M","E","M","E","T","M","R","E","?","M"],"build_version":"2019-01-23","purchased_purges":3,"victory":false,"max_hp_per_floor":[75,75,75,75,75,75,75,75,75,75,75,75,75,75,75,75,75,75,75,75,75,75,75,75,75,75,75,75,75,75,75,75,75,75,75,75,75,75,75,75,75,75,75,75,75,75,75,75],"card_choices":[{"not_picked":["Gash","Steam"],"picked":"Cold Snap","floor":1},{"not_picked":["Storm","Redo"],"picked":"Go for the Eyes","floor":3},{"not_picked":["Blizzard","Storm"],"picked":"Ball Lightning","floor":4},{"not_picked":["Sweeping Beam","Rebound"],"picked":"Loop","floor":5},{"not_picked":["Hologram","Blizzard"],"picked":"Undo","floor":7},{"not_picked":["Machine Learning","Meteor Strike"],"picked":"Rainbow","floor":16},{"not_picked":["Redo","Chaos+1"],"picked":"Genetic Algorithm+1","floor":18},{"not_picked":["Force Field","Coolheaded","Compile Driver"],"picked":"SKIP","floor":22},{"not_picked":["Beam Cell","Genetic Algorithm"],"picked":"Leap+1","floor":23},{"not_picked":["Recycle","Chill","Blizzard+1"],"picked":"SKIP","floor":25},{"not_picked":["BootSequence","Leap"],"picked":"Loop","floor":27},{"not_picked":["Reprogram+1","Redo","Coolheaded+1"],"picked":"SKIP","floor":28},{"not_picked":["Meteor Strike+1","Rainbow"],"picked":"Echo Form","floor":33},{"not_picked":["Turbo","Leap"],"picked":"Streamline+1","floor":35},{"not_picked":["Turbo","Redo+1","Stack"],"picked":"SKIP","floor":39},{"not_picked":["Redo+1","Stack"],"picked":"Turbo","floor":39},{"not_picked":["Cold Snap+1","Conserve Battery+1"],"picked":"Hologram+1","floor":40},{"not_picked":["Genetic Algorithm+1","Double Energy+1"],"picked":"Turbo+1","floor":41},{"not_picked":["Machine Learning","Rip and Tear+1"],"picked":"Leap+1","floor":42},{"not_picked":["Streamline+1","Heatsinks","FTL+1"],"picked":"Stack+1","floor":44},{"not_picked":["Creative AI","Go for the Eyes+1","Steam+1"],"picked":"Turbo+1","floor":46},{"not_picked":["Blizzard+1","Melter+1","Loop+1"],"picked":"Stack+1","floor":47}],"player_experience":154287,"relics_obtained":[{"floor":7,"key":"Blue Candle"},{"floor":9,"key":"PreservedInsect"},{"floor":23,"key":"Molten Egg 2"},{"floor":25,"key":"Ice Cream"},{"floor":26,"key":"Boot"},{"floor":27,"key":"Bag of Preparation"},{"floor":40,"key":"Toxic Egg 2"},{"floor":40,"key":"Oddly Smooth Stone"},{"floor":42,"key":"Smiling Mask"},{"floor":42,"key":"Gremlin Horn"},{"floor":43,"key":"Question Card"},{"floor":46,"key":"Happy Flower"},{"floor":46,"key":"Dodecahedron"}],"event_choices":[{"damage_healed":0,"gold_gain":0,"player_choice":"Paid Gold","damage_taken":0,"relics_obtained":["Pen Nib"],"max_hp_gain":0,"max_hp_loss":0,"event_name":"WeMeetAgain","floor":2,"gold_loss":70},{"damage_healed":0,"gold_gain":0,"player_choice":"Success","damage_taken":7,"relics_obtained":["Orichalcum"],"max_hp_gain":0,"max_hp_loss":0,"event_name":"Scrap Ooze","floor":11,"gold_loss":0},{"cards_removed":["Strike_B"],"damage_healed":0,"gold_gain":0,"player_choice":"Card Removal","damage_taken":7,"max_hp_gain":0,"max_hp_loss":0,"event_name":"Golden Wing","floor":12,"gold_loss":0},{"cards_removed":["Strike_B"],"damage_healed":0,"gold_gain":0,"player_choice":"Card Removal","damage_taken":0,"max_hp_gain":0,"max_hp_loss":0,"event_name":"The Cleric","floor":14,"gold_loss":50},{"cards_removed":["Defend_B"],"damage_healed":0,"gold_gain":0,"player_choice":"Elegance","damage_taken":0,"max_hp_gain":0,"max_hp_loss":0,"event_name":"Back to Basics","floor":19,"gold_loss":0},{"damage_healed":0,"gold_gain":99,"player_choice":"Stole From Cult","damage_taken":0,"max_hp_gain":0,"max_hp_loss":0,"event_name":"Nest","floor":20,"gold_loss":0},{"cards_removed":["Defend_B"],"damage_healed":0,"gold_gain":0,"player_choice":"Gave Gold","damage_taken":0,"max_hp_gain":0,"max_hp_loss":0,"event_name":"Beggar","floor":21,"gold_loss":75},{"damage_healed":0,"gold_gain":0,"player_choice":"Inject Mutagens","damage_taken":0,"relics_obtained":["MutagenicStrength"],"max_hp_gain":0,"max_hp_loss":0,"event_name":"Drug Dealer","floor":30,"gold_loss":0},{"damage_healed":0,"gold_gain":0,"player_choice":"Ignored","damage_taken":0,"max_hp_gain":0,"max_hp_loss":0,"event_name":"Vampires","floor":31,"gold_loss":0},{"damage_healed":0,"gold_gain":0,"player_choice":"Ignored","damage_taken":0,"max_hp_gain":0,"max_hp_loss":0,"event_name":"Tomb of Lord Red Mask","floor":36,"gold_loss":0},{"damage_healed":0,"gold_gain":0,"player_choice":"Copied","damage_taken":0,"max_hp_gain":0,"max_hp_loss":0,"event_name":"Duplicator","floor":38,"gold_loss":0,"cards_obtained":["Echo Form"]}],"is_beta":false,"boss_relics":[{"not_picked":["Eternal Feather","White Beast Statue"],"picked":"energizedSpire:CursedPentagram"},{"not_picked":["energizedSpire:DeadBattery","Snecko Eye"],"picked":"Black Star"}],"items_purged_floors":[0,0,37],"is_endless":false,"potions_floor_spawned":[3,4,7,23,33,35,40,41,44],"killed_by":"3 Darklings","ascension_level":1}