{"gold_per_floor":[119,137,157,14,14,14,14,14,37,37,37,37,62,97,97,220,220,243,243,42,42,19,19,44,44,44,63,88,6,6,6,6,110,110,125,143,0,0,20,20,20,20,20,30,81,112,35,35,35,35],"floor_reached":51,"playtime":3178,"items_purged":["Injury","Pain"],"score":753,"play_id":"689f320c-b52d-4a74-a286-e5fd6388a092","local_time":"20181015181723","is_ascension_mode":false,"campfire_choices":[{"data":"Chaos","floor":6,"key":"SMITH"},{"data":"Dualcast","floor":10,"key":"SMITH"},{"data":"Zap","floor":15,"key":"SMITH"},{"data":"Gash","floor":23,"key":"SMITH"},{"floor":32,"key":"REST"},{"floor":40,"key":"DIG"},{"floor":49,"key":"REST"}],"neow_cost":"CURSE","seed_source_timestamp":122195779729488,"circlet_count":0,"master_deck":["Strike_B","Strike_B","Strike_B","Defend_B","Defend_B","Defend_B","Defend_B","Zap+1","Dualcast+1","Heatsinks","Gash","Chaos+1","Glacier","Gash+1","All For One","Conserve Battery","Capacitor+1","Leap","Cold Snap","Defragment+1","RitualDagger","Go for the Eyes","Chill","Rebound","Blizzard","Creative AI+1","Double Energy+1","Beam Cell+1","Streamline","Amplify","Madness","Flash of Steel","Metamorphosis","FTL","Darkness","Beam Cell","Gash","Madness","Madness"],"relics":["Cracked Core","Ice Cream","WarpedTongs","Potion Belt","Bloody Idol","Pen Nib","Frozen Egg 2","Nuclear Battery","Juzu Bracelet","Unceasing Top","DataDisk","Omamori","Inserter","Red Mask","Shovel","Orichalcum","Mummified Hand","Peace Pipe","Dead Branch"],"potions_floor_usage":[24,24,28,39,45,50],"damage_taken":[{"damage":11,"enemies":"Jaw Worm","floor":1,"turns":3},{"damage":0,"enemies":"Cultist","floor":2,"turns":3},{"damage":2,"enemies":"Small Slimes","floor":3,"turns":3},{"damage":7,"enemies":"Lagavulin","floor":14,"turns":6},{"damage":21,"enemies":"The Guardian","floor":16,"turns":12},{"damage":26,"enemies":"2 Thieves","floor":18,"turns":4},{"damage":24,"enemies":"Gremlin Leader","floor":24,"turns":6},{"damage":1,"enemies":"3 Byrds","floor":27,"turns":5},{"damage":20,"enemies":"Slavers","floor":28,"turns":6},{"damage":1,"enemies":"Collector","floor":33,"turns":10},{"damage":1,"enemies":"Orb Walker","floor":35,"turns":5},{"damage":5,"enemies":"3 Darklings","floor":36,"turns":7},{"damage":21,"enemies":"Mind Bloom Boss Battle","floor":38,"turns":8},{"damage":10,"enemies":"4 Shapes","floor":39,"turns":6},{"damage":0,"enemies":"Spire Growth","floor":44,"turns":3},{"damage":1,"enemies":"Mysterious Sphere","floor":45,"turns":4},{"damage":15,"enemies":"Giant Head","floor":46,"turns":6},{"damage":59,"enemies":"Awakened One","floor":50,"turns":7}],"seed_played":"5098202608070521414","potions_obtained":[{"floor":1,"key":"FearPotion"},{"floor":16,"key":"LiquidBronze"},{"floor":27,"key":"Weak Potion"},{"floor":33,"key":"Fire Potion"},{"floor":39,"key":"FairyPotion"},{"floor":44,"key":"Poison Potion"},{"floor":46,"key":"Fire Potion"}],"is_trial":false,"path_per_floor":["M","M","M","$","?","R","$","?","T","R","$","?","T","E","R","B",null,"M","?","$","?","$","R","E","?","T","M","E","$","?","?","R","B",null,"M","M","?","?","M","R","$","?","T","M","?","E","$","?","R","B"],"character_chosen":"DEFECT","items_purchased":["Glacier","Capacitor+1","Leap","Cold Snap","Rebound","Blizzard","Gash","AttackPotion"],"campfire_rested":2,"item_purchase_floors":[4,20,20,22,29,29,47,47],"current_hp_per_floor":[64,64,62,62,62,62,62,62,62,62,62,44,44,37,37,16,75,49,49,49,49,49,49,30,24,24,28,13,13,13,13,35,39,75,75,75,75,54,49,49,49,39,39,44,48,38,38,29,51,7],"gold":35,"neow_bonus":"ONE_RARE_RELIC","is_prod":false,"is_daily":false,"chose_seed":false,"campfire_upgraded":4,"win_rate":0,"timestamp":1539616643,"path_taken":["M","M","M","$","?","R","?","?","T","R","$","?","?","E","R","BOSS","M","?","$","?","$","R","E","?","T","M","E","?","?","?","R","BOSS","M","M","?","?","M","R","?","?","T","M","?","E","$","?","R","BOSS"],"build_version":"2018-10-11","purchased_purges":2,"victory":true,"max_hp_per_floor":[75,75,75,75,75,75,75,75,75,75,75,75,75,75,75,75,75,75,75,75,75,75,75,75,75,75,75,75,75,75,75,75,75,75,75,75,75,75,75,75,75,75,75,75,75,75,75,75,75,75],"card_choices":[{"not_picked":["Redo","Recycle"],"picked":"Heatsinks","floor":1},{"not_picked":["Rebound","Steam"],"picked":"Gash","floor":2},{"not_picked":["Coolheaded","Chill"],"picked":"Chaos","floor":3},{"not_picked":["Hello World","Leap"],"picked":"Gash","floor":14},{"not_picked":["Buffer+1","Hyperbeam"],"picked":"All For One","floor":16},{"not_picked":["Chill","Coolheaded+1"],"picked":"Conserve Battery","floor":18},{"not_picked":["Coolheaded","Aggregate"],"picked":"Defragment+1","floor":24},{"not_picked":["Redo","Ball Lightning"],"picked":"Go for the Eyes","floor":27},{"not_picked":["Go for the Eyes","Coolheaded"],"picked":"Chill","floor":28},{"not_picked":["Core Surge","Seek"],"picked":"Creative AI+1","floor":33},{"not_picked":["Leap","Stack"],"picked":"Double Energy+1","floor":35},{"not_picked":["Ball Lightning+1","Turbo+1"],"picked":"Beam Cell+1","floor":36},{"not_picked":["Ball Lightning+1","Leap"],"picked":"Streamline","floor":38},{"not_picked":["Cold Snap","Stack"],"picked":"Amplify","floor":39},{"not_picked":["Blind","Master of Strategy"],"picked":"Madness","floor":42},{"not_picked":["Deep Breath","Dark Shackles"],"picked":"Flash of Steel","floor":42},{"not_picked":["Finesse","Panacea"],"picked":"Metamorphosis","floor":42},{"not_picked":["Steam","Leap"],"picked":"FTL","floor":44},{"not_picked":["Rebound+1","Coolheaded+1"],"picked":"Darkness","floor":45},{"not_picked":["Chaos+1","Redo+1"],"picked":"Beam Cell","floor":46}],"player_experience":792104,"relics_obtained":[{"floor":9,"key":"Potion Belt"},{"floor":13,"key":"Pen Nib"},{"floor":14,"key":"Frozen Egg 2"},{"floor":24,"key":"Juzu Bracelet"},{"floor":26,"key":"Unceasing Top"},{"floor":28,"key":"DataDisk"},{"floor":38,"key":"Shovel"},{"floor":40,"key":"Orichalcum"},{"floor":43,"key":"Mummified Hand"},{"floor":45,"key":"Peace Pipe"},{"floor":46,"key":"Dead Branch"}],"event_choices":[{"event_name":"Living Wall","player_choice":"Forget","floor":5,"damage_taken":0},{"event_name":"Accursed Blacksmith","player_choice":"Rummage","floor":8,"damage_taken":0},{"event_name":"Golden Idol","player_choice":"Take Damage","floor":12,"damage_taken":0},{"event_name":"Forgotten Altar","player_choice":"Gave Idol","floor":19,"damage_taken":0},{"event_name":"Beggar","player_choice":"Ignored","floor":21,"damage_taken":0},{"event_name":"Nest","player_choice":"Joined the Cult","floor":25,"damage_taken":0},{"event_name":"Addict","player_choice":"Stole Relic","floor":30,"damage_taken":0},{"event_name":"Match and Keep!","player_choice":"0 cards matched","floor":31,"damage_taken":0},{"event_name":"Tomb of Lord Red Mask","player_choice":"Paid","floor":37,"damage_taken":0},{"event_name":"MindBloom","player_choice":"Fight","floor":38,"damage_taken":0},{"event_name":"SensoryStone","player_choice":"Memory 3","floor":42,"damage_taken":0},{"event_name":"Mysterious Sphere","player_choice":"Fight","floor":45,"damage_taken":0},{"event_name":"Winding Halls","player_choice":"Embrace Madness","floor":48,"damage_taken":0}],"is_beta":true,"boss_relics":[{"not_picked":["Calling Bell","Cursed Key"],"picked":"Nuclear Battery"},{"not_picked":["Tiny House","Runic Pyramid"],"picked":"Inserter"}],"items_purged_floors":[4,20],"is_endless":false,"potions_floor_spawned":[1,16,27,33,39,44,46],"ascension_level":0}