{"gold_per_floor":[18,118,135,150,160,192,192,220,220,236,236,263,263,274,274,379,379,392,392,342,354,48,48,48],"floor_reached":24,"playtime":1329,"items_purged":["Strike_P"],"score":253,"play_id":"9856c17e-ec3c-4048-a6bc-d3073232ab03","local_time":"20190916152731","is_ascension_mode":true,"campfire_choices":[{"floor":7,"key":"REST"},{"data":"ReachHeaven","floor":11,"key":"SMITH"},{"data":"ForeignInfluence","floor":15,"key":"SMITH"},{"data":"DevaForm","floor":23,"key":"SMITH"}],"neow_cost":"NO_GOLD","seed_source_timestamp":14540435114400,"circlet_count":0,"master_deck":["Strike_P","Strike_P","Defend_P","Defend_P","Defend_P","Defend_P","Eruption","Vigilance","Unraveling","FlyingSleeves","EmptyFist","Evaluate","FlurryOfBlows","ReachHeaven+1","Protect","ForeignInfluence+1","Metaphysics","Prostrate","DevaForm+1","EmptyBody","TalkToTheHand","Adaptation","Swift Strike"],"relics":["PureWater","Juzu Bracelet","Pantograph","Kunai","Sundial","Cursed Key","Chemical X"],"potions_floor_usage":[8,12,21],"damage_taken":[{"damage":0,"enemies":"Small Slimes","floor":1,"turns":3},{"damage":0,"enemies":"Cultist","floor":3,"turns":4},{"damage":3,"enemies":"2 Louse","floor":4,"turns":2},{"damage":0,"enemies":"2 Fungi Beasts","floor":5,"turns":4},{"damage":44,"enemies":"Lagavulin","floor":6,"turns":4},{"damage":0,"enemies":"Gremlin Nob","floor":8,"turns":2},{"damage":3,"enemies":"Red Slaver","floor":10,"turns":4},{"damage":13,"enemies":"3 Sentries","floor":12,"turns":8},{"damage":0,"enemies":"3 Louse","floor":14,"turns":2},{"damage":2,"enemies":"Hexaghost","floor":16,"turns":9},{"damage":12,"enemies":"Shell Parasite","floor":18,"turns":4},{"damage":26,"enemies":"2 Thieves","floor":21,"turns":4},{"damage":28,"enemies":"Gremlin Leader","floor":24,"turns":9}],"seed_played":"4521211705814549412","potions_obtained":[{"floor":1,"key":"SpeedPotion"},{"floor":5,"key":"Swift Potion"},{"floor":10,"key":"Block Potion"},{"floor":12,"key":"Explosive Potion"},{"floor":14,"key":"SpeedPotion"}],"is_trial":false,"path_per_floor":["M","?","M","M","M","E","R","E","T","M","R","E","?","M","R","B",null,"M","?","?","M","$","R","E"],"character_chosen":"WATCHER","items_purchased":["Chemical X","Swift Strike"],"campfire_rested":1,"item_purchase_floors":[22,22],"current_hp_per_floor":[65,65,65,62,62,18,37,37,37,34,34,21,21,21,21,44,65,53,53,53,27,27,27,0],"gold":48,"neow_bonus":"THREE_RARE_CARDS","is_prod":false,"is_daily":false,"chose_seed":false,"campfire_upgraded":3,"win_rate":0,"timestamp":1568636851,"path_taken":["M","?","M","M","?","E","R","E","T","M","R","E","?","M","R","BOSS","M","?","?","M","$","R","E"],"build_version":"2019-09-12","purchased_purges":1,"victory":false,"max_hp_per_floor":[65,65,65,65,65,65,65,65,65,65,65,65,65,65,65,65,65,65,65,65,65,65,65,65],"card_choices":[{"not_picked":["DeusExMachina","Blasphemy"],"picked":"Unraveling","floor":0},{"not_picked":["Worship","Weave"],"picked":"FlyingSleeves","floor":1},{"not_picked":["Crescendo","CutThroughFate"],"picked":"EmptyFist","floor":3},{"not_picked":["Halt","Scrawl"],"picked":"Evaluate","floor":4},{"not_picked":["Wish","WreathOfFlame"],"picked":"FlurryOfBlows","floor":5},{"not_picked":["FlyingSleeves","BowlingBash"],"picked":"ReachHeaven","floor":6},{"not_picked":["Sanctity","EmptyMind","Halt"],"picked":"SKIP","floor":8},{"not_picked":["Conclude","CutThroughFate"],"picked":"Protect","floor":10},{"not_picked":["Evaluate","FlurryOfBlows"],"picked":"ForeignInfluence","floor":12},{"not_picked":["Tantrum","JustLucky"],"picked":"Prostrate","floor":14},{"not_picked":["DeusExMachina","Brilliance"],"picked":"DevaForm","floor":16},{"not_picked":["EmptyFist","CutThroughFate+1"],"picked":"EmptyBody","floor":18},{"not_picked":["EmptyFist","Adaptation","CrushJoints"],"picked":"SKIP","floor":21},{"not_picked":["EmptyFist","CrushJoints"],"picked":"Adaptation","floor":21}],"player_experience":286542,"relics_obtained":[{"floor":6,"key":"Juzu Bracelet"},{"floor":8,"key":"Pantograph"},{"floor":9,"key":"Kunai"},{"floor":12,"key":"Sundial"}],"event_choices":[{"damage_healed":0,"gold_gain":100,"player_choice":"Gold","damage_taken":0,"max_hp_gain":0,"max_hp_loss":0,"event_name":"Wheel of Change","floor":2,"gold_loss":0},{"damage_healed":0,"gold_gain":0,"cards_transformed":["Strike_P"],"player_choice":"Change","damage_taken":0,"max_hp_gain":0,"max_hp_loss":0,"event_name":"Living Wall","floor":13,"gold_loss":0,"cards_obtained":["Metaphysics"]},{"damage_healed":0,"gold_gain":0,"player_choice":"Read","damage_taken":0,"max_hp_gain":0,"max_hp_loss":0,"event_name":"The Library","floor":19,"gold_loss":0,"cards_obtained":["TalkToTheHand"]},{"damage_healed":0,"gold_gain":0,"player_choice":"Bet on Owner","damage_taken":0,"max_hp_gain":0,"max_hp_loss":0,"event_name":"The Joust","floor":20,"gold_loss":50}],"is_beta":true,"boss_relics":[{"not_picked":["Runic Pyramid","Coffee Dripper"],"picked":"Cursed Key"}],"items_purged_floors":[22],"is_endless":false,"potions_floor_spawned":[1,5,10,12,14,16,18],"killed_by":"Gremlin Leader","ascension_level":1}