{"gold_per_floor":[116,129,144,144,163,196,2,177,204,217,182,193,227,227,227,346,346,366,386,386,407,407,407,407,682,682,698,698,711,711,730,730,730],"floor_reached":33,"playtime":1776,"items_purged":[],"score":284,"play_id":"85270fd9-e21b-4f87-91a8-1f9d96f94389","local_time":"20190910220520","is_ascension_mode":false,"campfire_choices":[{"floor":15,"key":"REST"},{"data":"FlurryOfBlows","floor":23,"key":"SMITH"},{"floor":28,"key":"REST"},{"data":"TalkToTheHand","floor":30,"key":"SMITH"},{"floor":32,"key":"REST"}],"neow_cost":"NONE","seed_source_timestamp":290992261076000,"circlet_count":0,"master_deck":["Strike_P+1","Strike_P+1","Strike_P+1","Defend_P+1","Defend_P+1","Defend_P+1","Eruption","Vigilance","ForeignInfluence","Evaluate","ThirdEye","TalkToTheHand+1","ThirdEye","Wallop","Perseverance","JustLucky","Doubt","FearNoEvil","Perseverance","SignatureMove","Unraveling+1","Protect","Unraveling","FlurryOfBlows+1","Writhe","Regret","EmptyMind","EmptyFist","CutThroughFate"],"relics":["PureWater","Vajra","Bronze Scales","Blood Vial","Golden Idol","Sozu","Eternal Feather","Kunai"],"potions_floor_usage":[5,6,13,13,19],"damage_taken":[{"damage":0,"enemies":"Jaw Worm","floor":1,"turns":3},{"damage":0,"enemies":"Cultist","floor":2,"turns":2},{"damage":0,"enemies":"2 Louse","floor":3,"turns":2},{"damage":0,"enemies":"Large Slime","floor":5,"turns":3},{"damage":54,"enemies":"Gremlin Nob","floor":6,"turns":4},{"damage":0,"enemies":"Blue Slaver","floor":10,"turns":4},{"damage":4,"enemies":"Gremlin Gang","floor":12,"turns":4},{"damage":0,"enemies":"Lagavulin","floor":13,"turns":2},{"damage":17,"enemies":"Slime Boss","floor":16,"turns":4},{"damage":0,"enemies":"Shell Parasite","floor":18,"turns":3},{"damage":2,"enemies":"3 Byrds","floor":19,"turns":3},{"damage":20,"enemies":"Snake Plant","floor":21,"turns":3},{"damage":38,"enemies":"3 Cultists","floor":27,"turns":7},{"damage":10,"enemies":"Centurion and Healer","floor":29,"turns":6},{"damage":55,"enemies":"Sentry and Sphere","floor":31,"turns":5},{"damage":46,"enemies":"Collector","floor":33,"turns":7}],"seed_played":"-1465526203429382583","potions_obtained":[{"floor":1,"key":"StancePotion"},{"floor":3,"key":"Explosive Potion"},{"floor":10,"key":"Strength Potion"},{"floor":12,"key":"AttackPotion"},{"floor":16,"key":"Dexterity Potion"}],"is_trial":false,"path_per_floor":["M","M","M","?","M","E","$","?","T","M","?","M","E","?","R","B",null,"M","M","?","M","?","R","?","?","T","M","R","M","R","M","R","B"],"character_chosen":"WATCHER","items_purchased":["Wallop","Perseverance","JustLucky"],"campfire_rested":3,"item_purchase_floors":[7,7,7],"current_hp_per_floor":[71,71,71,71,71,17,17,17,17,17,34,30,30,13,34,19,71,71,69,69,51,51,51,51,51,51,15,51,43,58,5,41,0],"gold":730,"neow_bonus":"TEN_PERCENT_HP_BONUS","is_prod":false,"is_daily":false,"chose_seed":false,"campfire_upgraded":2,"win_rate":0.0,"timestamp":1568142320,"path_taken":["M","M","M","?","?","E","$","?","T","M","?","M","E","?","R","BOSS","M","M","?","?","?","R","?","?","T","M","R","M","R","?","R","BOSS"],"build_version":"2019-09-09v2","purchased_purges":0,"victory":false,"max_hp_per_floor":[71,71,71,71,71,71,71,71,71,71,71,71,71,71,71,71,71,71,71,71,71,71,71,71,71,71,71,71,71,71,71,71,71],"card_choices":[{"not_picked":["Vengeance","FlyingSleeves"],"picked":"ForeignInfluence","floor":1},{"not_picked":["ThirdEye","Halt"],"picked":"Evaluate","floor":2},{"not_picked":["Crescendo","Weave"],"picked":"ThirdEye","floor":3},{"not_picked":["Consecrate","EmptyFist"],"picked":"TalkToTheHand","floor":5},{"not_picked":["Evaluate","Scrawl"],"picked":"ThirdEye","floor":6},{"not_picked":["FlurryOfBlows","EmptyBody"],"picked":"FearNoEvil","floor":10},{"not_picked":["CleanseEvil","ThirdEye"],"picked":"Perseverance","floor":12},{"not_picked":["ThirdEye","EmptyFist"],"picked":"SignatureMove","floor":13},{"not_picked":["Wallop","DeusExMachina"],"picked":"Unraveling","floor":16},{"not_picked":["ClearTheMind","FollowUp","SpiritShield"],"picked":"SKIP","floor":18},{"not_picked":["FearNoEvil","CrushJoints"],"picked":"Protect","floor":19},{"not_picked":["FlyingSleeves","Sanctity"],"picked":"FlurryOfBlows","floor":21},{"not_picked":["FollowUp+1","Weave"],"picked":"EmptyMind","floor":27},{"not_picked":["CrushJoints+1","ThirdEye"],"picked":"EmptyFist","floor":29},{"not_picked":["FlurryOfBlows","EmptyFist"],"picked":"CutThroughFate","floor":31}],"player_experience":262001,"relics_obtained":[{"floor":6,"key":"Vajra"},{"floor":9,"key":"Bronze Scales"},{"floor":13,"key":"Blood Vial"},{"floor":26,"key":"Kunai"}],"event_choices":[{"cards_removed":["Defend_P"],"damage_healed":0,"gold_gain":0,"player_choice":"Offered Basic","damage_taken":0,"max_hp_gain":0,"max_hp_loss":0,"event_name":"Bonfire Elementals","floor":4,"gold_loss":0},{"damage_healed":0,"gold_gain":175,"player_choice":"AGREE","damage_taken":0,"max_hp_gain":0,"max_hp_loss":0,"event_name":"Liars Game","floor":8,"gold_loss":0,"cards_obtained":["Doubt"]},{"damage_healed":17,"gold_gain":0,"player_choice":"Healed","damage_taken":0,"max_hp_gain":0,"max_hp_loss":0,"event_name":"The Cleric","floor":11,"gold_loss":35},{"damage_healed":0,"gold_gain":0,"player_choice":"Take Damage","damage_taken":17,"relics_obtained":["Golden Idol"],"max_hp_gain":0,"max_hp_loss":0,"event_name":"Golden Idol","floor":14,"gold_loss":0},{"damage_healed":0,"gold_gain":0,"cards_transformed":["Strike_P"],"player_choice":"Transformed","damage_taken":0,"max_hp_gain":0,"max_hp_loss":0,"event_name":"Transmorgrifier","floor":20,"gold_loss":0,"cards_obtained":["Unraveling"]},{"damage_healed":0,"gold_gain":0,"player_choice":"Simplicity","damage_taken":0,"max_hp_gain":0,"max_hp_loss":0,"event_name":"Back to Basics","floor":22,"gold_loss":0,"cards_upgraded":["Strike_P","Strike_P","Defend_P","Defend_P","Defend_P"]},{"damage_healed":0,"gold_gain":0,"player_choice":"Opened","damage_taken":0,"relics_obtained":["Eternal Feather"],"max_hp_gain":0,"max_hp_loss":0,"event_name":"The Mausoleum","floor":24,"gold_loss":0,"cards_obtained":["Writhe"]},{"damage_healed":0,"gold_gain":275,"player_choice":"Desecrate","damage_taken":0,"max_hp_gain":0,"max_hp_loss":0,"event_name":"Golden Shrine","floor":25,"gold_loss":0,"cards_obtained":["Regret"]}],"is_beta":true,"boss_relics":[{"not_picked":["Busted Crown","Empty Cage"],"picked":"Sozu"}],"items_purged_floors":[],"is_endless":false,"potions_floor_spawned":[1,3,10,12,16,21,27],"killed_by":"Collector","ascension_level":0}