{"gold_per_floor":[118,138,148,98,111,111,130,130,130,130,165,184,184,184,184,286,286,303,303,368,418,204,204,174,174,198,263,274,274,284,300,300,300],"floor_reached":33,"playtime":1184,"items_purged":["Writhe","Strike_B"],"score":249,"play_id":"29ffdac1-e050-498e-809c-c4d5b8e96c5e","local_time":"20190730004757","is_ascension_mode":false,"campfire_choices":[{"data":"Chaos","floor":6.0,"key":"SMITH"},{"data":"Zap","floor":8.0,"key":"SMITH"},{"data":"White Noise","floor":10.0,"key":"SMITH"},{"data":"Dualcast","floor":13.0,"key":"SMITH"},{"data":"Reinforced Body","floor":15.0,"key":"SMITH"},{"data":"Thunder Strike","floor":23,"key":"SMITH"},{"data":"Rebound","floor":25,"key":"SMITH"},{"data":"Cold Snap","floor":29,"key":"SMITH"},{"floor":32,"key":"REST"}],"neow_cost":"NONE","seed_source_timestamp":530703845455,"circlet_count":0,"master_deck":["Strike_B","Strike_B","Defend_B","Defend_B","Defend_B","Defend_B","Zap+1","Dualcast+1","Chaos+1","Cold Snap+1","White Noise+1","Reinforced Body+1","Rebound+1","Thunder Strike+1","Cold Snap+1","Hologram+1","Zap+1","Sunder+1"],"special_seed":0,"relics":["Cracked Core","Bronze Scales","Blue Candle","Dodecahedron","Strawberry","Busted Crown","SsserpentHead","The Courier","DollysMirror","Smiling Mask"],"potions_floor_usage":[20],"damage_taken":[{"damage":0.0,"enemies":"Small Slimes","floor":1.0,"turns":2.0},{"damage":1.0,"enemies":"Jaw Worm","floor":2.0,"turns":3.0},{"damage":1.0,"enemies":"Cultist","floor":3.0,"turns":3.0},{"damage":5.0,"enemies":"Exordium Wildlife","floor":5.0,"turns":5.0},{"damage":3.0,"enemies":"Exordium Thugs","floor":7.0,"turns":4.0},{"damage":9.0,"enemies":"Gremlin Nob","floor":11.0,"turns":4.0},{"damage":0.0,"enemies":"Large Slime","floor":12.0,"turns":5.0},{"damage":9.0,"enemies":"Hexaghost","floor":16.0,"turns":8.0},{"damage":0.0,"enemies":"Chosen","floor":18.0,"turns":3.0},{"damage":13,"enemies":"2 Thieves","floor":20,"turns":4},{"damage":11,"enemies":"Cultist and Chosen","floor":27,"turns":8},{"damage":16,"enemies":"Snake Plant","floor":28,"turns":2},{"damage":22,"enemies":"Sentry and Sphere","floor":30,"turns":4},{"damage":16,"enemies":"Shelled Parasite and Fungi","floor":31,"turns":4},{"damage":37,"enemies":"Collector","floor":33,"turns":5}],"seed_played":"1208305798153399119","potions_obtained":[{"floor":3.0,"key":"Dexterity Potion"},{"floor":7.0,"key":"SteroidPotion"},{"floor":11.0,"key":"Dexterity Potion"},{"floor":20,"key":"FearPotion"},{"floor":30,"key":"Ancient Potion"}],"is_trial":false,"path_per_floor":["M","M","M","?","M","R","M","R","T","R","E","M","R","?","R","B",null,"M","?","M","?","$","R","$","R","T","M","M","R","M","M","R","B"],"character_chosen":"DEFECT","items_purchased":["DollysMirror"],"campfire_rested":1,"item_purchase_floors":[22],"current_hp_per_floor":[75,74,73,73,68,68,65,65,65,65,56,56,56,45,45,36,82,82,82,69,69,69,69,69,69,69,58,42,42,20,4,28,0],"gold":300,"neow_bonus":"RANDOM_COMMON_RELIC","is_prod":false,"is_daily":false,"chose_seed":false,"campfire_upgraded":8,"win_rate":0,"timestamp":1564469277,"path_taken":["M","M","M","?","M","R","M","R","T","R","E","M","R","?","R","BOSS","M","?","?","?","$","R","?","R","T","?","M","R","M","M","R","BOSS"],"build_version":"2019-07-17","purchased_purges":2,"victory":false,"max_hp_per_floor":[75,75,75,75,75,75,75,75,75,75,75,75,75,82,82,82,82,82,82,82,82,82,82,82,82,82,82,82,82,82,82,82,82],"card_choices":[{"not_picked":["Streamline","Compile Driver","Redo"],"picked":"SKIP","floor":1.0},{"not_picked":["Rip and Tear","Scrape"],"picked":"Chaos","floor":2.0},{"not_picked":["Consume","Force Field"],"picked":"Cold Snap","floor":3.0},{"not_picked":["Conserve Battery","Leap"],"picked":"White Noise","floor":5.0},{"not_picked":["Turbo","Recycle"],"picked":"Reinforced Body","floor":7.0},{"not_picked":["Scrape","Turbo","Barrage"],"picked":"SKIP","floor":11.0},{"not_picked":["Turbo","Redo"],"picked":"Rebound","floor":12.0},{"not_picked":["Machine Learning","Hyperbeam"],"picked":"Thunder Strike","floor":16.0},{"not_picked":[],"picked":"Cold Snap+1","floor":18.0},{"not_picked":[],"picked":"Hologram+1","floor":20},{"not_picked":[],"picked":"Sunder+1","floor":27},{"not_picked":["Lockon"],"picked":"SKIP","floor":28},{"not_picked":["Reprogram+1"],"picked":"SKIP","floor":30},{"not_picked":["Compile Driver"],"picked":"SKIP","floor":31}],"player_experience":1589953,"relics_obtained":[{"floor":9.0,"key":"Blue Candle"},{"floor":11.0,"key":"Dodecahedron"},{"floor":26,"key":"Smiling Mask"}],"event_choices":[{"cards_removed":["Strike_B"],"damage_healed":0.0,"max_hp_gain":0.0,"max_hp_loss":0.0,"gold_gain":0.0,"event_name":"The Cleric","player_choice":"Card Removal","floor":4.0,"gold_loss":50.0,"damage_taken":0.0},{"damage_healed":0.0,"max_hp_gain":0.0,"max_hp_loss":0.0,"gold_gain":0.0,"event_name":"Scrap Ooze","player_choice":"Success","floor":14.0,"gold_loss":0.0,"damage_taken":18.0,"relics_obtained":["Strawberry"]},{"damage_healed":0.0,"max_hp_gain":0.0,"max_hp_loss":0.0,"gold_gain":0.0,"event_name":"FaceTrader","player_choice":"Trade","floor":19.0,"gold_loss":0.0,"damage_taken":0.0,"relics_obtained":["SsserpentHead"]},{"damage_healed":0,"gold_gain":0,"player_choice":"Opened","damage_taken":0,"relics_obtained":["The Courier"],"max_hp_gain":0,"max_hp_loss":0,"event_name":"The Mausoleum","floor":21,"gold_loss":0,"cards_obtained":["Writhe"]}],"is_beta":false,"boss_relics":[{"not_picked":["Empty Cage","Lizard Tail"],"picked":"Busted Crown"}],"items_purged_floors":[22,24],"is_endless":false,"potions_floor_spawned":[3,7,11,20,30],"killed_by":"Collector","ascension_level":0}