{"gold_per_floor":[119,135,155,168,148,178,178,190,190,190,201,276,301,318,318,413,413,424,441,366,380,391,426,426,440,464,464,464,484,517,528,528,625,625,625],"floor_reached":35,"playtime":1982,"items_purged":[],"score":488,"play_id":"88da1cdc-25cc-4013-89cd-727fda300125","local_time":"20181106211023","is_ascension_mode":false,"campfire_choices":[{"data":"A Thousand Cuts","floor":7,"key":"SMITH"},{"data":"Cloak And Dagger","floor":10,"key":"SMITH"},{"floor":15,"key":"REST"},{"data":"Cloak And Dagger","floor":32,"key":"SMITH"}],"neow_cost":"NONE","seed_source_timestamp":115800698987803,"circlet_count":0,"master_deck":["Defend_G","Defend_G","Defend_G+1","Defend_G+1","Defend_G","Survivor","Neutralize","Slice","PiercingWail","Backflip","Sucker Punch","A Thousand Cuts+1","Cloak And Dagger+1","Dash","Backflip","Escape Plan","Burst","Dodge and Roll+1","Terror+1","Calculated Gamble+1","Flechettes+1","Dodge and Roll","Bite","Bite","Bite","Bite","Bite","Ghostly","Ghostly","Ghostly","Ghostly","Ghostly","Cloak And Dagger+1","Night Terror","Envenom"],"relics":["Ring of the Snake","Vajra","Anchor","Kunai","War Paint","WristBlade","Calipers","Bag of Preparation","Snake Skull","Philosopher\u0027s Stone"],"potions_floor_usage":[6,6,16,16,23,23,30],"damage_taken":[{"damage":0,"enemies":"Small Slimes","floor":1,"turns":3},{"damage":0,"enemies":"Cultist","floor":2,"turns":3},{"damage":0,"enemies":"2 Louse","floor":3,"turns":2},{"damage":0,"enemies":"Exordium Wildlife","floor":4,"turns":7},{"damage":30,"enemies":"Lagavulin","floor":6,"turns":7},{"damage":0,"enemies":"3 Louse","floor":8,"turns":2},{"damage":3,"enemies":"Blue Slaver","floor":11,"turns":4},{"damage":12,"enemies":"3 Sentries","floor":13,"turns":6},{"damage":0,"enemies":"2 Fungi Beasts","floor":14,"turns":3},{"damage":8,"enemies":"Slime Boss","floor":16,"turns":7},{"damage":8,"enemies":"2 Thieves","floor":18,"turns":3},{"damage":5,"enemies":"Chosen","floor":19,"turns":5},{"damage":5,"enemies":"Snake Plant","floor":21,"turns":8},{"damage":18,"enemies":"Snecko","floor":22,"turns":5},{"damage":13,"enemies":"Slavers","floor":23,"turns":3},{"damage":0,"enemies":"Colosseum Slavers","floor":24,"turns":5},{"damage":5,"enemies":"Sentry and Sphere","floor":25,"turns":5},{"damage":0,"enemies":"Centurion and Healer","floor":29,"turns":7},{"damage":2,"enemies":"Gremlin Leader","floor":30,"turns":6},{"damage":8,"enemies":"3 Cultists","floor":31,"turns":7},{"damage":28,"enemies":"Automaton","floor":33,"turns":14},{"damage":0,"enemies":"3 Darklings","floor":35,"turns":1}],"seed_played":"8110581834496814214","potions_obtained":[{"floor":2,"key":"GamblersBrew"},{"floor":3,"key":"Block Potion"},{"floor":5,"key":"Ancient Potion"},{"floor":14,"key":"Fire Potion"},{"floor":16,"key":"LiquidBronze"},{"floor":19,"key":"Poison Potion"},{"floor":25,"key":"SteroidPotion"},{"floor":29,"key":"PowerPotion"}],"is_trial":false,"path_per_floor":["M","M","M","M","?","E","R","M","T","R","M","?","E","M","R","B",null,"M","M","?","M","M","E","?","M","T","?","?","M","E","M","R","B",null,"M"],"character_chosen":"THE_SILENT","items_purchased":[],"campfire_rested":1,"item_purchase_floors":[],"current_hp_per_floor":[70,70,70,70,70,40,40,40,40,40,37,26,14,14,35,27,70,62,57,57,52,34,21,21,16,16,16,16,22,24,20,20,5,24,24],"gold":625,"neow_bonus":"RANDOM_COMMON_RELIC","is_prod":false,"is_daily":false,"chose_seed":false,"campfire_upgraded":3,"win_rate":0,"timestamp":1541527823,"path_taken":["M","M","M","M","?","E","R","M","T","R","?","?","E","M","R","BOSS","M","M","?","M","M","E","?","M","T","?","?","?","E","M","R","BOSS","M"],"build_version":"2018-11-05","purchased_purges":0,"victory":false,"max_hp_per_floor":[70,70,70,70,70,70,70,70,70,70,70,70,70,70,70,70,70,70,70,70,70,70,70,70,70,70,49,24,24,24,24,24,24,24,24],"card_choices":[{"not_picked":["Quick Slash","Deadly Poison"],"picked":"Slice","floor":1},{"not_picked":["Slice","Bane"],"picked":"PiercingWail","floor":2},{"not_picked":["Distraction","Slice"],"picked":"Backflip","floor":3},{"not_picked":["Deadly Poison","Bane"],"picked":"Sucker Punch","floor":4},{"not_picked":["Doppelganger","Tactician"],"picked":"A Thousand Cuts","floor":6},{"not_picked":["Dodge and Roll","Acrobatics"],"picked":"Cloak And Dagger","floor":8},{"not_picked":["Choke","Bouncing Flask"],"picked":"Dash","floor":11},{"not_picked":["Setup","PiercingWail"],"picked":"Backflip","floor":13},{"not_picked":["Quick Slash","Sucker Punch"],"picked":"Escape Plan","floor":14},{"not_picked":["A Thousand Cuts","Wraith Form v2"],"picked":"Burst","floor":16},{"not_picked":["Acrobatics","Quick Slash","Sucker Punch"],"picked":"SKIP","floor":18},{"not_picked":["Sucker Punch","Outmaneuver"],"picked":"Dodge and Roll+1","floor":19},{"not_picked":["Deflect","Catalyst+1"],"picked":"Terror+1","floor":21},{"not_picked":["Bane","Deadly Poison+1"],"picked":"Calculated Gamble+1","floor":22},{"not_picked":["PiercingWail","Slice"],"picked":"Flechettes+1","floor":23},{"not_picked":["Acrobatics+1","Reflex"],"picked":"Dodge and Roll","floor":25},{"not_picked":["Catalyst","Sucker Punch"],"picked":"Cloak And Dagger","floor":29},{"not_picked":["Predator","Backflip+1"],"picked":"Night Terror","floor":30},{"not_picked":["Crippling Poison+1","Bane+1","Dodge and Roll"],"picked":"SKIP","floor":31},{"not_picked":["Doppelganger","Night Terror"],"picked":"Envenom","floor":33}],"player_experience":878114,"relics_obtained":[{"floor":6,"key":"Anchor"},{"floor":9,"key":"Kunai"},{"floor":13,"key":"War Paint"},{"floor":23,"key":"Calipers"},{"floor":26,"key":"Bag of Preparation"},{"floor":30,"key":"Snake Skull"}],"event_choices":[{"damage_healed":0,"gold_gain":0,"player_choice":"Bought 1 Potion","damage_taken":0,"max_hp_gain":0,"max_hp_loss":0,"event_name":"The Woman in Blue","floor":5,"gold_loss":0},{"damage_healed":0,"gold_gain":75,"player_choice":"Gather Gold","damage_taken":11,"max_hp_gain":0,"max_hp_loss":0,"event_name":"World of Goop","floor":12,"gold_loss":0},{"cards_removed":["Strike_G"],"damage_healed":0,"gold_gain":0,"player_choice":"Gave Gold","damage_taken":0,"max_hp_gain":0,"max_hp_loss":0,"event_name":"Beggar","floor":20,"gold_loss":75},{"damage_healed":0,"gold_gain":0,"player_choice":"Fight","damage_taken":0,"max_hp_gain":0,"max_hp_loss":0,"event_name":"Colosseum","floor":24,"gold_loss":0},{"damage_healed":0,"gold_gain":0,"player_choice":"Fled From Nobs","damage_taken":0,"max_hp_gain":0,"max_hp_loss":0,"event_name":"Colosseum","floor":24,"gold_loss":0},{"damage_healed":0,"gold_gain":0,"player_choice":"Became a vampire","damage_taken":0,"max_hp_gain":0,"max_hp_loss":21,"event_name":"Vampires","floor":27,"gold_loss":0,"cards_obtained":["Bite","Bite","Bite","Bite","Bite"]},{"damage_healed":0,"gold_gain":0,"player_choice":"Became a Ghost","damage_taken":0,"max_hp_gain":0,"max_hp_loss":25,"event_name":"Ghosts","floor":28,"gold_loss":0,"cards_obtained":["Ghostly","Ghostly","Ghostly","Ghostly","Ghostly"]}],"is_beta":true,"boss_relics":[{"not_picked":["Busted Crown","Lizard Tail"],"picked":"WristBlade"},{"not_picked":["Astrolabe","Snecko Eye"],"picked":"Philosopher\u0027s Stone"}],"items_purged_floors":[],"is_endless":false,"potions_floor_spawned":[2,3,14,16,19,24,25,29],"killed_by":"3 Darklings","ascension_level":0}