{"gold_per_floor":[116,134,147,164,177,177,206,217,217,248,233,233,233,508,508,612,612,631,74,74,173,188,188,148,182,182,215,215,241,241,257,257,357,357,375,429,429,529,545,577,577,609,633,633,72,72,97,97,97,97],"floor_reached":51,"playtime":3034,"items_purged":[],"score":938,"play_id":"acf669e4-5814-41e2-ace8-8a50f868f9a9","local_time":"20190912063604","is_ascension_mode":true,"campfire_choices":[{"data":"Hologram","floor":6.0,"key":"SMITH"},{"data":"Loop","floor":12.0,"key":"SMITH"},{"data":"Zap","floor":15.0,"key":"SMITH"},{"data":"Echo Form","floor":23.0,"key":"SMITH"},{"data":"Self Repair","floor":28.0,"key":"SMITH"},{"data":"Gash","floor":30.0,"key":"SMITH"},{"data":"Redo","floor":32.0,"key":"SMITH"},{"data":"Amplify","floor":41,"key":"SMITH"},{"data":"Capacitor","floor":49,"key":"SMITH"}],"neow_cost":"PERCENT_DAMAGE","seed_source_timestamp":0,"circlet_count":0,"master_deck":["Strike_B+1","Strike_B+1","Strike_B+1","Defend_B+1","Defend_B+1","Defend_B+1","Defend_B+1","Zap+1","Dualcast","Heatsinks","Leap","Undo+1","Cold Snap","Loop+1","Ball Lightning","Conserve Battery","Leap","Steam","Hologram+1","Melter","Self Repair+1","Redo+1","Regret","Electrodynamics","Echo Form+1","Go for the Eyes","Seek+1","Glacier+1","Loop+1","Cold Snap+1","Amplify+1","Static Discharge","Dark Shackles","Darkness+1","Conserve Battery+1","Redo+1","Capacitor+1","Writhe"],"special_seed":0,"relics":["Cracked Core","Prayer Wheel","Question Card","Bottled Tornado","Blood Vial","Velvet Choker","Mummified Hand","Toolbox","Ginger","Dodecahedron","Meat on the Bone","War Paint","SlaversCollar","Turnip","Mango","Gremlin Horn","Symbiotic Virus","Bronze Scales","Juzu Bracelet","Lee\u0027s Waffle","Blue Candle","Lizard Tail"],"potions_floor_usage":[50],"damage_taken":[{"damage":1.0,"enemies":"Cultist","floor":1.0,"turns":3.0},{"damage":5.0,"enemies":"Small Slimes","floor":2.0,"turns":4.0},{"damage":2.0,"enemies":"2 Louse","floor":3.0,"turns":3.0},{"damage":2.0,"enemies":"Red Slaver","floor":4.0,"turns":4.0},{"damage":5.0,"enemies":"Looter","floor":5.0,"turns":4.0},{"damage":0.0,"enemies":"3 Sentries","floor":7.0,"turns":8.0},{"damage":1.0,"enemies":"Large Slime","floor":8.0,"turns":6.0},{"damage":3.0,"enemies":"Gremlin Nob","floor":10.0,"turns":3.0},{"damage":8.0,"enemies":"Exordium Thugs","floor":11.0,"turns":5.0},{"damage":3.0,"enemies":"Hexaghost","floor":16.0,"turns":12.0},{"damage":10.0,"enemies":"3 Byrds","floor":18.0,"turns":2.0},{"damage":4.0,"enemies":"2 Thieves","floor":22.0,"turns":4.0},{"damage":51.0,"enemies":"Slavers","floor":25.0,"turns":7.0},{"damage":22.0,"enemies":"Book of Stabbing","floor":27.0,"turns":5.0},{"damage":15.0,"enemies":"Gremlin Leader","floor":29.0,"turns":8.0},{"damage":17.0,"enemies":"Shelled Parasite and Fungi","floor":31.0,"turns":6.0},{"damage":48.0,"enemies":"Collector","floor":33.0,"turns":11.0},{"damage":7,"enemies":"3 Shapes","floor":35,"turns":4},{"damage":52,"enemies":"2 Orb Walkers","floor":36,"turns":4},{"damage":8,"enemies":"Mind Bloom Boss Battle","floor":38,"turns":10},{"damage":12,"enemies":"3 Darklings","floor":39,"turns":3},{"damage":27,"enemies":"Nemesis","floor":40,"turns":9},{"damage":41,"enemies":"Reptomancer","floor":42,"turns":10},{"damage":70,"enemies":"Nemesis","floor":47,"turns":11},{"damage":36,"enemies":"Time Eater","floor":50,"turns":12}],"seed_played":"-5161786612331472139","potions_obtained":[{"floor":1.0,"key":"Fire Potion"},{"floor":5.0,"key":"Energy Potion"},{"floor":10.0,"key":"LiquidBronze"},{"floor":11.0,"key":"Block Potion"},{"floor":16.0,"key":"Energy Potion"},{"floor":22.0,"key":"PowerPotion"},{"floor":24.0,"key":"PowerPotion"},{"floor":33.0,"key":"Explosive Potion"},{"floor":35,"key":"SteroidPotion"},{"floor":36,"key":"SteroidPotion"},{"floor":40,"key":"Strength Potion"},{"floor":42,"key":"Dexterity Potion"}],"is_trial":false,"path_per_floor":["M","M","M","M","M","R","E","M","T","E","M","R","?","?","R","B",null,"M","$","?","?","M","R","?","E","T","E","R","E","R","M","R","B",null,"M","?","?","?","M","E","R","E","T","?","$","?","E","?","R","B",null],"character_chosen":"DEFECT","items_purchased":["Echo Form","Mummified Hand","Toolbox","Juzu Bracelet","Lee\u0027s Waffle","Blue Candle"],"campfire_rested":0,"item_purchase_floors":[19,19,19,45,45,45],"current_hp_per_floor":[53,48,46,44,39,39,39,38,38,35,29,29,29,29,29,35,75,72,72,72,72,75,75,75,38,38,25,25,44,44,51,51,27,75,68,30,30,70,60,57,57,40,40,40,96,96,58,82,82,70],"gold":97,"neow_bonus":"ONE_RARE_RELIC","is_prod":false,"is_daily":false,"chose_seed":false,"campfire_upgraded":9,"win_rate":0,"timestamp":1568259364,"path_taken":["M","M","M","M","M","R","E","?","T","E","M","R","?","?","R","BOSS","M","?","?","?","?","R","?","E","T","E","R","E","R","?","R","BOSS","M","?","?","?","M","E","R","E","T","?","?","?","E","?","R","BOSS"],"build_version":"2019-09-10","purchased_purges":0,"victory":true,"max_hp_per_floor":[75,75,75,75,75,75,75,75,75,75,75,75,75,75,75,75,75,75,75,75,75,75,75,75,75,75,75,75,75,75,75,75,75,75,75,75,75,89,89,89,89,89,89,89,96,96,96,96,96,96],"card_choices":[{"not_picked":["Tempest","Darkness"],"picked":"Heatsinks","floor":1.0},{"not_picked":["Redo","Conserve Battery"],"picked":"Leap","floor":1.0},{"not_picked":["BootSequence","Skim"],"picked":"Undo","floor":2.0},{"not_picked":["Consume","Doom and Gloom"],"picked":"Cold Snap","floor":2.0},{"not_picked":["Streamline","Beam Cell"],"picked":"Loop","floor":3.0},{"not_picked":["Doom and Gloom","Leap"],"picked":"Ball Lightning","floor":3.0},{"not_picked":["Beam Cell","Stack"],"picked":"Conserve Battery","floor":4.0},{"not_picked":["Melter","Undo"],"picked":"Leap","floor":4.0},{"not_picked":["Aggregate","Rip and Tear"],"picked":"Steam","floor":5.0},{"not_picked":["Aggregate","Recycle"],"picked":"Hologram","floor":5.0},{"not_picked":["Hologram","Self Repair"],"picked":"Melter","floor":7.0},{"not_picked":["Buffer","BootSequence","Heatsinks"],"picked":"Gash","floor":8.0},{"not_picked":["Fusion","Compile Driver","Barrage","Scrape"],"picked":"SKIP","floor":8.0},{"not_picked":["Darkness","Gash","Rip and Tear","Storm"],"picked":"SKIP","floor":10.0},{"not_picked":["Sweeping Beam","Stack","Barrage"],"picked":"Self Repair","floor":11.0},{"not_picked":["Coolheaded","Darkness","Blizzard"],"picked":"Redo","floor":11.0},{"not_picked":["Thunder Strike","Biased Cognition","Meteor Strike"],"picked":"Electrodynamics","floor":16.0},{"not_picked":["Rebound+1","Stack","Cold Snap","Sweeping Beam"],"picked":"SKIP","floor":18.0},{"not_picked":["Melter","Gash","BootSequence","Turbo"],"picked":"SKIP","floor":18.0},{"not_picked":["Barrage","Self Repair+1","Steam"],"picked":"Go for the Eyes","floor":22.0},{"not_picked":["Steam","Turbo+1","Sweeping Beam","Chill"],"picked":"SKIP","floor":22.0},{"not_picked":["Rebound","Aggregate","Conserve Battery"],"picked":"Seek","floor":25.0},{"not_picked":["Melter+1","Barrage","Coolheaded"],"picked":"Glacier+1","floor":27.0},{"not_picked":["Sweeping Beam","Gash","Streamline"],"picked":"Loop+1","floor":29.0},{"not_picked":["Sweeping Beam+1","Steam","Double Energy+1"],"picked":"Cold Snap+1","floor":31.0},{"not_picked":["Rebound","Leap","Ball Lightning","Hologram"],"picked":"SKIP","floor":31.0},{"not_picked":["Machine Learning","Core Surge","All For One"],"picked":"Amplify","floor":33.0},{"not_picked":["Gash+1","Steam+1","Ball Lightning+1"],"picked":"Static Discharge","floor":35},{"not_picked":["Turbo+1","Heatsinks","Hologram+1","Lockon"],"picked":"SKIP","floor":35},{"not_picked":["Mayhem","Trip","Secret Weapon"],"picked":"Dark Shackles","floor":37},{"not_picked":["Storm","Cold Snap","Ball Lightning+1"],"picked":"Darkness+1","floor":38},{"not_picked":["Ball Lightning+1","Self Repair","Beam Cell+1"],"picked":"Conserve Battery+1","floor":39},{"not_picked":["Amplify","Consume","Barrage","Sweeping Beam"],"picked":"SKIP","floor":39},{"not_picked":["Compile Driver+1","Go for the Eyes+1","Meteor Strike"],"picked":"Redo+1","floor":40},{"not_picked":["Cold Snap+1","Fusion","Sweeping Beam","Go for the Eyes"],"picked":"SKIP","floor":42},{"not_picked":["Lockon","Force Field+1","Ball Lightning+1"],"picked":"Capacitor","floor":47}],"player_experience":267805,"relics_obtained":[{"floor":7.0,"key":"Question Card"},{"floor":9.0,"key":"Bottled Tornado"},{"floor":10.0,"key":"Blood Vial"},{"floor":25.0,"key":"Ginger"},{"floor":26.0,"key":"Dodecahedron"},{"floor":27.0,"key":"Meat on the Bone"},{"floor":29.0,"key":"War Paint"},{"floor":36,"key":"Turnip"},{"floor":38,"key":"Mango"},{"floor":40,"key":"Gremlin Horn"},{"floor":42,"key":"Symbiotic Virus"},{"floor":43,"key":"Bronze Scales"},{"floor":47,"key":"Lizard Tail"}],"event_choices":[{"cards_removed":["Strike_B"],"damage_healed":0.0,"max_hp_gain":0.0,"max_hp_loss":0.0,"gold_gain":0.0,"event_name":"Living Wall","player_choice":"Forget","floor":13.0,"gold_loss":0.0,"damage_taken":0.0},{"damage_healed":0.0,"max_hp_gain":0.0,"max_hp_loss":0.0,"gold_gain":275.0,"event_name":"Golden Shrine","player_choice":"Desecrate","floor":14.0,"gold_loss":0.0,"damage_taken":0.0,"cards_obtained":["Regret"]},{"damage_healed":0.0,"max_hp_gain":0.0,"max_hp_loss":0.0,"gold_gain":0.0,"event_name":"Back to Basics","player_choice":"Simplicity","floor":20.0,"gold_loss":0.0,"damage_taken":0.0,"cards_upgraded":["Strike_B","Strike_B","Strike_B","Defend_B","Defend_B","Defend_B","Defend_B"]},{"damage_healed":0.0,"max_hp_gain":0.0,"max_hp_loss":0.0,"gold_gain":99.0,"event_name":"Nest","player_choice":"Stole From Cult","floor":21.0,"gold_loss":0.0,"damage_taken":0.0},{"damage_healed":0.0,"max_hp_gain":0.0,"max_hp_loss":0.0,"gold_gain":0.0,"event_name":"The Woman in Blue","player_choice":"Bought 3 Potions","floor":24.0,"gold_loss":0.0,"damage_taken":0.0},{"damage_healed":0,"gold_gain":0,"player_choice":"Fight","damage_taken":0,"max_hp_gain":0,"max_hp_loss":0,"event_name":"Mysterious Sphere","floor":36,"gold_loss":0},{"damage_healed":0,"gold_gain":0,"player_choice":"Memory 1","damage_taken":0,"max_hp_gain":0,"max_hp_loss":0,"event_name":"SensoryStone","floor":37,"gold_loss":0},{"damage_healed":0,"gold_gain":0,"player_choice":"Fight","damage_taken":0,"max_hp_gain":0,"max_hp_loss":0,"event_name":"MindBloom","floor":38,"gold_loss":0},{"damage_healed":0,"gold_gain":0,"player_choice":"Ignored","damage_taken":0,"max_hp_gain":0,"max_hp_loss":0,"event_name":"Tomb of Lord Red Mask","floor":44,"gold_loss":0},{"cards_removed":["Gash"],"damage_healed":0,"gold_gain":0,"player_choice":"Removed Attack","damage_taken":0,"max_hp_gain":0,"max_hp_loss":0,"event_name":"Falling","floor":46,"gold_loss":0},{"damage_healed":24,"gold_gain":0,"player_choice":"Writhe","damage_taken":0,"max_hp_gain":0,"max_hp_loss":0,"event_name":"Winding Halls","floor":48,"gold_loss":0,"cards_obtained":["Writhe"]}],"is_beta":true,"boss_relics":[{"not_picked":["Calling Bell","Black Star"],"picked":"Velvet Choker"},{"not_picked":["Snecko Eye","Runic Dome"],"picked":"SlaversCollar"}],"items_purged_floors":[],"is_endless":false,"potions_floor_spawned":[1,5,10,11,16,22,33,35,36,40,42],"ascension_level":1}