{"gold_per_floor":[112,124,0,175,175,175,210,210,235,235,254,274,274,292,292,392,392,411,106,124,149,149,175,193,193,245,263,263,362,362,362,362,465,465,482,152,168,184,204,204,229,229,229,244,244,254,254,254,254,254],"floor_reached":51,"playtime":2542,"items_purged":["Strike_R","Doubt","Strike_R"],"score":795,"play_id":"773590ac-d78c-4150-b9f9-2689afc1ccfd","local_time":"20190905012950","is_ascension_mode":false,"campfire_choices":[{"data":"Bash","floor":6.0,"key":"SMITH"},{"data":"Inflame","floor":10.0,"key":"SMITH"},{"data":"Double Tap","floor":13.0,"key":"SMITH"},{"data":"Flex","floor":15.0,"key":"SMITH"},{"data":"Discovery","floor":25.0,"key":"SMITH"},{"data":"Inflame","floor":28.0,"key":"SMITH"},{"data":"Heavy Blade","floor":30.0,"key":"SMITH"},{"floor":32.0,"key":"REST"},{"data":"Limit Break","floor":40.0,"key":"SMITH"},{"floor":42.0,"key":"REST"},{"data":"Limit Break","floor":45.0,"key":"SMITH"},{"floor":47.0,"key":"REST"},{"data":"The Bomb","floor":49,"key":"SMITH"}],"neow_cost":"NONE","seed_source_timestamp":0,"circlet_count":0,"master_deck":["Strike_R","Strike_R","Defend_R","Defend_R","Defend_R","Bash+1","Twin Strike","Headbutt","Twin Strike","Inflame+1","Double Tap+1","Flex+1","Twin Strike+1","Heavy Blade+1","Discovery+1","Thunderclap","Armaments+1","Reckless Charge+1","Rage","Inflame+1","Body Slam+1","Limit Break+1","Reckless Charge","Sword Boomerang","Double Tap","Metallicize","Shockwave+1","Limit Break+1","Sword Boomerang+1","Sword Boomerang+1","The Bomb+1"],"special_seed":0,"relics":["Burning Blood","NeowsBlessing","Pear","Matryoshka","Self Forming Clay","Red Skull","Mark of Pain","Red Mask","Bottled Flame","Blood Vial","Dream Catcher","Empty Cage","Toolbox","Torii","Bottled Tornado"],"potions_floor_usage":[50,50,50],"damage_taken":[{"damage":0.0,"enemies":"Jaw Worm","floor":1.0,"turns":1.0},{"damage":0.0,"enemies":"Small Slimes","floor":2.0,"turns":1.0},{"damage":0.0,"enemies":"Gremlin Nob","floor":7.0,"turns":1.0},{"damage":1.0,"enemies":"Cultist","floor":11.0,"turns":3.0},{"damage":0.0,"enemies":"Looter","floor":12.0,"turns":4.0},{"damage":10.0,"enemies":"Large Slime","floor":14.0,"turns":4.0},{"damage":55.0,"enemies":"Hexaghost","floor":16.0,"turns":8.0},{"damage":10.0,"enemies":"Chosen","floor":18.0,"turns":3.0},{"damage":0.0,"enemies":"Spheric Guardian","floor":20.0,"turns":2.0},{"damage":0.0,"enemies":"Masked Bandits","floor":21.0,"turns":2.0},{"damage":0.0,"enemies":"Gremlin Leader","floor":23.0,"turns":6.0},{"damage":9.0,"enemies":"Snecko","floor":24.0,"turns":4.0},{"damage":13.0,"enemies":"3 Cultists","floor":27.0,"turns":5.0},{"damage":49.0,"enemies":"Champ","floor":33.0,"turns":11.0},{"damage":4.0,"enemies":"3 Shapes","floor":35.0,"turns":4.0},{"damage":25.0,"enemies":"3 Darklings","floor":37.0,"turns":6.0},{"damage":40.0,"enemies":"Writhing Mass","floor":38.0,"turns":5.0},{"damage":46.0,"enemies":"4 Shapes","floor":39.0,"turns":4.0},{"damage":9.0,"enemies":"Giant Head","floor":41.0,"turns":4.0},{"damage":7.0,"enemies":"3 Darklings","floor":44.0,"turns":4.0},{"damage":0.0,"enemies":"Sphere and 2 Shapes","floor":46.0,"turns":3.0},{"damage":66,"enemies":"Donu and Deca","floor":50,"turns":7}],"seed_played":"3665965376631910679","potions_obtained":[{"floor":11.0,"key":"Swift Potion"},{"floor":14.0,"key":"GamblersBrew"},{"floor":18.0,"key":"Block Potion"},{"floor":33.0,"key":"BloodPotion"},{"floor":37.0,"key":"SpeedPotion"},{"floor":38.0,"key":"PowerPotion"},{"floor":46.0,"key":"PowerPotion"}],"is_trial":false,"path_per_floor":["M","M","$","?","?","R","E","?","T","R","M","M","R","M","R","B",null,"M","$","M","?","?","E","M","R","T","M","R","?","R","?","R","B",null,"M","$","M","M","M","R","E","R","T","M","R","M","R","?","R","B",null],"character_chosen":"IRONCLAD","items_purchased":["Twin Strike","Heavy Blade","Discovery","Thunderclap","Toolbox"],"campfire_rested":3,"item_purchase_floors":[3,19,19,19,36],"current_hp_per_floor":[80,80,80,80,87,87,90,95,95,95,95,95,95,91,91,42,95,91,91,95,95,95,95,92,92,92,87,87,87,87,68,98,57,100,100,100,81,49,36,36,35,65,65,66,66,74,100,100,100,40],"gold":254,"neow_bonus":"THREE_ENEMY_KILL","is_prod":false,"is_daily":false,"chose_seed":false,"campfire_upgraded":10,"win_rate":0,"timestamp":1567668590,"path_taken":["M","M","$","?","?","R","E","?","T","R","?","M","R","M","R","BOSS","M","$","M","?","?","E","M","R","T","M","R","?","R","?","R","BOSS","M","$","M","M","M","R","E","R","T","M","R","M","R","?","R","BOSS"],"build_version":"2019-07-17","purchased_purges":3,"victory":true,"max_hp_per_floor":[80,80,80,80,90,90,90,95,95,95,95,95,95,95,95,95,95,95,95,95,95,95,95,95,95,95,95,95,95,95,100,100,100,100,100,100,100,100,100,100,100,100,100,100,100,100,100,100,100,100],"card_choices":[{"not_picked":["Perfected Strike","Carnage"],"picked":"Twin Strike","floor":1.0},{"not_picked":["Perfected Strike","Fire Breathing"],"picked":"Headbutt","floor":2.0},{"not_picked":["Perfected Strike","Heavy Blade"],"picked":"Inflame","floor":7.0},{"not_picked":["Evolve","Flex"],"picked":"Double Tap","floor":11.0},{"not_picked":["Havoc","Anger","Metallicize"],"picked":"SKIP","floor":12.0},{"not_picked":["Fire Breathing","Shockwave"],"picked":"Flex","floor":14.0},{"not_picked":["Dropkick","Armaments"],"picked":"Twin Strike+1","floor":18.0},{"not_picked":["Warcry","True Grit"],"picked":"Armaments+1","floor":20.0},{"not_picked":["Exhume","Carnage"],"picked":"Reckless Charge+1","floor":23.0},{"not_picked":["Reckless Charge","Rampage"],"picked":"Rage","floor":24.0},{"not_picked":["Iron Wave","Armaments"],"picked":"Inflame","floor":27.0},{"not_picked":["Wild Strike","Shrug It Off"],"picked":"Body Slam+1","floor":32.0},{"not_picked":["Demon Form","Feed"],"picked":"Limit Break","floor":33.0},{"not_picked":["Warcry","Reckless Charge","Cleave"],"picked":"SKIP","floor":35.0},{"not_picked":["Warcry","Cleave"],"picked":"Reckless Charge","floor":35.0},{"not_picked":["Flame Barrier","Anger+1"],"picked":"Sword Boomerang","floor":37.0},{"not_picked":["Headbutt+1","Thunderclap"],"picked":"Double Tap","floor":38.0},{"not_picked":["Sword Boomerang+1","Iron Wave","Corruption"],"picked":"SKIP","floor":39.0},{"not_picked":["Cleave+1","Clash"],"picked":"Metallicize","floor":41.0},{"not_picked":["Sword Boomerang+1","Thunderclap"],"picked":"Shockwave+1","floor":42.0},{"not_picked":["Carnage","Headbutt+1"],"picked":"Limit Break","floor":44.0},{"not_picked":["True Grit","Carnage"],"picked":"Sword Boomerang+1","floor":46.0},{"not_picked":["Shrug It Off","Shockwave"],"picked":"Sword Boomerang+1","floor":47.0},{"not_picked":["Transmutation","Metamorphosis"],"picked":"The Bomb","floor":48}],"player_experience":1712849,"relics_obtained":[{"floor":7.0,"key":"Matryoshka"},{"floor":9.0,"key":"Self Forming Clay"},{"floor":9.0,"key":"Red Skull"},{"floor":21.0,"key":"Red Mask"},{"floor":23.0,"key":"Bottled Flame"},{"floor":26.0,"key":"Blood Vial"},{"floor":26.0,"key":"Dream Catcher"},{"floor":41.0,"key":"Torii"},{"floor":43.0,"key":"Bottled Tornado"}],"event_choices":[{"damage_healed":0.0,"max_hp_gain":0.0,"max_hp_loss":0.0,"gold_gain":175.0,"event_name":"Liars Game","player_choice":"AGREE","floor":4.0,"gold_loss":0.0,"damage_taken":0.0,"cards_obtained":["Doubt"]},{"damage_healed":0.0,"max_hp_gain":0.0,"max_hp_loss":0.0,"gold_gain":0.0,"event_name":"Scrap Ooze","player_choice":"Success","floor":5.0,"gold_loss":0.0,"damage_taken":3.0,"relics_obtained":["Pear"]},{"damage_healed":0.0,"max_hp_gain":5.0,"max_hp_loss":0.0,"gold_gain":0.0,"event_name":"Big Fish","player_choice":"Donut","floor":8.0,"gold_loss":0.0,"damage_taken":0.0},{"damage_healed":0.0,"max_hp_gain":0.0,"max_hp_loss":0.0,"gold_gain":0.0,"event_name":"Masked Bandits","player_choice":"Fought Bandits","floor":21.0,"gold_loss":0.0,"damage_taken":0.0},{"damage_healed":0.0,"max_hp_gain":0.0,"max_hp_loss":0.0,"gold_gain":0.0,"event_name":"Vampires","player_choice":"Ignored","floor":22.0,"gold_loss":0.0,"damage_taken":0.0},{"damage_healed":0.0,"max_hp_gain":0.0,"max_hp_loss":0.0,"gold_gain":99.0,"event_name":"Nest","player_choice":"Stole From Cult","floor":29.0,"gold_loss":0.0,"damage_taken":0.0},{"damage_healed":0.0,"max_hp_gain":5.0,"max_hp_loss":0.0,"gold_gain":0.0,"event_name":"Forgotten Altar","player_choice":"Shed Blood","floor":31.0,"gold_loss":0.0,"damage_taken":24.0},{"damage_healed":0,"gold_gain":0,"player_choice":"Memory 1","damage_taken":0,"max_hp_gain":0,"max_hp_loss":0,"event_name":"SensoryStone","floor":48,"gold_loss":0}],"is_beta":false,"boss_relics":[{"not_picked":["Pandora\u0027s Box","Lizard Tail"],"picked":"Mark of Pain"},{"not_picked":["White Beast Statue","Tiny House"],"picked":"Empty Cage"}],"items_purged_floors":[3,19,36],"is_endless":false,"potions_floor_spawned":[11,14,18,20,33,37,38,46],"ascension_level":0}