{"gold_per_floor":[118,135,145,145,145,145,176,191,221,101,101,128,128,155,155,232,232,244,260,277,177,208,239,250,250,250,250,277,277,295,320,320,396,396,410,410,429,439,454,454,481,481,481,496,514,533,568,582,582,582,582,582,582,143,171,171],"floor_reached":57,"playtime":4428,"items_purged":["Strike_R","Strike_R","Strike_R"],"score":2838,"play_id":"468ac0d9-49a4-4742-abe4-c6117cdbeca4","local_time":"20190505072519","is_ascension_mode":true,"campfire_choices":[{"floor":6.0,"key":"REST"},{"data":"Bash","floor":13.0,"key":"SMITH"},{"data":"Spot Weakness","floor":15.0,"key":"SMITH"},{"floor":25,"key":"REST"},{"floor":27,"key":"REST"},{"floor":32,"key":"REST"},{"floor":40,"key":"REST"},{"floor":42,"key":"DIG"},{"floor":49,"key":"RECALL"},{"floor":53,"key":"DIG"}],"neow_cost":"NONE","seed_source_timestamp":693437523767784,"circlet_count":0,"master_deck":["AscendersBane","Strike_R","Defend_R","Defend_R","Defend_R+1","Defend_R","Bash+1","Spot Weakness+1","Carnage","Headbutt","Corruption","Heavy Blade","Feel No Pain","Pummel","Immolate","Battle Trance","True Grit+1","Heavy Blade+1","Shrug It Off","Offering","Demon Form","Thunderclap","Feed","Disarm","Impervious","Shrug It Off","Exhume","Feel No Pain","Sword Boomerang"],"special_seed":0,"relics":["Burning Blood","Blood Vial","Orichalcum","Mercury Hourglass","Tiny Chest","Paper Frog","Oddly Smooth Stone","Fusion Hammer","Red Mask","Thread and Needle","Bottled Tornado","Singing Bowl","Centennial Puzzle","Snecko Eye","Shovel","Art of War","Sundial","Mummified Hand","War Paint","Boot"],"potions_floor_usage":[41,50,51,55,56],"damage_taken":[{"damage":6.0,"enemies":"2 Louse","floor":1.0,"turns":4.0},{"damage":14.0,"enemies":"Jaw Worm","floor":2.0,"turns":4.0},{"damage":1.0,"enemies":"Cultist","floor":3.0,"turns":3.0},{"damage":24.0,"enemies":"Lagavulin","floor":7.0,"turns":6.0},{"damage":7.0,"enemies":"Red Slaver","floor":8.0,"turns":3.0},{"damage":5.0,"enemies":"Gremlin Nob","floor":12.0,"turns":3.0},{"damage":8.0,"enemies":"3 Sentries","floor":14.0,"turns":4.0},{"damage":19.0,"enemies":"The Guardian","floor":16.0,"turns":9.0},{"damage":23.0,"enemies":"Shell Parasite","floor":18.0,"turns":4.0},{"damage":12.0,"enemies":"3 Byrds","floor":19.0,"turns":4.0},{"damage":6.0,"enemies":"Cultist and Chosen","floor":20.0,"turns":5.0},{"damage":28.0,"enemies":"Masked Bandits","floor":22.0,"turns":4.0},{"damage":30.0,"enemies":"Slavers","floor":23.0,"turns":4.0},{"damage":2,"enemies":"Chosen and Byrds","floor":24,"turns":3},{"damage":0,"enemies":"Gremlin Leader","floor":28,"turns":6},{"damage":6,"enemies":"Snake Plant","floor":30,"turns":3},{"damage":29,"enemies":"Slavers","floor":31,"turns":5},{"damage":31,"enemies":"Collector","floor":33,"turns":5},{"damage":9,"enemies":"Orb Walker","floor":35,"turns":3},{"damage":6,"enemies":"3 Darklings","floor":37,"turns":3},{"damage":5,"enemies":"Transient","floor":38,"turns":6},{"damage":22,"enemies":"Spire Growth","floor":39,"turns":5},{"damage":12,"enemies":"Giant Head","floor":41,"turns":5},{"damage":11,"enemies":"Jaw Worm Horde","floor":44,"turns":4},{"damage":0,"enemies":"Sphere and 2 Shapes","floor":45,"turns":6},{"damage":5,"enemies":"4 Shapes","floor":46,"turns":2},{"damage":35,"enemies":"Nemesis","floor":47,"turns":7},{"damage":6,"enemies":"Maw","floor":48,"turns":8},{"damage":24,"enemies":"Awakened One","floor":50,"turns":9},{"damage":36,"enemies":"Donu and Deca","floor":51,"turns":8},{"damage":27,"enemies":"Shield and Spear","floor":55,"turns":6},{"damage":68,"enemies":"The Heart","floor":56,"turns":8}],"seed_played":"2774565289068304357","potions_obtained":[{"floor":1.0,"key":"Poison Potion"},{"floor":2.0,"key":"GamblersBrew"},{"floor":5.0,"key":"Fire Potion"},{"floor":5.0,"key":"Fire Potion"},{"floor":12.0,"key":"Fire Potion"},{"floor":23.0,"key":"SteroidPotion"},{"floor":24,"key":"LiquidBronze"},{"floor":33,"key":"Weak Potion"},{"floor":41,"key":"GamblersBrew"},{"floor":44,"key":"PowerPotion"}],"is_trial":false,"path_per_floor":["M","M","M","?","?","R","E","M","T","$","?","E","R","E","R","B",null,"M","M","M","$","?","E","M","R","T","R","E","?","M","E","R","B",null,"M","?","M","M","M","R","E","R","T","M","M","M","E","M","R","B","B",null,"R","$","E","B",null],"character_chosen":"IRONCLAD","items_purchased":["Feel No Pain","Feel No Pain","War Paint","FearPotion","Weak Potion"],"campfire_rested":5,"item_purchase_floors":[10,54,54,54,54],"current_hp_per_floor":[70,64,71,45,45,67,51,52,52,52,45,48,48,48,48,37,66,51,47,49,49,29,7,13,35,35,57,67,63,65,44,67,44,69,73,73,80,83,74,92,89,89,89,89,102,106,82,89,89,76,51,104,104,104,88,28],"gold":171,"neow_bonus":"RANDOM_COMMON_RELIC","is_prod":false,"is_daily":false,"chose_seed":false,"campfire_upgraded":2,"win_rate":0,"timestamp":1557055519,"path_taken":["M","M","M","?","?","R","E","?","T","?","?","E","R","E","R","BOSS","M","M","M","$","?","E","M","R","T","R","E","?","?","E","R","BOSS","M","?","?","M","M","R","E","R","T","M","M","M","E","M","R","BOSS","BOSS","R","$","E","BOSS"],"build_version":"2019-01-23","purchased_purges":3,"victory":true,"max_hp_per_floor":[75,75,75,75,75,75,75,75,75,75,75,75,75,75,75,75,75,75,75,75,75,75,75,75,75,75,75,77,77,77,77,77,77,77,82,82,87,87,92,92,95,95,95,98,103,106,111,116,116,119,122,122,122,122,125,125],"card_choices":[{"not_picked":["Thunderclap","Cleave"],"picked":"Spot Weakness","floor":1.0},{"not_picked":["Twin Strike","Entrench"],"picked":"Carnage","floor":2.0},{"not_picked":["Rage","Sever Soul"],"picked":"Headbutt","floor":3.0},{"not_picked":["Reckless Charge","Havoc"],"picked":"Corruption","floor":7.0},{"not_picked":["Thunderclap","Dropkick"],"picked":"Heavy Blade","floor":8.0},{"not_picked":["Havoc","Spot Weakness"],"picked":"Pummel","floor":12.0},{"not_picked":["Heavy Blade","Second Wind","Dual Wield"],"picked":"SKIP","floor":14.0},{"not_picked":["Bludgeon","Berserk"],"picked":"Immolate","floor":16.0},{"not_picked":["Perfected Strike","Armaments"],"picked":"Battle Trance","floor":18.0},{"not_picked":["Searing Blow","Anger"],"picked":"True Grit","floor":19.0},{"not_picked":["Combust","Second Wind"],"picked":"Heavy Blade+1","floor":20.0},{"not_picked":["Thunderclap","Heavy Blade"],"picked":"Shrug It Off","floor":22.0},{"not_picked":["Immolate","Clash"],"picked":"Offering","floor":23.0},{"not_picked":["Flex","Iron Wave","Intimidate"],"picked":"SKIP","floor":24},{"not_picked":["Infernal Blade","Heavy Blade","Burning Pact"],"picked":"Singing Bowl","floor":28},{"not_picked":["Inflame","Sword Boomerang"],"picked":"Demon Form","floor":30},{"not_picked":["Pommel Strike","Havoc"],"picked":"Thunderclap","floor":31},{"not_picked":["Barricade","Impervious"],"picked":"Feed","floor":33},{"not_picked":["Iron Wave","Perfected Strike","Warcry"],"picked":"Singing Bowl","floor":35},{"not_picked":["Twin Strike","Wild Strike","Warcry"],"picked":"Singing Bowl","floor":37},{"not_picked":["Clash","Clothesline"],"picked":"Disarm","floor":38},{"not_picked":["Uppercut","Headbutt+1","Carnage"],"picked":"Singing Bowl","floor":39},{"not_picked":["Armaments","Rage+1"],"picked":"Impervious","floor":41},{"not_picked":["Power Through+1","Flex+1"],"picked":"Shrug It Off","floor":44},{"not_picked":["True Grit","Cleave+1","Rupture"],"picked":"Singing Bowl","floor":45},{"not_picked":["Perfected Strike","Uppercut"],"picked":"Exhume","floor":46},{"not_picked":["Twin Strike","Thunderclap+1","Iron Wave"],"picked":"Singing Bowl","floor":47},{"not_picked":["Burning Pact","Flex+1","Hemokinesis"],"picked":"Singing Bowl","floor":48},{"not_picked":["Searing Blow+1","Dual Wield"],"picked":"Sword Boomerang","floor":55}],"player_experience":873684,"relics_obtained":[{"floor":7.0,"key":"Mercury Hourglass"},{"floor":9.0,"key":"Tiny Chest"},{"floor":12.0,"key":"Paper Frog"},{"floor":14.0,"key":"Oddly Smooth Stone"},{"floor":22.0,"key":"Red Mask"},{"floor":23.0,"key":"Thread and Needle"},{"floor":26,"key":"Bottled Tornado"},{"floor":28,"key":"Singing Bowl"},{"floor":31,"key":"Centennial Puzzle"},{"floor":41,"key":"Shovel"},{"floor":42,"key":"Art of War"},{"floor":47,"key":"Sundial"},{"floor":53,"key":"Mummified Hand"},{"floor":55,"key":"Boot"}],"event_choices":[{"damage_healed":0.0,"max_hp_gain":0.0,"max_hp_loss":0.0,"gold_gain":0.0,"event_name":"Scrap Ooze","player_choice":"Success","floor":4.0,"gold_loss":0.0,"damage_taken":26.0,"relics_obtained":["Orichalcum"]},{"damage_healed":0.0,"max_hp_gain":0.0,"max_hp_loss":0.0,"gold_gain":0.0,"event_name":"Lab","player_choice":"Got Potions","floor":5.0,"gold_loss":0.0,"damage_taken":0.0},{"cards_removed":["Strike_R"],"damage_healed":0.0,"max_hp_gain":0.0,"max_hp_loss":0.0,"gold_gain":0.0,"event_name":"Golden Wing","player_choice":"Card Removal","floor":11.0,"gold_loss":0.0,"damage_taken":7.0},{"damage_healed":0.0,"max_hp_gain":0.0,"max_hp_loss":0.0,"gold_gain":0.0,"event_name":"Masked Bandits","player_choice":"Fought Bandits","floor":22.0,"gold_loss":0.0,"damage_taken":0.0},{"damage_healed":0,"gold_gain":0,"player_choice":"Bought 0 Potions","damage_taken":0,"max_hp_gain":0,"max_hp_loss":0,"event_name":"The Woman in Blue","floor":29,"gold_loss":0},{"damage_healed":0,"gold_gain":0,"player_choice":"Ignored","damage_taken":0,"max_hp_gain":0,"max_hp_loss":0,"event_name":"SecretPortal","floor":36,"gold_loss":0}],"is_beta":false,"boss_relics":[{"not_picked":["Calling Bell","White Beast Statue"],"picked":"Fusion Hammer"},{"not_picked":["Busted Crown","Runic Dome"],"picked":"Snecko Eye"}],"items_purged_floors":[10,21,54],"is_endless":false,"potions_floor_spawned":[1,2,12,23,24,28,33,35,41,44,45],"ascension_level":20}