{"gold_per_floor":[113,129,129,129,152,152,193,193,245,245,205,229,242,257,257,257],"floor_reached":16,"playtime":623,"items_purged":[],"score":163,"play_id":"28e7a9ab-c41e-4428-8eaa-f71e90dc7cd1","local_time":"20190317133315","is_ascension_mode":true,"campfire_choices":[{"data":"Rampage","floor":6,"key":"SMITH"},{"floor":8,"key":"REST"},{"data":"Dual Wield","floor":10,"key":"SMITH"},{"floor":15,"key":"REST"}],"neow_cost":"NONE","seed_source_timestamp":241588044485400,"circlet_count":0,"master_deck":["AscendersBane","Strike_R","Strike_R","Strike_R","Strike_R","Defend_R","Defend_R","Defend_R","Defend_R","Bash","Rampage+1","Clash","Armaments","Dual Wield+1","Uppercut","Rage","Clothesline"],"relics":["Burning Blood","NeowsBlessing","Golden Idol","Smiling Mask","Art of War"],"potions_floor_usage":[7,12,13],"damage_taken":[{"damage":0,"enemies":"Small Slimes","floor":1,"turns":2},{"damage":0,"enemies":"Jaw Worm","floor":2,"turns":1},{"damage":0,"enemies":"Cultist","floor":5,"turns":1},{"damage":42,"enemies":"Gremlin Nob","floor":7,"turns":5},{"damage":30,"enemies":"Exordium Thugs","floor":12,"turns":5},{"damage":0,"enemies":"Large Slime","floor":13,"turns":4},{"damage":17,"enemies":"Blue Slaver","floor":14,"turns":4},{"damage":54,"enemies":"Slime Boss","floor":16,"turns":6}],"seed_played":"-4809953262679134539","potions_obtained":[{"floor":1,"key":"PowerPotion"},{"floor":7,"key":"Poison Potion"},{"floor":11,"key":"EssenceOfSteel"}],"is_trial":false,"path_per_floor":["M","M","?","?","M","R","E","R","T","R","?","M","M","M","R","B"],"character_chosen":"IRONCLAD","items_purchased":[],"campfire_rested":2,"item_purchase_floors":[],"current_hp_per_floor":[78,80,80,60,66,66,30,54,54,54,54,30,36,25,49,0],"gold":257,"neow_bonus":"THREE_ENEMY_KILL","is_prod":false,"is_daily":false,"chose_seed":false,"campfire_upgraded":2,"win_rate":0,"timestamp":1552825995,"path_taken":["M","M","?","?","M","R","E","R","T","R","?","M","?","M","R","BOSS"],"build_version":"2019-01-23","purchased_purges":0,"victory":false,"max_hp_per_floor":[80,80,80,80,80,80,80,80,80,80,80,80,80,80,80,80],"card_choices":[{"not_picked":["Power Through","Clothesline"],"picked":"Rampage","floor":1},{"not_picked":["Shrug It Off","Twin Strike"],"picked":"Clash","floor":2},{"not_picked":["Hemokinesis","Perfected Strike"],"picked":"Armaments","floor":5},{"not_picked":["Seeing Red","Disarm"],"picked":"Dual Wield","floor":7},{"not_picked":["Reckless Charge","Wild Strike"],"picked":"Uppercut","floor":12},{"not_picked":["Twin Strike","Pummel"],"picked":"Rage","floor":13},{"not_picked":["Heavy Blade","Fire Breathing"],"picked":"Clothesline","floor":14}],"player_experience":1529346,"relics_obtained":[{"floor":7,"key":"Smiling Mask"},{"floor":9,"key":"Art of War"}],"event_choices":[{"cards_removed":["Strike_R"],"damage_healed":0,"gold_gain":0,"player_choice":"Forget","damage_taken":0,"max_hp_gain":0,"max_hp_loss":0,"event_name":"Living Wall","floor":3,"gold_loss":0},{"damage_healed":0,"gold_gain":0,"player_choice":"Take Damage","damage_taken":20,"relics_obtained":["Golden Idol"],"max_hp_gain":0,"max_hp_loss":0,"event_name":"Golden Idol","floor":4,"gold_loss":0},{"damage_healed":0,"gold_gain":0,"player_choice":"Bought 3 Potions","damage_taken":0,"max_hp_gain":0,"max_hp_loss":0,"event_name":"The Woman in Blue","floor":11,"gold_loss":0}],"is_beta":false,"boss_relics":[],"items_purged_floors":[],"is_endless":false,"potions_floor_spawned":[1,7],"killed_by":"Slime Boss","ascension_level":12}