{"gold_per_floor":[11,11,11,24,39,39,67,67,67,83,110,110],"floor_reached":12,"playtime":430,"items_purged":[],"score":101,"play_id":"20513d32-2540-444a-b453-d39c9bab96d1","local_time":"20181006233642","is_ascension_mode":true,"campfire_choices":[{"data":"Static Discharge","floor":6,"key":"SMITH"},{"floor":8,"key":"REST"}],"neow_cost":"NO_GOLD","seed_source_timestamp":36027463072100,"circlet_count":0,"master_deck":["Strike_B","Strike_B","Strike_B","Defend_B","Defend_B","Defend_B","Defend_B","Zap","Dualcast","Redo","Steam","Static Discharge+1","Chaos","Force Field","Multi-Cast","Melter"],"relics":["Cracked Core","Ginger","Ice Cream","Meat on the Bone"],"potions_floor_usage":[7],"damage_taken":[{"damage":8,"enemies":"2 Louse","floor":1,"turns":3},{"damage":4,"enemies":"Jaw Worm","floor":4,"turns":3},{"damage":3,"enemies":"Small Slimes","floor":5,"turns":3},{"damage":24,"enemies":"Lagavulin","floor":7,"turns":4},{"damage":24,"enemies":"Exordium Thugs","floor":10,"turns":5},{"damage":45,"enemies":"Gremlin Nob","floor":11,"turns":4},{"damage":8,"enemies":"Blue Slaver","floor":12,"turns":1}],"seed_played":"4700463641764283437","potions_obtained":[{"floor":4,"key":"FocusPotion"},{"floor":7,"key":"LiquidBronze"},{"floor":10,"key":"Weak Potion"}],"is_trial":false,"path_per_floor":["M","?","$","M","M","R","E","R","T","M","E"],"character_chosen":"DEFECT","items_purchased":[],"campfire_rested":1,"item_purchase_floors":[],"current_hp_per_floor":[81,81,81,77,74,74,50,76,76,52,7,0],"gold":110,"neow_bonus":"TWENTY_PERCENT_HP_BONUS","is_prod":false,"is_daily":false,"chose_seed":false,"campfire_upgraded":1,"win_rate":0,"timestamp":1538861802,"path_taken":["M","?","?","M","M","R","E","R","T","?","E","?"],"build_version":"2018-10-04v2","purchased_purges":0,"victory":false,"max_hp_per_floor":[89,89,89,89,89,89,89,89,89,89,89,89],"card_choices":[{"not_picked":["Hologram","Turbo"],"picked":"Redo","floor":1},{"not_picked":["Leap","Hologram"],"picked":"Static Discharge","floor":4},{"not_picked":["Beam Cell","Go for the Eyes"],"picked":"Chaos","floor":5},{"not_picked":["Hello World","Rebound"],"picked":"Force Field","floor":7},{"not_picked":["Lockon","Steam"],"picked":"Multi-Cast","floor":10},{"not_picked":["Skim","BootSequence"],"picked":"Melter","floor":11}],"player_experience":571922,"relics_obtained":[{"floor":7,"key":"Ginger"},{"floor":9,"key":"Ice Cream"},{"floor":11,"key":"Meat on the Bone"}],"event_choices":[{"event_name":"Living Wall","player_choice":"Change","floor":2,"damage_taken":0}],"is_beta":false,"boss_relics":[],"items_purged_floors":[],"is_endless":false,"potions_floor_spawned":[4,7,10],"killed_by":"Blue Slaver","ascension_level":3}