{"path_per_floor":["M","?","$","?","?","E","R","M","T","R","?","R","E","M","R","B",null,"M","$","M","?","M","R","M","M","T","M","M","R","?","$","R","B",null,"M","?","?","$","M","R","E","$","T","M","?","R","$","?","R"],"character_chosen":"THE_SILENT","items_purchased":["Apotheosis","Backflip","Paper Crane","Ice Cream"],"gold_per_floor":[112,362,287,362,362,397,397,412,412,412,412,412,444,455,455,558,558,577,216,227,227,241,241,257,272,298,310,321,321,321,74,74,173,173,191,191,191,191,202,202,235,235,291,311,311,311,11,11,11,11],"floor_reached":50,"campfire_rested":9,"playtime":2454,"current_hp_per_floor":[77,77,77,66,51,14,37,37,37,60,60,60,36,36,59,27,77,69,69,50,50,33,56,56,50,50,50,10,33,33,33,56,33,77,25,25,25,25,25,48,40,40,40,17,17,40,40,59,77,0],"items_purged":["Regret","Strike_G"],"gold":11,"score":571,"play_id":"cc03de7d-8c4e-4c4c-bbba-af617f31b84f","local_time":"20180409203125","is_prod":false,"is_daily":false,"is_ascension_mode":true,"campfire_upgraded":1,"timestamp":1523331085,"path_taken":["M","?","$","?","?","E","R","?","T","R","?","R","E","M","R","BOSS","M","$","M","?","M","R","?","M","T","M","M","R","?","$","R","BOSS","M","?","?","$","M","R","E","$","T","M","?","R","$","?","R","BOSS"],"build_version":"2018-04-05v2","purchased_purges":3,"victory":false,"master_deck":["Defend_G+1","Defend_G+1","Defend_G+1","Defend_G+1","Defend_G+1","Strike_G+1","Survivor","Neutralize+1","Escape Plan","Finisher+1","Dagger Throw","Flying Knee","Terror","Glass Knife+1","Well Laid Plans+1","Grand Finale+1","Tools of the Trade+1","Dagger Spray","Apotheosis","Backflip","Backflip+1","Slice+1","Footwork+1","Blade Dance+1","Burst","Concentrate+1","PiercingWail","Dagger Spray+1","Flash of Steel"],"max_hp_per_floor":[77,77,77,77,77,77,77,77,77,77,77,77,77,77,77,77,77,77,77,77,77,77,77,77,77,77,77,77,77,77,77,77,77,77,77,77,77,77,77,77,77,77,77,77,77,77,77,77,77,77],"relics":["Ring of the Snake","Strawberry","Oddly Smooth Stone","Tingsha","Bag of Marbles","Astrolabe","Art of War","Paper Crane","Velvet Choker","Omamori","Tiny Chest","Ice Cream"],"card_choices":[{"not_picked":["Masterful Stab","Expertise"],"picked":"Escape Plan","floor":1.0},{"not_picked":["Prepared","Poisoned Stab"],"picked":"Finisher","floor":6.0},{"not_picked":["Quick Slash","Bullet Time"],"picked":"Dagger Throw","floor":8.0},{"not_picked":["Bullet Time","Blade Dance"],"picked":"Flying Knee","floor":13.0},{"not_picked":["Riddle With Holes","PiercingWail"],"picked":"Terror","floor":14.0},{"not_picked":["Storm of Steel","Night Terror"],"picked":"Glass Knife","floor":16.0},{"not_picked":["Flechettes","Slice"],"picked":"Dagger Spray","floor":18.0},{"not_picked":["Slice","Concentrate"],"picked":"Backflip","floor":20.0},{"not_picked":["Deadly Poison","Quick Slash"],"picked":"Slice","floor":22.0},{"not_picked":["Dagger Spray","Flying Knee"],"picked":"Footwork","floor":24.0},{"not_picked":["Distraction","Sucker Punch"],"picked":"Blade Dance","floor":27.0},{"not_picked":["Night Terror","Envenom"],"picked":"Burst","floor":33.0},{"not_picked":["Dodge and Roll","Quick Slash"],"picked":"Concentrate","floor":35.0},{"not_picked":["Well Laid Plans","Blade Dance"],"picked":"PiercingWail","floor":39.0},{"not_picked":["Dagger Throw","Acrobatics"],"picked":"Dagger Spray","floor":44},{"not_picked":["Apotheosis","Mind Blast"],"picked":"Flash of Steel","floor":45}],"player_experience":211639,"potions_floor_usage":[44,50,50],"damage_taken":[{"damage":0.0,"enemies":"2 Louse","floor":1.0,"turns":2.0},{"damage":37.0,"enemies":"3 Sentries","floor":6.0,"turns":12.0},{"damage":0.0,"enemies":"Cultist","floor":8.0,"turns":3.0},{"damage":24.0,"enemies":"Gremlin Nob","floor":13.0,"turns":4.0},{"damage":0.0,"enemies":"Small Slimes","floor":14.0,"turns":1.0},{"damage":32.0,"enemies":"The Guardian","floor":16.0,"turns":10.0},{"damage":8.0,"enemies":"Shell Parasite","floor":18.0,"turns":4.0},{"damage":19.0,"enemies":"2 Thieves","floor":20.0,"turns":3.0},{"damage":17.0,"enemies":"Sentry and Sphere","floor":22.0,"turns":6.0},{"damage":0.0,"enemies":"Cultist and Chosen","floor":24.0,"turns":4.0},{"damage":6.0,"enemies":"Snake Plant","floor":25.0,"turns":4.0},{"damage":0.0,"enemies":"Centurion and Healer","floor":27.0,"turns":6.0},{"damage":40.0,"enemies":"Cultist and Chosen","floor":28.0,"turns":9.0},{"damage":23.0,"enemies":"Automaton","floor":33.0,"turns":7.0},{"damage":52.0,"enemies":"3 Darklings","floor":35.0,"turns":4.0},{"damage":0.0,"enemies":"Orb Walker","floor":39.0,"turns":3.0},{"damage":23.0,"enemies":"2 Orb Walkers","floor":41.0,"turns":7.0},{"damage":32,"enemies":"Sphere and 2 Shapes","floor":44,"turns":6},{"damage":81,"enemies":"Time Eater","floor":50,"turns":11}],"event_choices":[{"event_name":"Golden Shrine","player_choice":"Desecrate","floor":2.0,"damage_taken":0.0},{"event_name":"World of Goop","player_choice":"Gather Gold","floor":4.0,"damage_taken":0.0},{"event_name":"Shining Light","player_choice":"Entered Light","floor":5.0,"damage_taken":0.0},{"event_name":"Golden Wing","player_choice":"Ignored","floor":11.0,"damage_taken":0.0},{"event_name":"Upgrade Shrine","player_choice":"Upgraded","floor":21.0,"damage_taken":0.0},{"event_name":"Back to Basics","player_choice":"Simplicity","floor":30.0,"damage_taken":0.0},{"event_name":"The Moai Head","player_choice":"Ignored","floor":36.0,"damage_taken":0.0},{"event_name":"Mysterious Sphere","player_choice":"Ignore","floor":37.0,"damage_taken":0.0},{"event_name":"SensoryStone","player_choice":"Memory 1","floor":45,"damage_taken":0},{"event_name":"Winding Halls","player_choice":"Writhe","floor":48,"damage_taken":0}],"boss_relics":[],"potions_floor_spawned":[1,6,16,22,27,33,35,41],"seed_played":"4465946304966644268","killed_by":"Time Eater","ascension_level":4,"is_trial":false}