{"gold_per_floor":[118,118,118,138,155,155,170,235,235,27,27,27,55,68,68,171,171,187,147,159,169,179,208,208,208,208,208,7,7,7,19,19,19],"floor_reached":33,"playtime":1469,"items_purged":[],"score":489,"play_id":"b1de0301-bd79-4d05-9315-e44a1305426a","local_time":"20190504154106","is_ascension_mode":true,"campfire_choices":[{"data":"Storm","floor":6,"key":"SMITH"},{"data":"Capacitor","floor":15,"key":"SMITH"},{"floor":24,"key":"REST"},{"floor":29,"key":"REST"},{"data":"Melter","floor":32,"key":"SMITH"}],"neow_cost":"NONE","seed_source_timestamp":67454597014000,"circlet_count":0,"master_deck":["AscendersBane","Strike_B+1","Defend_B+1","Defend_B","Defend_B","Zap","Dualcast","Biased Cognition","Melter+1","Storm+1","White Noise","Capacitor+1","Electrodynamics","Tempest+1","Electrodynamics","All For One"],"relics":["FrozenCore","FossilizedHelix","Dead Branch","Lee\u0027s Waffle","Shuriken","Du-Vu Doll","Pear","Membership Card"],"potions_floor_usage":[16,16,21,23,23,33],"damage_taken":[{"damage":0,"enemies":"2 Louse","floor":1,"turns":2},{"damage":6,"enemies":"Cultist","floor":4,"turns":3},{"damage":2,"enemies":"Jaw Worm","floor":5,"turns":3},{"damage":8,"enemies":"Blue Slaver","floor":7,"turns":2},{"damage":20,"enemies":"Gremlin Nob","floor":8,"turns":4},{"damage":0,"enemies":"Gremlin Nob","floor":13,"turns":3},{"damage":0,"enemies":"Exordium Wildlife","floor":14,"turns":2},{"damage":30,"enemies":"The Guardian","floor":16,"turns":6},{"damage":16,"enemies":"2 Thieves","floor":18,"turns":3},{"damage":0,"enemies":"Chosen","floor":20,"turns":5},{"damage":0,"enemies":"3 Cultists","floor":21,"turns":2},{"damage":0,"enemies":"Cultist and Chosen","floor":22,"turns":3},{"damage":21,"enemies":"Slavers","floor":23,"turns":2},{"damage":4,"enemies":"Centurion and Healer","floor":31,"turns":4},{"damage":99,"enemies":"Champ","floor":33,"turns":12}],"seed_played":"-4633682833233836951","potions_obtained":[{"floor":1,"key":"LiquidBronze"},{"floor":5,"key":"Dexterity Potion"},{"floor":16,"key":"Ancient Potion"},{"floor":20,"key":"Explosive Potion"},{"floor":21,"key":"Weak Potion"},{"floor":23,"key":"Strength Potion"}],"is_trial":false,"path_per_floor":["M","?","$","M","M","R","M","?","T","$","?","$","E","M","R","B",null,"M","?","M","M","M","E","R","?","T","?","$","R","?","M","R","B"],"character_chosen":"DEFECT","items_purchased":["Lee\u0027s Waffle","Membership Card"],"campfire_rested":2,"item_purchase_floors":[10,28],"current_hp_per_floor":[68,68,68,62,60,60,52,32,32,82,82,82,82,82,82,52,75,59,59,59,59,59,38,62,62,72,72,72,92,92,88,88,0],"gold":19,"neow_bonus":"ONE_RANDOM_RARE_CARD","is_prod":false,"is_daily":false,"chose_seed":false,"campfire_upgraded":3,"win_rate":0,"timestamp":1556977266,"path_taken":["M","?","$","?","M","R","M","?","T","$","?","?","E","M","R","BOSS","M","?","?","M","?","E","R","?","T","?","$","R","?","M","R","BOSS"],"build_version":"2019-01-23","purchased_purges":0,"victory":false,"max_hp_per_floor":[75,75,75,75,75,75,75,75,75,82,82,82,82,82,82,82,82,82,82,82,82,82,82,82,82,92,92,92,92,92,92,92,92],"card_choices":[{"not_picked":["Sweeping Beam","Rebound"],"picked":"Melter","floor":1},{"not_picked":["BootSequence","Beam Cell"],"picked":"Storm","floor":4},{"not_picked":["Compile Driver","Steam","Barrage"],"picked":"SKIP","floor":5},{"not_picked":["Hologram","Compile Driver"],"picked":"White Noise","floor":7},{"not_picked":["All For One","Conserve Battery","Compile Driver"],"picked":"SKIP","floor":13},{"not_picked":["Turbo","Heatsinks"],"picked":"Capacitor","floor":14},{"not_picked":["Buffer","Fission"],"picked":"Electrodynamics","floor":16},{"not_picked":["BootSequence","Coolheaded","Ball Lightning+1"],"picked":"SKIP","floor":18},{"not_picked":["Rebound","Darkness","Turbo"],"picked":"SKIP","floor":20},{"not_picked":["Streamline+1","Rebound"],"picked":"Tempest+1","floor":21},{"not_picked":["Compile Driver","Stack","Reprogram"],"picked":"SKIP","floor":22},{"not_picked":["Leap","Steam","Hello World"],"picked":"SKIP","floor":23},{"not_picked":["Redo","Beam Cell","Streamline"],"picked":"SKIP","floor":31}],"player_experience":1798507,"relics_obtained":[{"floor":8,"key":"FossilizedHelix"},{"floor":9,"key":"Dead Branch"},{"floor":13,"key":"Shuriken"},{"floor":23,"key":"Du-Vu Doll"},{"floor":26,"key":"Pear"}],"event_choices":[{"cards_removed":["Strike_B"],"damage_healed":0,"gold_gain":0,"player_choice":"Offered Basic","damage_taken":0,"max_hp_gain":0,"max_hp_loss":0,"event_name":"Bonfire Elementals","floor":2,"gold_loss":0},{"damage_healed":0,"gold_gain":30,"player_choice":"Searched \u00272\u0027 times","damage_taken":0,"max_hp_gain":0,"max_hp_loss":0,"event_name":"Dead Adventurer","floor":8,"gold_loss":0},{"damage_healed":0,"gold_gain":0,"player_choice":"Ignored","damage_taken":0,"max_hp_gain":0,"max_hp_loss":0,"event_name":"Shining Light","floor":11,"gold_loss":0},{"damage_healed":0,"gold_gain":0,"player_choice":"Upgraded Two","damage_taken":0,"max_hp_gain":0,"max_hp_loss":0,"event_name":"Designer","floor":19,"gold_loss":40,"cards_upgraded":["Strike_B","Defend_B"]},{"damage_healed":0,"gold_gain":0,"player_choice":"Ignored","damage_taken":0,"max_hp_gain":0,"max_hp_loss":0,"event_name":"Vampires","floor":25,"gold_loss":0},{"cards_removed":["Strike_B"],"damage_healed":0,"gold_gain":0,"player_choice":"Elegance","damage_taken":0,"max_hp_gain":0,"max_hp_loss":0,"event_name":"Back to Basics","floor":27,"gold_loss":0},{"damage_healed":0,"gold_gain":0,"cards_transformed":["Strike_B","Defend_B"],"player_choice":"Became Test Subject","damage_taken":0,"max_hp_gain":0,"max_hp_loss":0,"event_name":"Drug Dealer","floor":30,"gold_loss":0,"cards_obtained":["Electrodynamics","All For One"]}],"is_beta":false,"boss_relics":[{"not_picked":["Coffee Dripper","Cursed Key"],"picked":"FrozenCore"}],"items_purged_floors":[],"is_endless":false,"potions_floor_spawned":[1,5,16,20,21,23],"killed_by":"Champ","ascension_level":12}