{"gold_per_floor":[114,39,39,51,76,76,76,110,110,60,60,81,117,150,162,303,315,346,341,7,7,7,7,38,38,38,38,51,51,51,71,71,192,192,207,207,226,74,74],"floor_reached":39,"playtime":2004,"items_purged":["Strike_R","Injury"],"score":633,"play_id":"e4df9911-b0dd-4242-b1ae-fbd55caaf7a0","local_time":"20190114170610","is_ascension_mode":true,"campfire_choices":[{"data":"Clash","floor":6.0,"key":"SMITH"},{"data":"Flame Barrier","floor":11.0,"key":"SMITH"},{"floor":15.0,"key":"REST"},{"data":"Demon Form","floor":23.0,"key":"SMITH"},{"floor":30.0,"key":"REST"},{"floor":32.0,"key":"REST"}],"neow_cost":"NONE","seed_source_timestamp":0,"circlet_count":0,"master_deck":["AscendersBane","Defend_R+1","Defend_R+1","Defend_R+1","Defend_R+1","Bash","Clash+1","Feel No Pain","Flame Barrier+1","Impervious+1","Blood for Blood","Demon Form+1","Flex+1","Armaments+1","Bite","Bite","Bite","Bite","Whirlwind+1","Limit Break"],"special_seed":0,"relics":["Burning Blood","Vajra","Golden Idol","Smiling Mask","Potion Belt","MawBank","Eternal Feather","Brimstone","PreservedInsect","Pantograph","Juzu Bracelet","Blue Candle","Lizard Tail","War Paint"],"potions_floor_usage":[35,39],"damage_taken":[{"damage":8.0,"enemies":"Jaw Worm","floor":1.0,"turns":5.0},{"damage":0.0,"enemies":"Small Slimes","floor":4.0,"turns":3.0},{"damage":29.0,"enemies":"3 Sentries","floor":8.0,"turns":10.0},{"damage":5.0,"enemies":"2 Louse","floor":12.0,"turns":3.0},{"damage":24.0,"enemies":"Gremlin Nob","floor":13.0,"turns":5.0},{"damage":11.0,"enemies":"Blue Slaver","floor":14.0,"turns":5.0},{"damage":38.0,"enemies":"The Guardian","floor":16.0,"turns":11.0},{"damage":39.0,"enemies":"Shell Parasite","floor":18.0,"turns":10.0},{"damage":1.0,"enemies":"2 Thieves","floor":19.0,"turns":4.0},{"damage":34.0,"enemies":"Slavers","floor":24.0,"turns":6.0},{"damage":35.0,"enemies":"Centurion and Healer","floor":28.0,"turns":7.0},{"damage":53.0,"enemies":"Chosen and Byrds","floor":31.0,"turns":6.0},{"damage":20.0,"enemies":"Champ","floor":33.0,"turns":9.0},{"damage":16,"enemies":"Orb Walker","floor":35,"turns":4},{"damage":27,"enemies":"3 Darklings","floor":37,"turns":5},{"damage":90,"enemies":"2 Orb Walkers","floor":39,"turns":4}],"seed_played":"-5678053518171095676","potions_obtained":[{"floor":0.0,"key":"Swift Potion"},{"floor":0.0,"key":"LiquidBronze"},{"floor":0.0,"key":"Poison Potion"},{"floor":1.0,"key":"SteroidPotion"},{"floor":8.0,"key":"Weak Potion"},{"floor":13.0,"key":"LiquidBronze"},{"floor":14.0,"key":"SteroidPotion"},{"floor":16.0,"key":"SkillPotion"},{"floor":18.0,"key":"LiquidBronze"},{"floor":28.0,"key":"SpeedPotion"},{"floor":33.0,"key":"FearPotion"},{"floor":37,"key":"FearPotion"}],"is_trial":false,"path_per_floor":["M","$","?","M","T","R","?","E","T","$","R","M","E","M","R","B",null,"M","M","$","?","?","R","E","?","T","$","M","T","R","M","R","B",null,"M","?","M","$","?"],"character_chosen":"IRONCLAD","items_purchased":["Brimstone","PreservedInsect","War Paint"],"campfire_rested":3,"item_purchase_floors":[20,20,38],"current_hp_per_floor":[70,70,70,76,76,76,76,53,53,53,53,54,36,31,55,23,66,33,38,38,38,64,73,45,45,45,45,31,31,56,18,46,56,56,49,49,32,32,0],"gold":74,"neow_bonus":"THREE_SMALL_POTIONS","is_prod":false,"is_daily":false,"chose_seed":false,"campfire_upgraded":3,"win_rate":0,"timestamp":1547481970,"path_taken":["M","$","?","M","?","R","?","E","T","$","R","M","E","M","R","BOSS","M","M","$","?","?","R","E","?","T","$","M","?","R","M","R","BOSS","M","?","M","$","?"],"build_version":"2019-01-10","purchased_purges":2,"victory":false,"max_hp_per_floor":[80,80,80,80,80,80,80,80,80,80,80,80,80,80,80,80,80,80,80,80,80,80,80,80,56,56,56,56,56,56,56,56,56,56,56,56,56,56,56],"card_choices":[{"not_picked":["Second Wind","Warcry"],"picked":"Clash","floor":1.0},{"not_picked":["Clothesline","Heavy Blade"],"picked":"Feel No Pain","floor":4.0},{"not_picked":["Twin Strike","Clash"],"picked":"Flame Barrier","floor":8.0},{"not_picked":["Warcry","Headbutt"],"picked":"Impervious","floor":12.0},{"not_picked":["Sword Boomerang","Intimidate","Sentinel"],"picked":"SKIP","floor":13.0},{"not_picked":["Evolve","Twin Strike"],"picked":"Blood for Blood","floor":14.0},{"not_picked":["Double Tap","Exhume"],"picked":"Demon Form","floor":16.0},{"not_picked":["Shrug It Off","Body Slam"],"picked":"Flex+1","floor":18.0},{"not_picked":["Reckless Charge+1","Sword Boomerang","Anger"],"picked":"SKIP","floor":19.0},{"not_picked":["Perfected Strike","Pommel Strike"],"picked":"Armaments","floor":24.0},{"not_picked":["Sentinel+1","Second Wind+1"],"picked":"Whirlwind+1","floor":28.0},{"not_picked":["Havoc","Cleave","Flex"],"picked":"SKIP","floor":31.0},{"not_picked":["Demon Form","Fiend Fire"],"picked":"Limit Break","floor":33.0},{"not_picked":["Armaments","Sword Boomerang+1","Body Slam"],"picked":"SKIP","floor":35},{"not_picked":["Rampage","Clothesline","Entrench"],"picked":"SKIP","floor":37}],"player_experience":1111058,"relics_obtained":[{"floor":5.0,"key":"Vajra"},{"floor":8.0,"key":"Smiling Mask"},{"floor":9.0,"key":"Potion Belt"},{"floor":13.0,"key":"MawBank"},{"floor":24.0,"key":"Pantograph"},{"floor":26.0,"key":"Juzu Bracelet"},{"floor":29.0,"key":"Blue Candle"}],"event_choices":[{"damage_healed":0.0,"max_hp_gain":0.0,"max_hp_loss":0.0,"gold_gain":0.0,"event_name":"The Cleric","player_choice":"Leave","floor":3.0,"gold_loss":0.0,"damage_taken":0.0},{"damage_healed":0.0,"max_hp_gain":0.0,"max_hp_loss":0.0,"gold_gain":0.0,"event_name":"Golden Idol","player_choice":"Take Wound","floor":7.0,"gold_loss":0.0,"damage_taken":0.0,"relics_obtained":["Golden Idol"],"cards_obtained":["Injury"]},{"damage_healed":0.0,"max_hp_gain":0.0,"max_hp_loss":0.0,"gold_gain":0.0,"event_name":"Back to Basics","player_choice":"Simplicity","floor":21.0,"gold_loss":0.0,"damage_taken":0.0,"cards_upgraded":["Strike_R","Strike_R","Strike_R","Strike_R","Defend_R","Defend_R","Defend_R","Defend_R"]},{"damage_healed":26.0,"max_hp_gain":0.0,"max_hp_loss":0.0,"gold_gain":0.0,"event_name":"The Library","player_choice":"Heal","floor":22.0,"gold_loss":0.0,"damage_taken":0.0},{"damage_healed":0.0,"max_hp_gain":0.0,"max_hp_loss":24.0,"gold_gain":0.0,"event_name":"Vampires","player_choice":"Became a vampire","floor":25.0,"gold_loss":0.0,"damage_taken":0.0,"cards_obtained":["Bite","Bite","Bite","Bite","Bite"]},{"cards_removed":["Bite"],"damage_healed":0,"gold_gain":0,"player_choice":"Purged","damage_taken":0,"max_hp_gain":0,"max_hp_loss":0,"event_name":"Purifier","floor":36,"gold_loss":0},{"damage_healed":0,"gold_gain":0,"player_choice":"Fight","damage_taken":0,"max_hp_gain":0,"max_hp_loss":0,"event_name":"Mysterious Sphere","floor":39,"gold_loss":0}],"is_beta":false,"boss_relics":[{"not_picked":["Coffee Dripper","Orrery"],"picked":"Eternal Feather"},{"not_picked":["Snecko Eye","Calling Bell"],"picked":"Lizard Tail"}],"items_purged_floors":[2,10],"is_endless":false,"potions_floor_spawned":[1,8,13,14,16,18,28,33,37],"killed_by":"2 Orb Walkers","ascension_level":10}