{"gold_per_floor":[112,187,197,197,215,250,250,263,263,274,274],"floor_reached":11,"playtime":961,"items_purged":[],"score":105,"play_id":"5d0a3051-de0c-4339-a37e-b314125530bc","local_time":"20190415140716","is_ascension_mode":true,"campfire_choices":[{"floor":7,"key":"REST"}],"neow_cost":"NONE","seed_source_timestamp":334685455308803,"circlet_count":0,"master_deck":["Defend_G","Defend_G","Defend_G","Defend_G","Defend_G","Strike_G","Strike_G","Strike_G","Strike_G","Survivor","Neutralize","Footwork","Leg Sweep","Choke","Acrobatics","Poisoned Stab","Backstab"],"relics":["Ring of the Snake","NeowsBlessing","Ice Cream","Nunchaku"],"potions_floor_usage":[8],"damage_taken":[{"damage":0,"enemies":"Small Slimes","floor":1,"turns":1},{"damage":0,"enemies":"Cultist","floor":3,"turns":1},{"damage":0,"enemies":"2 Louse","floor":5,"turns":1},{"damage":28,"enemies":"3 Sentries","floor":6,"turns":21},{"damage":15,"enemies":"Lots of Slimes","floor":8,"turns":8},{"damage":0,"enemies":"Blue Slaver","floor":10,"turns":6},{"damage":2,"enemies":"Exordium Thugs","floor":11,"turns":5}],"seed_played":"-4671564260006272719","potions_obtained":[{"floor":6,"key":"Energy Potion"},{"floor":10,"key":"AttackPotion"}],"is_trial":false,"path_per_floor":["M","?","M","?","M","E","R","M","T","M","M"],"character_chosen":"THE_SILENT","items_purchased":[],"campfire_rested":1,"item_purchase_floors":[],"current_hp_per_floor":[63,56,56,56,56,28,49,34,34,34,32],"gold":274,"neow_bonus":"THREE_ENEMY_KILL","is_prod":false,"is_daily":false,"chose_seed":false,"campfire_upgraded":0,"win_rate":0,"timestamp":1555362436,"path_taken":["M","?","?","?","M","E","R","M","T","M","?"],"build_version":"2019-01-23","purchased_purges":0,"victory":false,"max_hp_per_floor":[70,70,70,70,70,70,70,70,70,70,70],"card_choices":[{"not_picked":["Underhanded Strike","Blade Dance"],"picked":"Footwork","floor":1},{"not_picked":["Expertise","Reflex"],"picked":"Leg Sweep","floor":3},{"not_picked":["Endless Agony","Accuracy"],"picked":"Choke","floor":5},{"not_picked":["Dagger Throw","Eviscerate"],"picked":"Acrobatics","floor":6},{"not_picked":["Deadly Poison","Slice"],"picked":"Poisoned Stab","floor":8},{"not_picked":["Backflip","Blade Dance"],"picked":"Backstab","floor":10}],"player_experience":1378925,"relics_obtained":[{"floor":6,"key":"Ice Cream"},{"floor":9,"key":"Nunchaku"}],"event_choices":[{"damage_healed":0,"gold_gain":75,"player_choice":"Touch","damage_taken":7,"max_hp_gain":0,"max_hp_loss":0,"event_name":"FaceTrader","floor":2,"gold_loss":0},{"cards_removed":["Strike_G"],"damage_healed":0,"gold_gain":0,"player_choice":"Purged","damage_taken":0,"max_hp_gain":0,"max_hp_loss":0,"event_name":"Purifier","floor":4,"gold_loss":0}],"is_beta":false,"boss_relics":[],"items_purged_floors":[],"is_endless":false,"potions_floor_spawned":[6,10],"killed_by":"Exordium Thugs","ascension_level":8}