{"gold_per_floor":[116,128,53,53,71,71,98,98,98,98,131,131,131,131,131,231,281,297,315,325,344,361,361,378,397,397,397,427,427],"floor_reached":29,"playtime":2871,"items_purged":["Defend_B"],"score":293,"play_id":"eb1c8548-2872-4d94-b2f9-9e8ae334ef03","local_time":"20190510204751","is_ascension_mode":true,"campfire_choices":[{"data":"Zap","floor":6,"key":"SMITH"},{"data":"Redo","floor":8,"key":"SMITH"},{"floor":12,"key":"REST"},{"floor":15,"key":"REST"},{"data":"Echo Form","floor":23,"key":"SMITH"},{"data":"Coolheaded","floor":27,"key":"SMITH"}],"neow_cost":"NONE","seed_source_timestamp":1905961131252421,"circlet_count":0,"master_deck":["Strike_B+1","Strike_B","Strike_B","Strike_B","Defend_B","Defend_B","Defend_B+1","Zap+1","Dualcast+1","Steam","Hologram","Self Repair+1","Redo+1","Echo Form+1","Coolheaded+1","Conserve Battery+1","Chaos","Double Energy","Loop","Redo","Coolheaded"],"relics":["Cracked Core","Bronze Scales","Du-Vu Doll","Orichalcum","Shuriken","FossilizedHelix","Tiny House","Ornamental Fan","Mango"],"potions_floor_usage":[24,28,28],"damage_taken":[{"damage":0,"enemies":"Small Slimes","floor":1,"turns":3},{"damage":1,"enemies":"2 Louse","floor":2,"turns":3},{"damage":0,"enemies":"Cultist","floor":5,"turns":3},{"damage":26,"enemies":"3 Sentries","floor":7,"turns":7},{"damage":18,"enemies":"Gremlin Nob","floor":11,"turns":4},{"damage":25,"enemies":"Slime Boss","floor":16,"turns":11},{"damage":15,"enemies":"Shell Parasite","floor":18,"turns":6},{"damage":7,"enemies":"3 Byrds","floor":19,"turns":3},{"damage":14,"enemies":"Snecko","floor":20,"turns":5},{"damage":14,"enemies":"Snake Plant","floor":21,"turns":4},{"damage":10,"enemies":"Sentry and Sphere","floor":22,"turns":7},{"damage":28,"enemies":"Centurion and Healer","floor":24,"turns":9},{"damage":12,"enemies":"Snecko","floor":25,"turns":6},{"damage":59,"enemies":"Gremlin Leader","floor":28,"turns":8},{"damage":31,"enemies":"3 Cultists","floor":29,"turns":5}],"seed_played":"1751429780311406396","potions_obtained":[{"floor":5,"key":"Energy Potion"},{"floor":11,"key":"Regen Potion"},{"floor":17,"key":"AttackPotion"},{"floor":24,"key":"Fire Potion"}],"is_trial":false,"path_per_floor":["M","M","$","?","M","R","E","R","T","?","E","R","?","?","R","B",null,"M","M","M","M","M","R","M","M","T","R","E","M"],"character_chosen":"DEFECT","items_purchased":[],"campfire_rested":2,"item_purchase_floors":[],"current_hp_per_floor":[75,74,74,62,62,62,43,43,43,48,37,61,45,45,69,54,85,80,83,85,81,85,85,77,65,65,65,20,0],"gold":427,"neow_bonus":"RANDOM_COMMON_RELIC","is_prod":false,"is_daily":false,"chose_seed":false,"campfire_upgraded":4,"win_rate":0,"timestamp":1557539271,"path_taken":["M","M","$","?","M","R","E","R","T","?","E","R","?","?","R","BOSS","M","M","M","M","M","R","?","M","T","R","E","M"],"build_version":"2019-01-23","purchased_purges":1,"victory":false,"max_hp_per_floor":[75,75,75,75,75,75,75,75,75,80,80,80,80,80,80,80,85,85,85,85,85,85,85,85,85,85,85,99,99],"card_choices":[{"not_picked":["Compile Driver","Static Discharge"],"picked":"Steam","floor":1},{"not_picked":["Beam Cell","Aggregate"],"picked":"Hologram","floor":2},{"not_picked":["Beam Cell","Static Discharge"],"picked":"Self Repair","floor":5},{"not_picked":["Go for the Eyes","Hyperbeam"],"picked":"Redo","floor":7},{"not_picked":["Storm","Steam","Sweeping Beam"],"picked":"SKIP","floor":11},{"not_picked":["Electrodynamics","Reboot"],"picked":"Echo Form","floor":16},{"not_picked":["Fusion","Leap"],"picked":"Coolheaded","floor":17},{"not_picked":["Darkness","Stack+1"],"picked":"Conserve Battery+1","floor":18},{"not_picked":["Barrage","Rip and Tear","Hologram"],"picked":"SKIP","floor":19},{"not_picked":["Blizzard","Gash"],"picked":"Chaos","floor":20},{"not_picked":["Blizzard","Coolheaded"],"picked":"Double Energy","floor":21},{"not_picked":["Barrage","Go for the Eyes"],"picked":"Loop","floor":22},{"not_picked":["Sunder","Go for the Eyes"],"picked":"Redo","floor":24},{"not_picked":["Melter+1","Reprogram+1"],"picked":"Coolheaded","floor":25},{"not_picked":["Tempest+1","Heatsinks","Reboot"],"picked":"SKIP","floor":28}],"player_experience":267951,"relics_obtained":[{"floor":7,"key":"Orichalcum"},{"floor":9,"key":"Shuriken"},{"floor":11,"key":"FossilizedHelix"},{"floor":26,"key":"Ornamental Fan"},{"floor":28,"key":"Mango"}],"event_choices":[{"damage_healed":0,"gold_gain":0,"player_choice":"Success","damage_taken":12,"relics_obtained":["Du-Vu Doll"],"max_hp_gain":0,"max_hp_loss":0,"event_name":"Scrap Ooze","floor":4,"gold_loss":0},{"damage_healed":0,"gold_gain":0,"player_choice":"Donut","damage_taken":0,"max_hp_gain":5,"max_hp_loss":0,"event_name":"Big Fish","floor":10,"gold_loss":0},{"damage_healed":0,"gold_gain":0,"player_choice":"Entered Light","damage_taken":16,"max_hp_gain":0,"max_hp_loss":0,"event_name":"Shining Light","floor":13,"gold_loss":0,"cards_upgraded":["Dualcast","Defend_B"]},{"damage_healed":0,"gold_gain":0,"player_choice":"Upgraded","damage_taken":0,"max_hp_gain":0,"max_hp_loss":0,"event_name":"Upgrade Shrine","floor":14,"gold_loss":0,"cards_upgraded":["Self Repair"]}],"is_beta":false,"boss_relics":[{"not_picked":["White Beast Statue","Astrolabe"],"picked":"Tiny House"}],"items_purged_floors":[3],"is_endless":false,"potions_floor_spawned":[5,11,20,21,24],"killed_by":"3 Cultists","ascension_level":1}