{"gold_per_floor":[110,124,124,50,50,50,50,71,97,121,121,194,233,252,252,252],"floor_reached":16,"playtime":678,"items_purged":[],"score":150,"play_id":"6de56617-4c6e-4853-93ac-4676315beb0d","local_time":"20190320183823","is_ascension_mode":true,"campfire_choices":[{"data":"Noxious Fumes","floor":6,"key":"SMITH"},{"data":"Adrenaline","floor":11,"key":"SMITH"},{"floor":15,"key":"REST"}],"neow_cost":"TEN_PERCENT_HP_LOSS","seed_source_timestamp":19914608851600,"circlet_count":0,"master_deck":["AscendersBane","Defend_G","Defend_G","Defend_G","Defend_G","Defend_G+1","Strike_G","Strike_G","Strike_G","Strike_G","Survivor","Neutralize","Noxious Fumes+1","Distraction+1","Bane","Poisoned Stab","Dash","Deadly Poison","Blur","Adrenaline+1","Well Laid Plans","Predator"],"relics":["Ring of the Snake","Prayer Wheel","Golden Idol","Art of War","Mummified Hand","War Paint"],"potions_floor_usage":[14,16],"damage_taken":[{"damage":0,"enemies":"2 Louse","floor":1,"turns":2},{"damage":4,"enemies":"Jaw Worm","floor":2,"turns":4},{"damage":1,"enemies":"Cultist","floor":8,"turns":3},{"damage":6,"enemies":"Looter","floor":10,"turns":4},{"damage":5,"enemies":"Gremlin Nob","floor":12,"turns":3},{"damage":7,"enemies":"3 Sentries","floor":13,"turns":7},{"damage":8,"enemies":"Large Slime","floor":14,"turns":5},{"damage":59,"enemies":"Slime Boss","floor":16,"turns":9}],"seed_played":"-3948504565075925321","potions_obtained":[{"floor":8,"key":"GamblersBrew"},{"floor":12,"key":"Block Potion"},{"floor":13,"key":"Dexterity Potion"}],"is_trial":false,"path_per_floor":["M","M","?","$","?","R","?","M","T","M","R","?","E","M","R","B"],"character_chosen":"THE_SILENT","items_purchased":["Dash"],"campfire_rested":1,"item_purchase_floors":[4],"current_hp_per_floor":[63,59,59,59,59,59,59,58,58,52,52,47,40,32,50,0],"gold":252,"neow_bonus":"ONE_RARE_RELIC","is_prod":false,"is_daily":false,"chose_seed":false,"campfire_upgraded":2,"win_rate":0,"timestamp":1553103503,"path_taken":["M","M","?","$","?","R","?","?","T","M","R","?","E","M","R","BOSS"],"build_version":"2019-01-23","purchased_purges":0,"victory":false,"max_hp_per_floor":[63,63,63,63,63,63,63,63,63,63,63,63,63,63,63,63],"card_choices":[{"not_picked":["Slice","Prepared"],"picked":"Noxious Fumes","floor":1},{"not_picked":["Flying Knee","Underhanded Strike"],"picked":"Distraction","floor":1},{"not_picked":["Riddle With Holes","Concentrate"],"picked":"Bane","floor":2},{"not_picked":["Quick Slash","Outmaneuver"],"picked":"Poisoned Stab","floor":2},{"not_picked":["Underhanded Strike","Calculated Gamble"],"picked":"Deadly Poison","floor":8},{"not_picked":["Accuracy","Setup"],"picked":"Blur","floor":8},{"not_picked":["Cloak And Dagger","Dagger Throw"],"picked":"Adrenaline","floor":10},{"not_picked":["Prepared","Outmaneuver","Riddle With Holes"],"picked":"SKIP","floor":10},{"not_picked":["Terror","Bane"],"picked":"Well Laid Plans","floor":12},{"not_picked":["Sucker Punch","Accuracy"],"picked":"Predator","floor":13},{"not_picked":["Deadly Poison","Prepared","Underhanded Strike"],"picked":"SKIP","floor":14},{"not_picked":["Poisoned Stab","Deadly Poison","Blade Dance"],"picked":"SKIP","floor":14}],"player_experience":1552380,"relics_obtained":[{"floor":9,"key":"Art of War"},{"floor":12,"key":"Mummified Hand"},{"floor":13,"key":"War Paint"}],"event_choices":[{"damage_healed":0,"gold_gain":0,"player_choice":"Take Wound","damage_taken":0,"relics_obtained":["Golden Idol"],"max_hp_gain":0,"max_hp_loss":0,"event_name":"Golden Idol","floor":3,"gold_loss":0,"cards_obtained":["Injury"]},{"cards_removed":["Injury"],"damage_healed":0,"gold_gain":0,"player_choice":"Forget","damage_taken":0,"max_hp_gain":0,"max_hp_loss":0,"event_name":"Living Wall","floor":5,"gold_loss":0},{"cards_removed":["Strike_G"],"damage_healed":0,"gold_gain":0,"player_choice":"Offered Basic","damage_taken":0,"max_hp_gain":0,"max_hp_loss":0,"event_name":"Bonfire Elementals","floor":7,"gold_loss":0},{"damage_healed":0,"gold_gain":0,"player_choice":"Searched \u00272\u0027 times","damage_taken":0,"max_hp_gain":0,"max_hp_loss":0,"event_name":"Dead Adventurer","floor":12,"gold_loss":0}],"is_beta":false,"boss_relics":[],"items_purged_floors":[],"is_endless":false,"potions_floor_spawned":[8,12,13],"killed_by":"Slime Boss","ascension_level":10}