{"gold_per_floor":[110,110,110,110,110,110,154,172,172,185,185,13,20,40,40,40],"floor_reached":16,"playtime":588,"items_purged":[],"score":149,"play_id":"a854cfd5-7c5d-434c-8ec7-65d6572ccda7","local_time":"20190306213830","is_ascension_mode":true,"campfire_choices":[{"floor":6,"key":"REST"},{"floor":11,"key":"REST"},{"floor":15,"key":"REST"}],"neow_cost":"PERCENT_DAMAGE","seed_source_timestamp":113518843746600,"circlet_count":0,"master_deck":["AscendersBane","Strike_R","Strike_R","Strike_R","Strike_R","Strike_R","Defend_R","Defend_R","Defend_R","Defend_R","Bash","Impervious","Carnage","Injury","Flame Barrier","True Grit","Dual Wield","Chrysalis","Body Slam"],"relics":["Burning Blood","Shuriken","Golden Idol","Centennial Puzzle","Spirit Poop","Smiling Mask","Blood Vial"],"potions_floor_usage":[7,16],"damage_taken":[{"damage":8,"enemies":"2 Louse","floor":1,"turns":3},{"damage":40,"enemies":"Lagavulin","floor":7,"turns":7},{"damage":3,"enemies":"Jaw Worm","floor":8,"turns":6},{"damage":8,"enemies":"Small Slimes","floor":10,"turns":4},{"damage":15,"enemies":"Exordium Thugs","floor":13,"turns":6},{"damage":24,"enemies":"Exordium Wildlife","floor":14,"turns":7},{"damage":72,"enemies":"Hexaghost","floor":16,"turns":14}],"seed_played":"-1029836718311494159","potions_obtained":[{"floor":1,"key":"SkillPotion"},{"floor":13,"key":"Dexterity Potion"}],"is_trial":false,"path_per_floor":["M","?","?","?","?","R","E","M","T","M","R","$","M","M","R","B"],"character_chosen":"IRONCLAD","items_purchased":["Chrysalis"],"campfire_rested":3,"item_purchase_floors":[12],"current_hp_per_floor":[49,46,46,46,46,70,36,39,39,39,63,63,56,40,64,0],"gold":40,"neow_bonus":"THREE_RARE_CARDS","is_prod":false,"is_daily":false,"chose_seed":false,"campfire_upgraded":0,"win_rate":0,"timestamp":1551904710,"path_taken":["M","?","?","?","?","R","E","?","T","M","R","$","M","M","R","BOSS"],"build_version":"2019-01-23","purchased_purges":0,"victory":false,"max_hp_per_floor":[80,80,80,80,80,80,80,80,80,80,80,80,80,80,80,80],"card_choices":[{"not_picked":["Exhume","Offering"],"picked":"Impervious","floor":0},{"not_picked":["Warcry","Perfected Strike"],"picked":"Carnage","floor":1},{"not_picked":["Ghostly Armor","Rupture"],"picked":"Flame Barrier","floor":7},{"not_picked":["Warcry","Heavy Blade"],"picked":"True Grit","floor":8},{"not_picked":["Wild Strike","Reckless Charge"],"picked":"Dual Wield","floor":10},{"not_picked":["Wild Strike","Iron Wave","Impervious"],"picked":"SKIP","floor":13},{"not_picked":["Whirlwind","Fire Breathing"],"picked":"Body Slam","floor":14}],"player_experience":1453326,"relics_obtained":[{"floor":7,"key":"Smiling Mask"},{"floor":9,"key":"Blood Vial"}],"event_choices":[{"damage_healed":0,"gold_gain":0,"player_choice":"Success","damage_taken":3,"relics_obtained":["Shuriken"],"max_hp_gain":0,"max_hp_loss":0,"event_name":"Scrap Ooze","floor":2,"gold_loss":0},{"damage_healed":0,"gold_gain":0,"player_choice":"Take Wound","damage_taken":0,"relics_obtained":["Golden Idol"],"max_hp_gain":0,"max_hp_loss":0,"event_name":"Golden Idol","floor":3,"gold_loss":0,"cards_obtained":["Injury"]},{"damage_healed":0,"gold_gain":0,"player_choice":"Box","damage_taken":0,"relics_obtained":["Centennial Puzzle"],"max_hp_gain":0,"max_hp_loss":0,"event_name":"Big Fish","floor":4,"gold_loss":0,"cards_obtained":["Regret"]},{"cards_removed":["Regret"],"damage_healed":0,"gold_gain":0,"player_choice":"Offered Curse","damage_taken":0,"relics_obtained":["Spirit Poop"],"max_hp_gain":0,"max_hp_loss":0,"event_name":"Bonfire Elementals","floor":5,"gold_loss":0}],"is_beta":false,"boss_relics":[],"items_purged_floors":[],"is_endless":false,"potions_floor_spawned":[1,13],"killed_by":"Hexaghost","ascension_level":10}