{"gold_per_floor":[111,14,14,14,27,27,60,60,360,360,398,398,398,433,433,538,538,549,560,174,187,286,286,246,278,313,325],"floor_reached":27,"playtime":1201,"items_purged":["Strike_R"],"score":356,"play_id":"cd6958b0-cd7e-4889-beda-6ecd3ef0a8f2","local_time":"20190127172805","is_ascension_mode":true,"campfire_choices":[{"data":"Jack Of All Trades","floor":6,"key":"SMITH"},{"floor":12,"key":"REST"},{"floor":15,"key":"REST"},{"data":"Sadistic Nature","floor":23,"key":"SMITH"}],"neow_cost":"NONE","seed_source_timestamp":344106685190300,"circlet_count":0,"master_deck":["AscendersBane","Strike_R","Strike_R","Strike_R","Strike_R","Defend_R","Defend_R","Defend_R","Defend_R","Bash","Dark Embrace","Thunderclap","Jack Of All Trades+1","Flex","Dropkick","Shrug It Off","Immolate","Metallicize+1","Evolve+1","Feel No Pain","Sadistic Nature+1","Purity","Regret"],"relics":["Burning Blood","Smiling Mask","Old Coin","FossilizedHelix","Cursed Key","MawBank","Bag of Marbles"],"potions_floor_usage":[18,21,24,25,25,25],"damage_taken":[{"damage":6,"enemies":"Cultist","floor":1,"turns":4},{"damage":13,"enemies":"Jaw Worm","floor":5,"turns":4},{"damage":50,"enemies":"3 Sentries","floor":7,"turns":10},{"damage":0,"enemies":"Small Slimes","floor":11,"turns":2},{"damage":42,"enemies":"Gremlin Nob","floor":14,"turns":5},{"damage":48,"enemies":"Slime Boss","floor":16,"turns":13},{"damage":0,"enemies":"3 Byrds","floor":18,"turns":3},{"damage":12,"enemies":"Shell Parasite","floor":19,"turns":4},{"damage":10,"enemies":"Shelled Parasite and Fungi","floor":21,"turns":5},{"damage":45,"enemies":"Slavers","floor":25,"turns":6},{"damage":35,"enemies":"Snake Plant","floor":27,"turns":3}],"seed_played":"534345318833117705","potions_obtained":[{"floor":1,"key":"EssenceOfSteel"},{"floor":16,"key":"SkillPotion"},{"floor":21,"key":"Energy Potion"},{"floor":24,"key":"Fruit Juice"},{"floor":24,"key":"Regen Potion"},{"floor":24,"key":"GamblersBrew"}],"is_trial":false,"path_per_floor":["M","$","$","?","M","R","E","?","T","?","M","R","?","E","R","B",null,"M","M","$","M","?","R","?","E","T","M"],"character_chosen":"IRONCLAD","items_purchased":["Jack Of All Trades","Feel No Pain","Sadistic Nature","Purity"],"campfire_rested":2,"item_purchase_floors":[2,20,20,20],"current_hp_per_floor":[72,72,72,64,57,57,13,33,33,33,39,63,63,27,50,8,60,66,60,60,56,56,56,61,34,34,0],"gold":325,"neow_bonus":"ONE_RANDOM_RARE_CARD","is_prod":false,"is_daily":false,"chose_seed":false,"campfire_upgraded":2,"win_rate":0,"timestamp":1548606485,"path_taken":["M","?","$","?","?","R","E","?","T","?","M","R","?","E","R","BOSS","M","?","$","M","?","R","?","E","T","?"],"build_version":"2019-01-23","purchased_purges":1,"victory":false,"max_hp_per_floor":[80,80,80,80,80,80,80,80,80,80,80,80,77,77,77,77,77,77,77,77,77,77,77,82,82,82,82],"card_choices":[{"not_picked":["Sentinel","Clothesline"],"picked":"Thunderclap","floor":1},{"not_picked":["Anger","Clash"],"picked":"Flex","floor":5},{"not_picked":["Wild Strike","Warcry"],"picked":"Dropkick","floor":7},{"not_picked":["Searing Blow","Heavy Blade"],"picked":"Shrug It Off","floor":11},{"not_picked":["Wild Strike","Sword Boomerang","Hemokinesis"],"picked":"SKIP","floor":14},{"not_picked":["Bludgeon","Double Tap"],"picked":"Immolate","floor":16},{"not_picked":["Combust","Evolve"],"picked":"Metallicize+1","floor":18},{"not_picked":["Entrench+1","Sword Boomerang"],"picked":"Evolve+1","floor":19},{"not_picked":["Flex","Ghostly Armor+1","Shrug It Off"],"picked":"SKIP","floor":21},{"not_picked":["Clothesline","Dropkick","Burning Pact"],"picked":"SKIP","floor":25}],"player_experience":1337868,"relics_obtained":[{"floor":7,"key":"Smiling Mask"},{"floor":9,"key":"Old Coin"},{"floor":14,"key":"FossilizedHelix"},{"floor":25,"key":"MawBank"},{"floor":26,"key":"Bag of Marbles"}],"event_choices":[{"damage_healed":0,"gold_gain":0,"player_choice":"Damaged","damage_taken":8,"max_hp_gain":0,"max_hp_loss":0,"event_name":"Wheel of Change","floor":4,"gold_loss":0},{"damage_healed":20,"gold_gain":0,"player_choice":"Healed and dodged fight","damage_taken":0,"max_hp_gain":0,"max_hp_loss":0,"event_name":"Mushrooms","floor":8,"gold_loss":0,"cards_obtained":["Parasite"]},{"damage_healed":0,"gold_gain":0,"player_choice":"Fled","damage_taken":0,"max_hp_gain":0,"max_hp_loss":0,"event_name":"Scrap Ooze","floor":10,"gold_loss":0},{"cards_removed":["Parasite"],"damage_healed":0,"gold_gain":0,"player_choice":"Removed Curses","damage_taken":0,"max_hp_gain":0,"max_hp_loss":0,"event_name":"Fountain of Cleansing","floor":13,"gold_loss":0},{"damage_healed":0,"gold_gain":99,"player_choice":"Stole From Cult","damage_taken":0,"max_hp_gain":0,"max_hp_loss":0,"event_name":"Nest","floor":22,"gold_loss":0},{"damage_healed":0,"gold_gain":0,"player_choice":"Bought 3 Potions","damage_taken":0,"max_hp_gain":0,"max_hp_loss":0,"event_name":"The Woman in Blue","floor":24,"gold_loss":0}],"is_beta":false,"boss_relics":[{"not_picked":["Runic Pyramid","Coffee Dripper"],"picked":"Cursed Key"}],"items_purged_floors":[20],"is_endless":false,"potions_floor_spawned":[1,16,21],"killed_by":"Snake Plant","ascension_level":10}