{"gold_per_floor":[213,213,288,9,24,24,52,52,77,141,141,154,166,229,229,229],"floor_reached":16,"playtime":2319,"items_purged":["Strike_R"],"score":162,"play_id":"e81224f2-fc85-41c5-aecf-b00741206c80","local_time":"20190306231811","is_ascension_mode":true,"campfire_choices":[{"data":"Bash","floor":6,"key":"SMITH"},{"floor":11,"key":"REST"},{"floor":15,"key":"REST"}],"neow_cost":"NONE","seed_source_timestamp":117763288891400,"circlet_count":0,"master_deck":["AscendersBane","Strike_R","Strike_R","Strike_R","Strike_R","Defend_R+1","Defend_R+1","Defend_R","Defend_R","Bash+1","Thunderclap","Clash","Body Slam","Parasite","Battle Trance","Carnage","Exhume"],"relics":["Burning Blood","Lee\u0027s Waffle","Ginger","Art of War","Tiny Chest","Self Forming Clay"],"potions_floor_usage":[12,13,13],"damage_taken":[{"damage":11,"enemies":"Small Slimes","floor":1,"turns":4},{"damage":0,"enemies":"2 Louse","floor":5,"turns":3},{"damage":33,"enemies":"3 Sentries","floor":7,"turns":9},{"damage":35,"enemies":"Lagavulin","floor":10,"turns":6},{"damage":1,"enemies":"Cultist","floor":12,"turns":3},{"damage":24,"enemies":"Gremlin Gang","floor":13,"turns":4},{"damage":36,"enemies":"3 Sentries","floor":14,"turns":9},{"damage":44,"enemies":"Hexaghost","floor":16,"turns":8}],"seed_played":"-8243030618075738966","potions_obtained":[{"floor":7,"key":"LiquidBronze"},{"floor":10,"key":"SneckoOil"},{"floor":12,"key":"PowerPotion"}],"is_trial":false,"path_per_floor":["M","?","?","$","M","R","E","?","T","E","R","M","M","?","R","B"],"character_chosen":"IRONCLAD","items_purchased":["Lee\u0027s Waffle"],"campfire_rested":2,"item_purchase_floors":[4],"current_hp_per_floor":[67,51,40,87,87,87,60,60,60,31,57,62,44,14,40,0],"gold":229,"neow_bonus":"HUNDRED_GOLD","is_prod":false,"is_daily":false,"chose_seed":false,"campfire_upgraded":1,"win_rate":0,"timestamp":1551910691,"path_taken":["M","?","?","$","M","R","E","?","T","E","R","?","?","?","R","BOSS"],"build_version":"2019-01-23","purchased_purges":1,"victory":false,"max_hp_per_floor":[80,80,80,87,87,87,87,87,87,87,87,87,87,87,87,87],"card_choices":[{"not_picked":["Wild Strike","Power Through"],"picked":"Thunderclap","floor":1},{"not_picked":["Havoc","Clothesline"],"picked":"Clash","floor":5},{"not_picked":["Sentinel","Wild Strike"],"picked":"Body Slam","floor":7},{"not_picked":["Armaments","Iron Wave","Sword Boomerang"],"picked":"SKIP","floor":10},{"not_picked":["Clash","Heavy Blade"],"picked":"Battle Trance","floor":12},{"not_picked":["Burning Pact","Sword Boomerang"],"picked":"Carnage","floor":13},{"not_picked":["Perfected Strike","Searing Blow"],"picked":"Exhume","floor":14}],"player_experience":1455248,"relics_obtained":[{"floor":7,"key":"Ginger"},{"floor":9,"key":"Art of War"},{"floor":10,"key":"Tiny Chest"},{"floor":14,"key":"Self Forming Clay"}],"event_choices":[{"damage_healed":0,"gold_gain":0,"player_choice":"Entered Light","damage_taken":16,"max_hp_gain":0,"max_hp_loss":0,"event_name":"Shining Light","floor":2,"gold_loss":0,"cards_upgraded":["Defend_R","Defend_R"]},{"damage_healed":0,"gold_gain":75,"player_choice":"Gather Gold","damage_taken":11,"max_hp_gain":0,"max_hp_loss":0,"event_name":"World of Goop","floor":3,"gold_loss":0},{"damage_healed":0,"gold_gain":0,"player_choice":"1 cards matched","damage_taken":0,"max_hp_gain":0,"max_hp_loss":0,"event_name":"Match and Keep!","floor":8,"gold_loss":0,"cards_obtained":["Parasite"]},{"damage_healed":0,"gold_gain":0,"player_choice":"Searched \u00272\u0027 times","damage_taken":0,"max_hp_gain":0,"max_hp_loss":0,"event_name":"Dead Adventurer","floor":14,"gold_loss":0}],"is_beta":false,"boss_relics":[],"items_purged_floors":[4],"is_endless":false,"potions_floor_spawned":[7,10,12],"killed_by":"Hexaghost","ascension_level":10}