{"gold_per_floor":[112,187,187,86,103,130,142,170,215,229,242,242,276,80,80,181,181,197,197],"floor_reached":19,"playtime":1353,"items_purged":["Regret"],"score":339,"play_id":"efac7470-0d2d-4ace-924c-5d0b08d7829d","local_time":"20190317223410","is_ascension_mode":true,"campfire_choices":[{"floor":12,"key":"REST"},{"floor":15,"key":"REST"}],"neow_cost":"NONE","seed_source_timestamp":271806714348500,"circlet_count":0,"master_deck":["AscendersBane","Strike_R","Strike_R","Strike_R","Strike_R","Strike_R","Defend_R","Defend_R","Defend_R","Defend_R+1","Bash","Clothesline","Body Slam","Feed","Rage","Flex","Body Slam","Uppercut","Rage+1","Infernal Blade","Chrysalis","Barricade+1","Normality","Injury","Pain","Flame Barrier"],"relics":["Burning Blood","NeowsBlessing","Paper Frog","Regal Pillow","Frozen Egg 2","Orichalcum","Bag of Preparation","Calling Bell","War Paint","Molten Egg 2","Dead Branch"],"potions_floor_usage":[11,13,19],"damage_taken":[{"damage":0,"enemies":"Small Slimes","floor":1,"turns":1},{"damage":0,"enemies":"Jaw Worm","floor":5,"turns":1},{"damage":0,"enemies":"3 Sentries","floor":6,"turns":1},{"damage":5,"enemies":"Cultist","floor":7,"turns":5},{"damage":43,"enemies":"Gremlin Nob","floor":8,"turns":5},{"damage":28,"enemies":"Lots of Slimes","floor":10,"turns":6},{"damage":20,"enemies":"Gremlin Gang","floor":11,"turns":6},{"damage":26,"enemies":"3 Sentries","floor":13,"turns":8},{"damage":78,"enemies":"Slime Boss","floor":16,"turns":12},{"damage":53,"enemies":"Shell Parasite","floor":18,"turns":11},{"damage":27,"enemies":"Spheric Guardian","floor":19,"turns":4}],"seed_played":"1002213622090664452","potions_obtained":[{"floor":5,"key":"Ancient Potion"},{"floor":10,"key":"Block Potion"},{"floor":11,"key":"LiquidBronze"},{"floor":16,"key":"FearPotion"},{"floor":18,"key":"SkillPotion"}],"is_trial":false,"path_per_floor":["M","?","?","$","M","E","M","E","T","M","M","R","E","$","R","B",null,"M","M"],"character_chosen":"IRONCLAD","items_purchased":["Body Slam","Chrysalis"],"campfire_rested":2,"item_purchase_floors":[4,14],"current_hp_per_floor":[78,78,78,78,80,80,83,46,46,27,16,57,40,40,82,10,72,25,0],"gold":197,"neow_bonus":"THREE_ENEMY_KILL","is_prod":false,"is_daily":false,"chose_seed":false,"campfire_upgraded":0,"win_rate":0,"timestamp":1552858450,"path_taken":["M","?","?","?","M","E","M","E","T","?","M","R","E","?","R","BOSS","M","M"],"build_version":"2019-01-23","purchased_purges":1,"victory":false,"max_hp_per_floor":[80,80,80,80,80,80,83,83,83,86,89,89,92,92,92,92,92,92,92],"card_choices":[{"not_picked":["Iron Wave","Perfected Strike"],"picked":"Clothesline","floor":1},{"not_picked":["Body Slam","Clash"],"picked":"Feed","floor":5},{"not_picked":["Rupture","Flex"],"picked":"Rage","floor":6},{"not_picked":["Wild Strike","Feel No Pain"],"picked":"Flex","floor":7},{"not_picked":["Sentinel","Wild Strike"],"picked":"Body Slam","floor":8},{"not_picked":["True Grit","Second Wind"],"picked":"Uppercut","floor":10},{"not_picked":["Whirlwind","Armaments"],"picked":"Rage","floor":11},{"not_picked":["Warcry","Anger"],"picked":"Infernal Blade","floor":13},{"not_picked":["Offering","Feed"],"picked":"Barricade+1","floor":16},{"not_picked":["Clothesline+1","Iron Wave+1"],"picked":"Flame Barrier","floor":18}],"player_experience":1537377,"relics_obtained":[{"floor":6,"key":"Regal Pillow"},{"floor":8,"key":"Frozen Egg 2"},{"floor":9,"key":"Orichalcum"},{"floor":13,"key":"Bag of Preparation"},{"floor":17,"key":"War Paint"},{"floor":17,"key":"Molten Egg 2"},{"floor":17,"key":"Dead Branch"}],"event_choices":[{"damage_healed":0,"gold_gain":75,"player_choice":"Gained Gold","damage_taken":0,"max_hp_gain":0,"max_hp_loss":0,"event_name":"Golden Wing","floor":2,"gold_loss":0},{"damage_healed":0,"gold_gain":0,"player_choice":"Box","damage_taken":0,"relics_obtained":["Paper Frog"],"max_hp_gain":0,"max_hp_loss":0,"event_name":"Big Fish","floor":3,"gold_loss":0,"cards_obtained":["Regret"]}],"is_beta":false,"boss_relics":[{"not_picked":["Pandora\u0027s Box","Lizard Tail"],"picked":"Calling Bell"}],"items_purged_floors":[4],"is_endless":false,"potions_floor_spawned":[5,10,11,16,18],"killed_by":"Spheric Guardian","ascension_level":12}