{"path_per_floor":["M","?","$","M","M","E","R","M","T","M","R","E","M","$","R","B",null,"M","?","?","$","M","R","?","R","T","M","M","E","R","M","R","B",null,"M","M","?","?","M"],"character_chosen":"THE_SILENT","items_purchased":["Acrobatics","Cloak And Dagger","Footwork"],"gold_per_floor":[115,290,215,229,240,267,267,237,237,254,254,287,301,175,175,272,272,212,212,312,219,232,232,232,232,232,250,260,295,295,305,305,406,406,416,434,434,434,445],"floor_reached":40,"campfire_rested":5,"playtime":4302,"current_hp_per_floor":[69,69,69,68,68,16,37,37,37,29,50,28,27,27,48,20,70,68,68,68,68,57,67,51,61,61,58,38,2,33,15,48,1,70,70,70,70,70,65],"items_purged":["Doubt","Strike_G"],"gold":445,"score":407,"play_id":"1992400b-e349-4e4d-800f-2d1b4dfcd204","is_prod":false,"is_daily":false,"is_ascension_mode":true,"campfire_upgraded":2,"path_taken":["M","?","?","M","M","E","R","M","T","M","R","E","M","$","R","BOSS","M","?","?","$","M","R","?","R","T","?","M","E","R","M","R","BOSS","M","M","?","?","?","E"],"build_version":"2018-02-22-PROD2","purchased_purges":2,"victory":false,"master_deck":["Defend_G+1","Defend_G+1","Defend_G+1","Defend_G+1","Defend_G+1","Strike_G+1","Strike_G+1","Strike_G+1","Strike_G+1","Survivor","Neutralize","Acrobatics","Deflect","Flying Knee","Expertise","Dagger Spray","Leg Sweep","Setup","Sucker Punch","Acrobatics","Tools of the Trade","Cloak And Dagger+1","Cloak And Dagger+1","Footwork+1","Riddle With Holes","Necronomicurse","Outmaneuver","Infinite Blades","Footwork+1","Cloak And Dagger","Tactician","Quick Slash+1","PiercingWail+1","Neutralize","Dagger Throw"],"max_hp_per_floor":[70,70,70,70,70,70,70,70,70,70,70,70,70,70,70,70,70,70,70,70,70,70,70,70,70,70,70,70,70,70,70,70,70,70,70,70,70,70,70],"relics":["Ring of the Snake","Peace Pipe","Shovel","Shuriken","Eternal Feather","Necronomicon","Dodecahedron","Bag of Preparation","Lizard Tail"],"card_choices":[{"not_picked":["Endless Agony","Underhanded Strike"],"picked":"Acrobatics"},{"not_picked":["Heel Hook","Backstab"],"picked":"Deflect"},{"not_picked":["Distraction","Setup"],"picked":"Flying Knee"},{"not_picked":["Acrobatics","Deadly Poison"],"picked":"Expertise"},{"not_picked":["Backstab","Cloak And Dagger"],"picked":"Dagger Spray"},{"not_picked":["Finisher","Dagger Spray"],"picked":"Leg Sweep"},{"not_picked":["Unload","Poisoned Stab"],"picked":"Setup"},{"not_picked":["Flying Knee","Bane"],"picked":"Sucker Punch"},{"not_picked":["Doppelganger","Corpse Explosion"],"picked":"Tools of the Trade"},{"not_picked":["Reflex","Outmaneuver"],"picked":"Cloak And Dagger"},{"not_picked":["Bane","Acrobatics"],"picked":"Riddle With Holes"},{"not_picked":["Cloak And Dagger","Eviscerate"],"picked":"Outmaneuver"},{"not_picked":["Deflect","Noxious Fumes"],"picked":"Infinite Blades"},{"not_picked":["Flying Knee","Bane"],"picked":"Footwork"},{"not_picked":["Outmaneuver","Acrobatics"],"picked":"Cloak And Dagger"},{"not_picked":["Bullet Time","Tools of the Trade"],"picked":"Tactician"},{"not_picked":["Finisher","Flying Knee"],"picked":"Quick Slash"},{"not_picked":["Poisoned Stab","Flechettes"],"picked":"PiercingWail"},{"not_picked":["Prepared","Poisoned Stab"],"picked":"Dagger Throw"}],"player_experience":118547,"potions_floor_usage":[12,16,16,33,33,33],"damage_taken":[{"damage":1,"enemies":"2 Louse","floor":1,"turns":4},{"damage":1,"enemies":"Cultist","floor":4,"turns":5},{"damage":0,"enemies":"Jaw Worm","floor":5,"turns":4},{"damage":52,"enemies":"Gremlin Nob","floor":6,"turns":7},{"damage":0,"enemies":"Looter","floor":8,"turns":4},{"damage":8,"enemies":"Red Slaver","floor":10,"turns":4},{"damage":22,"enemies":"Lagavulin","floor":12,"turns":13},{"damage":1,"enemies":"Blue Slaver","floor":13,"turns":5},{"damage":28,"enemies":"Slime Boss","floor":16,"turns":10},{"damage":2,"enemies":"2 Thieves","floor":18,"turns":4},{"damage":11,"enemies":"3 Byrds","floor":22,"turns":8},{"damage":3,"enemies":"Centurion and Healer","floor":27,"turns":8},{"damage":20,"enemies":"Snecko","floor":28,"turns":6},{"damage":36,"enemies":"Slavers","floor":29,"turns":6},{"damage":18,"enemies":"Chosen and Byrds","floor":31,"turns":8},{"damage":47,"enemies":"Collector","floor":33,"turns":14},{"damage":0,"enemies":"3 Shapes","floor":35,"turns":8},{"damage":0,"enemies":"3 Darklings","floor":36,"turns":8},{"damage":5,"enemies":"Maw","floor":39,"turns":7},{"damage":117,"enemies":"2 Orb Walkers","floor":40,"turns":6}],"event_choices":[{"event_name":"Liars Game","player_choice":"agreed","floor":2,"damage_taken":0},{"event_name":"Back to Basics","player_choice":"Simplicity","floor":19,"damage_taken":0},{"event_name":"Golden Shrine","player_choice":"Pray","floor":20,"damage_taken":0},{"event_name":"Cursed Tome","player_choice":"Obtained Book","floor":24,"damage_taken":0},{"event_name":"Tomb of Lord Red Mask","player_choice":"Ignored","floor":37,"damage_taken":0},{"event_name":"Match and Keep!","player_choice":"1 cards matched","floor":38,"damage_taken":0}],"boss_relics":[{"not_picked":["Runic Dome","Calling Bell"],"picked":"Eternal Feather"},{"not_picked":["Tiny House","Astrolabe"],"picked":"Lizard Tail"}],"potions_floor_spawned":[1,6,10,12,22,28,29,31,35,36],"seed_played":"-2083925491237452941","killed_by":"2 Orb Walkers","ascension_level":1,"is_trial":false}