{"path_per_floor":["M","?","M","M","M","E","?","M","T","$","R","$","M","?","R","B",null,"M","?","M","$","M","R"],"character_chosen":"IRONCLAD","items_purchased":["Inflame","Second Wind","Armaments","Pommel Strike"],"gold_per_floor":[110,110,120,139,151,184,214,226,226,145,145,105,121,121,121,218,218,231,231,250,175,194,194],"floor_reached":24,"campfire_rested":3,"playtime":1236,"current_hp_per_floor":[80,73,61,66,58,49,49,19,19,19,43,43,26,52,76,18,80,52,52,56,56,32,48],"items_purged":[],"gold":194,"score":224,"play_id":"634024fc-a9a8-489a-819b-b041909e65c5","is_prod":false,"is_daily":false,"is_ascension_mode":false,"campfire_upgraded":0,"path_taken":["M","?","M","?","M","E","?","?","T","?","R","$","?","?","R","BOSS","M","?","?","$","M","R","E"],"build_version":"2018-02-15-PROD1","purchased_purges":3,"victory":false,"master_deck":["Defend_R","Defend_R","Defend_R","Defend_R","Bash","Brutality","Headbutt","Sword Boomerang","Demon Form","Body Slam","Dropkick","Heavy Blade","Iron Wave","Inflame","Second Wind","Flame Barrier","Limit Break","True Grit+1","Bite","Bite","Bite","Bite","Bite","Dual Wield+1","Armaments","Pommel Strike","Feel No Pain"],"max_hp_per_floor":[80,80,80,80,80,80,80,80,80,80,80,80,80,80,80,80,80,80,56,56,56,56,56],"relics":["Burning Blood","Prayer Wheel","Bronze Scales","Mark of Pain"],"card_choices":[{"not_picked":["True Grit","Hemokinesis"],"picked":"Headbutt"},{"not_picked":["Thunderclap","Fire Breathing"],"picked":"Sword Boomerang"},{"not_picked":["True Grit","Uppercut"],"picked":"Demon Form"},{"not_picked":["Shockwave","Clothesline"],"picked":"Body Slam"},{"not_picked":["Pummel","Seeing Red"],"picked":"Dropkick"},{"not_picked":["Twin Strike","Warcry"],"picked":"Heavy Blade"},{"not_picked":["Disarm","Twin Strike"],"picked":"Iron Wave"},{"not_picked":["Evolve","Intimidate"],"picked":"Flame Barrier"},{"not_picked":["Brutality","Double Tap"],"picked":"Limit Break"},{"not_picked":["Body Slam","Sword Boomerang"],"picked":"True Grit"},{"not_picked":["Anger","Body Slam"],"picked":"Dual Wield"},{"not_picked":["Spot Weakness","Flex"],"picked":"Feel No Pain"}],"player_experience":103264,"potions_floor_usage":[24],"damage_taken":[{"damage":5,"enemies":"2 Louse","floor":1,"turns":4},{"damage":18,"enemies":"Jaw Worm","floor":3,"turns":3},{"damage":1,"enemies":"Cultist","floor":4,"turns":3},{"damage":14,"enemies":"2 Fungi Beasts","floor":5,"turns":3},{"damage":15,"enemies":"Gremlin Nob","floor":6,"turns":4},{"damage":36,"enemies":"Exordium Thugs","floor":8,"turns":6},{"damage":23,"enemies":"Gremlin Gang","floor":13,"turns":6},{"damage":64,"enemies":"Hexaghost","floor":16,"turns":8},{"damage":34,"enemies":"2 Thieves","floor":18,"turns":4},{"damage":9,"enemies":"Chosen","floor":20,"turns":4},{"damage":32,"enemies":"Snake Plant","floor":22,"turns":3},{"damage":58,"enemies":"Book of Stabbing","floor":24,"turns":5}],"event_choices":[{"event_name":"Golden Wing","player_choice":"Card Removal","floor":2,"damage_taken":0},{"event_name":"Dead Adventurer","player_choice":"Searched \u00271\u0027 times","floor":7,"damage_taken":0},{"event_name":"Big Fish","player_choice":"Banana","floor":14,"damage_taken":0},{"event_name":"Vampires","player_choice":"Became a vampire","floor":19,"damage_taken":0}],"boss_relics":[{"not_picked":["Runic Pyramid","Tiny House"],"picked":"Mark of Pain"}],"potions_floor_spawned":[5,6,8,13,22],"seed_played":"-6343290500469213313","killed_by":"Book of Stabbing","ascension_level":0,"is_trial":false}