{"gold_per_floor":[115,126,29,204,77,77,110,124,124,124,124,147,176,187,187,282,282,302,227,240,67,67,67,78,90,140,140,1,18,18,29,29,124,124,135,135,135,135,153,182,182,192,217,22,40,40,65,76,76,76],"floor_reached":50,"playtime":2875,"items_purged":["Doubt","Strike_G"],"score":535,"play_id":"9381daf6-00fa-447c-a299-7243da75ced9","local_time":"20181020200028","is_ascension_mode":false,"campfire_choices":[{"data":"Bane","floor":6,"key":"SMITH"},{"data":"Crippling Poison","floor":11,"key":"SMITH"},{"floor":15,"key":"REST"},{"floor":23,"key":"REST"},{"floor":32,"key":"REST"},{"floor":41,"key":"REST"},{"floor":46,"key":"REST"},{"floor":49,"key":"REST"}],"neow_cost":"NONE","seed_source_timestamp":334821767376300,"circlet_count":0,"master_deck":["Defend_G","Defend_G","Defend_G","Defend_G","Defend_G","Strike_G","Strike_G","Strike_G","Strike_G","Survivor","Neutralize","Poisoned Stab","Calculated Gamble","Deadly Poison","Bouncing Flask","Bane+1","Crippling Poison+1","Corpse Explosion","Doppelganger","Sadistic Nature","Crippling Poison","Prepared+1","Skewer+1","Dash+1","Burst","Madness","Madness","Panache","Apotheosis","Forethought","Catalyst","Footwork","Bane+1"],"relics":["Sozu","Art of War","Molten Egg 2","WarpedTongs","Odd Mushroom","Blood Vial","Fusion Hammer","Centennial Puzzle","Runic Pyramid","Dead Branch","Bag of Marbles","Juzu Bracelet","Strange Spoon","Toxic Egg 2"],"potions_floor_usage":[],"damage_taken":[{"damage":2,"enemies":"Small Slimes","floor":1,"turns":5},{"damage":5,"enemies":"Jaw Worm","floor":2,"turns":4},{"damage":13,"enemies":"Lagavulin","floor":7,"turns":5},{"damage":0,"enemies":"Cultist","floor":8,"turns":3},{"damage":5,"enemies":"The Mushroom Lair","floor":12,"turns":3},{"damage":16,"enemies":"3 Sentries","floor":13,"turns":5},{"damage":1,"enemies":"3 Louse","floor":14,"turns":3},{"damage":10,"enemies":"Slime Boss","floor":16,"turns":6},{"damage":15,"enemies":"2 Thieves","floor":18,"turns":3},{"damage":0,"enemies":"3 Byrds","floor":20,"turns":3},{"damage":14,"enemies":"Shelled Parasite and Fungi","floor":24,"turns":4},{"damage":21,"enemies":"Snake Plant","floor":25,"turns":4},{"damage":3,"enemies":"Snecko","floor":29,"turns":3},{"damage":6,"enemies":"Chosen and Byrds","floor":31,"turns":3},{"damage":52,"enemies":"Collector","floor":33,"turns":8},{"damage":0,"enemies":"3 Darklings","floor":35,"turns":2},{"damage":0,"enemies":"Mind Bloom Boss Battle","floor":38,"turns":5},{"damage":18,"enemies":"3 Shapes","floor":39,"turns":2},{"damage":20,"enemies":"Nemesis","floor":40,"turns":5},{"damage":0,"enemies":"Transient","floor":42,"turns":5},{"damage":0,"enemies":"Jaw Worm Horde","floor":45,"turns":2},{"damage":29,"enemies":"Reptomancer","floor":47,"turns":5},{"damage":16,"enemies":"3 Darklings","floor":48,"turns":4},{"damage":58,"enemies":"Awakened One","floor":50,"turns":9}],"seed_played":"-3483180845012932505","potions_obtained":[],"is_trial":false,"path_per_floor":["M","M","$","?","$","R","E","M","T","?","R","?","E","M","R","B",null,"M","?","M","$","?","R","M","M","T","?","$","M","$","M","R","B",null,"M","?","?","?","M","E","R","M","T","$","M","R","E","M","R"],"character_chosen":"THE_SILENT","items_purchased":["Deadly Poison","Bouncing Flask","Bane","Sadistic Nature","Skewer+1","Strange Spoon"],"campfire_rested":6,"item_purchase_floors":[3,3,5,21,28,44],"current_hp_per_floor":[68,63,63,63,63,63,50,50,50,50,50,45,29,30,51,43,70,55,55,57,57,44,66,54,35,35,35,35,34,34,30,52,2,75,75,66,56,58,42,24,46,48,48,48,50,72,45,31,53,0],"gold":76,"neow_bonus":"BOSS_RELIC","is_prod":false,"is_daily":false,"chose_seed":false,"campfire_upgraded":2,"win_rate":0,"timestamp":1540058428,"path_taken":["M","M","$","?","$","R","E","M","T","?","R","?","E","M","R","BOSS","M","?","M","$","?","R","M","M","T","?","$","M","$","M","R","BOSS","M","?","?","?","M","E","R","?","T","$","M","R","E","M","R","BOSS"],"build_version":"2018-10-18","purchased_purges":2,"victory":false,"max_hp_per_floor":[70,70,70,70,70,70,70,70,70,70,70,70,70,70,70,70,70,70,70,70,70,75,75,75,75,75,75,75,75,75,75,75,75,75,75,75,75,75,75,75,75,75,75,75,75,75,75,75,75,75],"card_choices":[{"not_picked":["Sucker Punch","Deflect"],"picked":"Poisoned Stab","floor":1},{"not_picked":["Dagger Throw","PiercingWail"],"picked":"Calculated Gamble","floor":2},{"not_picked":["Poisoned Stab","Acrobatics"],"picked":"Crippling Poison","floor":7},{"not_picked":["Cloak And Dagger","Calculated Gamble","Predator"],"picked":"SKIP","floor":8},{"not_picked":["Dagger Throw+1","Eviscerate+1"],"picked":"Corpse Explosion","floor":13},{"not_picked":["Heel Hook+1","Sucker Punch+1","Dagger Throw+1"],"picked":"SKIP","floor":14},{"not_picked":["Malaise","Grand Finale+1"],"picked":"Doppelganger","floor":16},{"not_picked":["Quick Slash+1","Outmaneuver","Underhanded Strike+1"],"picked":"SKIP","floor":18},{"not_picked":["Poisoned Stab+1","Backflip","All Out Attack+1"],"picked":"SKIP","floor":20},{"not_picked":["Masterful Stab+1","Predator+1"],"picked":"Crippling Poison","floor":24},{"not_picked":["Doppelganger","Tactician"],"picked":"Prepared+1","floor":25},{"not_picked":["Riddle With Holes+1","Poisoned Stab+1"],"picked":"Dash+1","floor":29},{"not_picked":["Acrobatics","Flying Knee+1","Dagger Spray+1"],"picked":"SKIP","floor":31},{"not_picked":["Doppelganger","Wraith Form v2"],"picked":"Burst","floor":33},{"not_picked":["Underhanded Strike+1","Eviscerate+1","Deadly Poison"],"picked":"SKIP","floor":35},{"not_picked":["Finesse","Jack Of All Trades"],"picked":"Panache","floor":37},{"not_picked":["Secret Weapon","Good Instincts"],"picked":"Apotheosis","floor":37},{"not_picked":["Flash of Steel+1","Trip"],"picked":"Forethought","floor":37},{"not_picked":["Dodge and Roll+1","Accuracy"],"picked":"Catalyst","floor":38},{"not_picked":["Backflip+1","Blade Dance+1"],"picked":"Footwork","floor":39},{"not_picked":["Backflip+1","Phantasmal Killer","Deadly Poison"],"picked":"SKIP","floor":40},{"not_picked":["Accuracy+1","Dash+1"],"picked":"Bane+1","floor":42},{"not_picked":["Flying Knee+1","Sucker Punch+1","Deadly Poison"],"picked":"SKIP","floor":45},{"not_picked":["Bane+1","Outmaneuver+1","Well Laid Plans"],"picked":"SKIP","floor":47},{"not_picked":["Dagger Throw+1","Eviscerate+1","Dash+1"],"picked":"SKIP","floor":48}],"player_experience":730026,"relics_obtained":[{"floor":7,"key":"Art of War"},{"floor":9,"key":"Molten Egg 2"},{"floor":12,"key":"Odd Mushroom"},{"floor":13,"key":"Blood Vial"},{"floor":26,"key":"Centennial Puzzle"},{"floor":38,"key":"Dead Branch"},{"floor":40,"key":"Bag of Marbles"},{"floor":43,"key":"Juzu Bracelet"},{"floor":47,"key":"Toxic Egg 2"}],"event_choices":[{"damage_healed":0,"gold_gain":175,"player_choice":"AGREE","damage_taken":0,"max_hp_gain":0,"max_hp_loss":0,"event_name":"Liars Game","floor":4,"gold_loss":0,"cards_obtained":["Doubt"]},{"damage_healed":0,"gold_gain":0,"player_choice":"Rummage","damage_taken":0,"relics_obtained":["WarpedTongs"],"max_hp_gain":0,"max_hp_loss":0,"event_name":"Accursed Blacksmith","floor":10,"gold_loss":0,"cards_obtained":["Pain"]},{"damage_healed":0,"gold_gain":0,"player_choice":"Fought Mushrooms","damage_taken":0,"max_hp_gain":0,"max_hp_loss":0,"event_name":"Mushrooms","floor":12,"gold_loss":0},{"cards_removed":["Pain"],"damage_healed":0,"gold_gain":0,"player_choice":"Gave Gold","damage_taken":0,"max_hp_gain":0,"max_hp_loss":0,"event_name":"Beggar","floor":19,"gold_loss":75},{"damage_healed":0,"gold_gain":0,"player_choice":"Shed Blood","damage_taken":18,"max_hp_gain":5,"max_hp_loss":0,"event_name":"Forgotten Altar","floor":22,"gold_loss":0},{"damage_healed":0,"gold_gain":0,"player_choice":"Got Potions","damage_taken":0,"max_hp_gain":0,"max_hp_loss":0,"event_name":"The Lab","floor":27,"gold_loss":0},{"damage_healed":0,"gold_gain":0,"player_choice":"Embrace Madness","damage_taken":9,"max_hp_gain":0,"max_hp_loss":0,"event_name":"Winding Halls","floor":36,"gold_loss":0,"cards_obtained":["Madness","Madness"]},{"damage_healed":0,"gold_gain":0,"player_choice":"Memory 3","damage_taken":10,"max_hp_gain":0,"max_hp_loss":0,"event_name":"SensoryStone","floor":37,"gold_loss":0},{"damage_healed":0,"gold_gain":0,"player_choice":"Fight","damage_taken":0,"max_hp_gain":0,"max_hp_loss":0,"event_name":"MindBloom","floor":38,"gold_loss":0}],"is_beta":false,"boss_relics":[{"not_picked":["WristBlade","Tiny House"],"picked":"Fusion Hammer"},{"not_picked":["Empty Cage","Orrery"],"picked":"Runic Pyramid"}],"items_purged_floors":[5,28],"is_endless":false,"potions_floor_spawned":[2,13,14,20,31,35,38,45],"killed_by":"Awakened One","ascension_level":0}