{"gold_per_floor":[184,269,69,69,69,69,134,199,199,199,104,4,4,4,4,364,514,559,664,322,367,21,86,86],"floor_reached":24,"playtime":2484,"items_purged":[],"score":261,"play_id":"9ebe383b-be5a-4331-91f7-3ac2ae58e834","local_time":"20181231184421","daily_mods":["Allstar","Hoarder","Midas"],"is_ascension_mode":false,"campfire_choices":[{"floor":6,"key":"REST"},{"floor":13,"key":"REST"},{"floor":15,"key":"REST"}],"neow_cost":"","seed_source_timestamp":357929320663169,"circlet_count":0,"master_deck":["Strike_R","Strike_R","Strike_R","Strike_R","Strike_R","Defend_R","Defend_R","Defend_R","Defend_R","Bandage Up","Bandage Up","Bandage Up","Jack Of All Trades","Jack Of All Trades","Jack Of All Trades","HandOfGreed","HandOfGreed","HandOfGreed","Chrysalis","Chrysalis","Chrysalis","Finesse","Finesse","Finesse","Transmutation","Transmutation","Transmutation","Regret","Regret","Regret","Double Tap","Double Tap+1","Double Tap","Seeing Red","Seeing Red","Seeing Red","Flash of Steel","Flash of Steel","Flash of Steel","Violence","Violence","Violence","Flash of Steel+1","Flash of Steel+1","Flash of Steel+1"],"special_seed":17897,"relics":["Burning Blood","Membership Card","Happy Flower","Kunai","Juzu Bracelet","Strange Spoon","Dodecahedron","Tiny House","Lantern","OrangePellets","Molten Egg 2","ClockworkSouvenir","Bag of Marbles"],"potions_floor_usage":[16,16,16,18,21,21,24],"damage_taken":[{"damage":8,"enemies":"Small Slimes","floor":1,"turns":5},{"damage":3,"enemies":"2 Louse","floor":2,"turns":3},{"damage":11,"enemies":"Jaw Worm","floor":7,"turns":5},{"damage":3,"enemies":"Blue Slaver","floor":8,"turns":3},{"damage":101,"enemies":"Slime Boss","floor":16,"turns":17},{"damage":20,"enemies":"2 Thieves","floor":18,"turns":4},{"damage":73,"enemies":"3 Byrds","floor":19,"turns":8},{"damage":21,"enemies":"Snecko","floor":21,"turns":4},{"damage":8,"enemies":"Snake Plant","floor":23,"turns":3},{"damage":39,"enemies":"Gremlin Leader","floor":24,"turns":4}],"seed_played":"2052676809091822558","potions_obtained":[{"floor":2,"key":"SpeedPotion"},{"floor":7,"key":"BloodPotion"},{"floor":8,"key":"FearPotion"},{"floor":17,"key":"AttackPotion"},{"floor":19,"key":"Weak Potion"},{"floor":23,"key":"Swift Potion"}],"is_trial":false,"path_per_floor":["M","M","$","?","?","R","M","M","T","T","$","$","R","?","R","B",null,"M","M","$","M","$","M","E"],"character_chosen":"IRONCLAD","items_purchased":["Membership Card","Transmutation","Strange Spoon","Flash of Steel","Lantern","OrangePellets","Fire Potion","Violence","Molten Egg 2","Flash of Steel+1","ClockworkSouvenir","Bag of Marbles"],"campfire_rested":3,"item_purchase_floors":[3,11,12,20,20,20,20,20,22,22,22,22],"current_hp_per_floor":[80,80,80,73,66,80,80,80,80,80,80,80,80,80,80,12,85,79,22,22,15,15,25,0],"gold":86,"neow_bonus":"","is_prod":false,"is_daily":true,"chose_seed":false,"campfire_upgraded":0,"win_rate":0,"timestamp":1546310661,"path_taken":["M","M","$","?","?","R","M","M","T","?","?","$","R","?","R","BOSS","M","M","$","M","$","M","E"],"build_version":"2018-12-20","purchased_purges":0,"victory":false,"max_hp_per_floor":[80,80,80,80,80,80,80,80,80,80,80,80,80,80,80,80,85,85,85,85,85,85,85,85],"card_choices":[{"not_picked":["Battle Trance","Cleave","Warcry"],"picked":"SKIP","floor":1},{"not_picked":["Havoc","Bloodletting","Warcry"],"picked":"SKIP","floor":2},{"not_picked":["Clothesline","Clash","Second Wind"],"picked":"SKIP","floor":7},{"not_picked":["Heavy Blade","Sword Boomerang","Headbutt"],"picked":"SKIP","floor":8},{"not_picked":["Barricade","Dark Embrace"],"picked":"Double Tap","floor":16},{"not_picked":["Shrug It Off+1","Sever Soul","Clash+1"],"picked":"SKIP","floor":18},{"not_picked":["Combust+1","Brutality"],"picked":"Seeing Red","floor":19},{"not_picked":["Feel No Pain+1","Warcry","Anger"],"picked":"SKIP","floor":21},{"not_picked":["Perfected Strike+1","Wild Strike+1","Body Slam+1"],"picked":"SKIP","floor":23}],"player_experience":307099,"relics_obtained":[{"floor":9,"key":"Kunai"},{"floor":10,"key":"Juzu Bracelet"}],"event_choices":[{"damage_healed":0,"gold_gain":0,"player_choice":"Success","damage_taken":7,"relics_obtained":["Happy Flower"],"max_hp_gain":0,"max_hp_loss":0,"event_name":"Scrap Ooze","floor":4,"gold_loss":0},{"cards_removed":["Bash"],"damage_healed":0,"gold_gain":0,"player_choice":"Card Removal","damage_taken":7,"max_hp_gain":0,"max_hp_loss":0,"event_name":"Golden Wing","floor":5,"gold_loss":0},{"damage_healed":0,"gold_gain":0,"player_choice":"Box","damage_taken":0,"relics_obtained":["Dodecahedron"],"max_hp_gain":0,"max_hp_loss":0,"event_name":"Big Fish","floor":14,"gold_loss":0,"cards_obtained":["Regret"]}],"is_beta":false,"boss_relics":[{"not_picked":["Astrolabe","Sozu"],"picked":"Tiny House"}],"items_purged_floors":[],"is_endless":false,"potions_floor_spawned":[2,7,8,19,23],"killed_by":"Gremlin Leader","ascension_level":0}