{"path_per_floor":["M","?","M","?","$","R","M","?","T","E","M","R","$","M","R","B",null,"M","M","?","M","T","R","?","M","T"],"character_chosen":"THE_SILENT","items_purchased":["Slice","Outmaneuver","Predator","Blur"],"gold_per_floor":[112,287,306,406,188,188,206,206,261,296,316,316,136,150,150,247,247,266,280,280,300,300,300,300,318,318],"floor_reached":27,"campfire_rested":2,"playtime":2417,"current_hp_per_floor":[70,70,69,69,69,69,69,69,69,49,44,44,44,36,57,29,70,65,54,54,38,38,59,59,25,25],"items_purged":["Doubt","Strike_G"],"gold":318,"score":213,"play_id":"fbd77c3b-d4f1-4ea3-a985-e4eea822e054","is_prod":false,"is_daily":false,"is_ascension_mode":false,"campfire_upgraded":2,"path_taken":["M","?","M","?","?","R","?","?","T","E","?","R","?","M","R","BOSS","M","?","?","M","?","R","?","M","T","?"],"build_version":"2018-02-15-PROD1","purchased_purges":2,"victory":false,"master_deck":["Defend_G+1","Defend_G+1","Defend_G+1","Defend_G+1","Defend_G+1","Strike_G+1","Strike_G+1","Strike_G+1","Strike_G+1","Survivor","Neutralize+1","Slice","Eviscerate","Dagger Throw","Slice","Outmaneuver","Predator+1","Flying Knee","Dagger Spray","Terror","Blur","Prepared","Glass Knife","Backflip","Dagger Throw","Acrobatics","Masterful Stab"],"max_hp_per_floor":[70,70,70,70,70,70,70,70,70,70,70,70,70,70,70,70,70,70,70,70,70,70,70,70,70,70],"relics":["Ring of the Snake","Mummified Hand","Tiny Chest","Bird Faced Urn","The Specimen","Anchor","Ginger"],"card_choices":[{"not_picked":["Poisoned Stab","Backstab"],"picked":"Slice"},{"not_picked":["Crippling Poison","Dodge and Roll"],"picked":"Eviscerate"},{"not_picked":["Slice","Blade Dance"],"picked":"Dagger Throw"},{"not_picked":["Dagger Spray","Venomology"],"picked":"Flying Knee"},{"not_picked":["Choke","Deadly Poison"],"picked":"Dagger Spray"},{"not_picked":["Backflip","Flying Knee"],"picked":"Terror"},{"not_picked":["Crippling Poison","Underhanded Strike"],"picked":"Prepared"},{"not_picked":["Venomology","Doppelganger"],"picked":"Glass Knife"},{"not_picked":["Sucker Punch","Flying Knee"],"picked":"Backflip"},{"not_picked":["Deadly Poison","Choke"],"picked":"Dagger Throw"},{"not_picked":["Quick Slash","Backflip"],"picked":"Acrobatics"},{"not_picked":["Cloak And Dagger","Dash"],"picked":"Masterful Stab"}],"player_experience":97198,"potions_floor_usage":[16,27],"damage_taken":[{"damage":0,"enemies":"Jaw Worm","floor":1,"turns":4},{"damage":1,"enemies":"Cultist","floor":3,"turns":4},{"damage":0,"enemies":"2 Louse","floor":7,"turns":2},{"damage":20,"enemies":"3 Sentries","floor":10,"turns":8},{"damage":5,"enemies":"Blue Slaver","floor":11,"turns":4},{"damage":8,"enemies":"Exordium Thugs","floor":14,"turns":4},{"damage":28,"enemies":"Hexaghost","floor":16,"turns":11},{"damage":5,"enemies":"Chosen","floor":18,"turns":5},{"damage":11,"enemies":"3 Byrds","floor":19,"turns":7},{"damage":16,"enemies":"Snecko","floor":21,"turns":5},{"damage":34,"enemies":"Sentry and Sphere","floor":25,"turns":6},{"damage":34,"enemies":"Cultist and Chosen","floor":27,"turns":5}],"event_choices":[{"event_name":"Liars Game","player_choice":"agreed","floor":2,"damage_taken":0},{"event_name":"Golden Shrine","player_choice":"Pray","floor":4,"damage_taken":0},{"event_name":"Dead Adventurer","player_choice":"Searched \u00271\u0027 times","floor":8,"damage_taken":0},{"event_name":"The Woman in Blue","player_choice":"Bought 0 Potions","floor":20,"damage_taken":0},{"event_name":"Back to Basics","player_choice":"Simplicity","floor":24,"damage_taken":0}],"boss_relics":[{"not_picked":["White Beast Statue","Runic Dome"],"picked":"The Specimen"}],"potions_floor_spawned":[1,3,14,16,18],"seed_played":"8465788422696489380","killed_by":"Cultist and Chosen","ascension_level":0,"is_trial":false}