{"gold_per_floor":[210,220,232,2,16,50,50,50,50,50,68,79,105,28,28,126,126,146,0,0,0,20,47,47,47],"floor_reached":25,"playtime":1200,"items_purged":[],"score":276,"play_id":"ddc2241b-fc6e-48e5-9d6e-cdca42ea05df","local_time":"20181105014906","is_ascension_mode":true,"campfire_choices":[{"floor":7,"key":"REST"},{"floor":15,"key":"REST"},{"floor":24,"key":"REST"}],"neow_cost":"NONE","seed_source_timestamp":534327396409100,"circlet_count":0,"master_deck":["Strike_R","Strike_R","Strike_R","Strike_R","Strike_R","Defend_R","Defend_R","Defend_R","Defend_R","Bash","Evolve","Shrug It Off","Pommel Strike","Apotheosis","Feel No Pain","Spot Weakness","Armaments","Heavy Blade","Battle Trance","Blood for Blood","Fiend Fire","J.A.X.","Dual Wield"],"relics":["Burning Blood","Paper Frog","Singing Bowl","CultistMask","Juzu Bracelet","Runic Pyramid","Nilry\u0027s Codex","Dodecahedron"],"potions_floor_usage":[3,6,22,22,25],"damage_taken":[{"damage":16,"enemies":"Cultist","floor":1,"turns":4},{"damage":1,"enemies":"2 Louse","floor":2,"turns":5},{"damage":0,"enemies":"Jaw Worm","floor":3,"turns":3},{"damage":18,"enemies":"Exordium Thugs","floor":5,"turns":5},{"damage":42,"enemies":"Gremlin Nob","floor":6,"turns":5},{"damage":22,"enemies":"Lots of Slimes","floor":11,"turns":7},{"damage":0,"enemies":"2 Fungi Beasts","floor":12,"turns":5},{"damage":35,"enemies":"The Guardian","floor":16,"turns":9},{"damage":2,"enemies":"Chosen","floor":18,"turns":3},{"damage":9,"enemies":"2 Thieves","floor":22,"turns":4},{"damage":40,"enemies":"Slavers","floor":23,"turns":4},{"damage":63,"enemies":"Gremlin Leader","floor":25,"turns":5}],"seed_played":"7686251392125712526","potions_obtained":[{"floor":1,"key":"GamblersBrew"},{"floor":2,"key":"AttackPotion"},{"floor":16,"key":"Weak Potion"},{"floor":18,"key":"Strength Potion"},{"floor":23,"key":"Explosive Potion"}],"is_trial":false,"path_per_floor":["M","M","M","$","M","E","R","?","T","?","M","M","T","$","R","B",null,"M","?","?","?","M","E","R","E"],"character_chosen":"IRONCLAD","items_purchased":["Apotheosis","Feel No Pain","Blood for Blood"],"campfire_rested":3,"item_purchase_floors":[4,4,14],"current_hp_per_floor":[70,75,80,80,68,32,56,56,56,56,40,46,46,46,70,41,70,76,76,76,60,57,25,50,0],"gold":47,"neow_bonus":"HUNDRED_GOLD","is_prod":false,"is_daily":false,"chose_seed":false,"campfire_upgraded":0,"win_rate":0,"timestamp":1541378946,"path_taken":["M","?","M","$","M","E","R","?","T","?","?","M","?","$","R","BOSS","M","?","?","?","M","E","R","E"],"build_version":"2018-11-01","purchased_purges":0,"victory":false,"max_hp_per_floor":[80,80,80,80,80,80,80,80,80,80,80,80,80,80,80,80,80,82,82,82,82,82,84,84,84],"card_choices":[{"not_picked":["Sentinel","Hemokinesis"],"picked":"Evolve","floor":1},{"not_picked":["Clothesline","Twin Strike"],"picked":"Shrug It Off","floor":2},{"not_picked":["Perfected Strike","Shrug It Off"],"picked":"Pommel Strike","floor":3},{"not_picked":["Havoc","Wild Strike"],"picked":"Spot Weakness","floor":5},{"not_picked":["Heavy Blade","Anger"],"picked":"Armaments","floor":6},{"not_picked":["Sword Boomerang","Iron Wave"],"picked":"Heavy Blade","floor":11},{"not_picked":["Shrug It Off","Sever Soul"],"picked":"Battle Trance","floor":12},{"not_picked":["Double Tap","Offering"],"picked":"Fiend Fire","floor":16},{"not_picked":["Perfected Strike","Bloodletting","Armaments"],"picked":"Singing Bowl","floor":18},{"not_picked":["Feel No Pain","Thunderclap"],"picked":"Dual Wield","floor":22},{"not_picked":["Heavy Blade","Armaments+1","Berserk"],"picked":"Singing Bowl","floor":23}],"player_experience":850344,"relics_obtained":[{"floor":6,"key":"Paper Frog"},{"floor":9,"key":"Singing Bowl"},{"floor":13,"key":"Juzu Bracelet"},{"floor":21,"key":"Nilry\u0027s Codex"},{"floor":23,"key":"Dodecahedron"}],"event_choices":[{"damage_healed":0,"gold_gain":0,"player_choice":"Ignored","damage_taken":0,"max_hp_gain":0,"max_hp_loss":0,"event_name":"Golden Wing","floor":8,"gold_loss":0},{"damage_healed":0,"gold_gain":0,"player_choice":"Trade","damage_taken":0,"relics_obtained":["CultistMask"],"max_hp_gain":0,"max_hp_loss":0,"event_name":"FaceTrader","floor":10,"gold_loss":0},{"damage_healed":0,"gold_gain":0,"player_choice":"Paid Fearfully","damage_taken":0,"max_hp_gain":0,"max_hp_loss":0,"event_name":"Masked Bandits","floor":19,"gold_loss":146},{"damage_healed":0,"gold_gain":0,"player_choice":"Obtain J.A.X.","damage_taken":0,"max_hp_gain":0,"max_hp_loss":0,"event_name":"Drug Dealer","floor":20,"gold_loss":0,"cards_obtained":["J.A.X."]},{"damage_healed":0,"gold_gain":0,"player_choice":"Obtained Book","damage_taken":16,"max_hp_gain":0,"max_hp_loss":0,"event_name":"Cursed Tome","floor":21,"gold_loss":0}],"is_beta":false,"boss_relics":[{"not_picked":["Cursed Key","Lizard Tail"],"picked":"Runic Pyramid"}],"items_purged_floors":[],"is_endless":false,"potions_floor_spawned":[1,2,16,18,23],"killed_by":"Gremlin Leader","ascension_level":5}