{"gold_per_floor":[111,16,16,31,181,208,221,70,70,90,145,162,162,181,181,181],"floor_reached":16,"playtime":1582,"items_purged":["Doubt"],"score":229,"play_id":"bc2ac2af-ccb5-4b88-8c0b-ce356171e275","local_time":"20190507151841","is_ascension_mode":true,"campfire_choices":[{"data":"Footwork","floor":15,"key":"SMITH"}],"neow_cost":"NONE","seed_source_timestamp":27840310826666,"circlet_count":0,"master_deck":["AscendersBane","Defend_G","Defend_G","Defend_G","Defend_G","Defend_G","Strike_G","Strike_G","Strike_G","Strike_G","Survivor","Neutralize","PiercingWail","Footwork+1","Leg Sweep","Sucker Punch","Deadly Poison","Dagger Throw","Deflect","PiercingWail","Dash","Backflip","PiercingWail"],"relics":["Ring of the Snake","NeowsBlessing","Blue Candle","Orichalcum","Bag of Preparation"],"potions_floor_usage":[11],"damage_taken":[{"damage":0,"enemies":"Cultist","floor":1,"turns":1},{"damage":0,"enemies":"Small Slimes","floor":4,"turns":1},{"damage":0,"enemies":"Lagavulin","floor":6,"turns":1},{"damage":4,"enemies":"Jaw Worm","floor":7,"turns":9},{"damage":0,"enemies":"Blue Slaver","floor":10,"turns":5},{"damage":25,"enemies":"Lagavulin Event","floor":11,"turns":8},{"damage":0,"enemies":"Lots of Slimes","floor":12,"turns":7},{"damage":0,"enemies":"3 Louse","floor":14,"turns":5},{"damage":33,"enemies":"Hexaghost","floor":16,"turns":16}],"seed_played":"5151652499730105059","potions_obtained":[{"floor":4,"key":"Fire Potion"},{"floor":6,"key":"GhostInAJar"},{"floor":7,"key":"Fire Potion"}],"is_trial":false,"path_per_floor":["M","$","?","M","?","E","M","$","T","M","?","M","?","M","R","B"],"character_chosen":"THE_SILENT","items_purchased":["Footwork","Block Potion","Dagger Throw","Deflect"],"campfire_rested":0,"item_purchase_floors":[2,2,8,8],"current_hp_per_floor":[59,59,59,59,59,59,55,55,55,55,30,30,30,30,30,0],"gold":181,"neow_bonus":"THREE_ENEMY_KILL","is_prod":false,"is_daily":false,"chose_seed":false,"campfire_upgraded":1,"win_rate":0,"timestamp":1557267521,"path_taken":["M","$","?","M","?","E","M","$","T","M","?","?","?","M","R","BOSS"],"build_version":"2019-01-23","purchased_purges":1,"victory":false,"max_hp_per_floor":[66,66,66,66,66,66,66,66,66,66,66,66,66,66,66,66],"card_choices":[{"not_picked":["Concentrate","Eviscerate"],"picked":"PiercingWail","floor":1},{"not_picked":["Prepared","Blade Dance"],"picked":"Leg Sweep","floor":4},{"not_picked":["Slice","Underhanded Strike"],"picked":"Sucker Punch","floor":6},{"not_picked":["Catalyst","Quick Slash"],"picked":"Deadly Poison","floor":7},{"not_picked":["Sucker Punch","Flechettes"],"picked":"PiercingWail","floor":10},{"not_picked":["Setup","Venomology"],"picked":"Dash","floor":11},{"not_picked":["Prepared","Accuracy"],"picked":"Backflip","floor":12},{"not_picked":["Sucker Punch","Dodge and Roll"],"picked":"PiercingWail","floor":14}],"player_experience":1633417,"relics_obtained":[{"floor":6,"key":"Blue Candle"},{"floor":9,"key":"Orichalcum"}],"event_choices":[{"damage_healed":0,"gold_gain":0,"player_choice":"Leave","damage_taken":0,"max_hp_gain":0,"max_hp_loss":0,"event_name":"The Cleric","floor":3,"gold_loss":0},{"damage_healed":0,"gold_gain":150,"player_choice":"AGREE","damage_taken":0,"max_hp_gain":0,"max_hp_loss":0,"event_name":"Liars Game","floor":5,"gold_loss":0,"cards_obtained":["Doubt"]},{"damage_healed":0,"gold_gain":0,"player_choice":"Searched \u00273\u0027 times","damage_taken":0,"relics_obtained":["Bag of Preparation"],"max_hp_gain":0,"max_hp_loss":0,"event_name":"Dead Adventurer","floor":11,"gold_loss":0},{"cards_removed":["Strike_G"],"damage_healed":0,"gold_gain":0,"player_choice":"Purged","damage_taken":0,"max_hp_gain":0,"max_hp_loss":0,"event_name":"Purifier","floor":13,"gold_loss":0}],"is_beta":false,"boss_relics":[],"items_purged_floors":[8],"is_endless":false,"potions_floor_spawned":[4,6,7],"killed_by":"Hexaghost","ascension_level":16}