{"gold_per_floor":[112,112,125,145,157,157,172,198,198,40,40],"floor_reached":11,"playtime":1627,"items_purged":[],"score":150,"play_id":"ba81ed98-5864-4c25-9f3a-f38cda8c7ce1","local_time":"20190506042513","is_ascension_mode":true,"campfire_choices":[{"data":"Body Slam","floor":6,"key":"SMITH"}],"neow_cost":"TEN_PERCENT_HP_LOSS","seed_source_timestamp":771879123780352,"circlet_count":0,"master_deck":["AscendersBane","Strike_R","Strike_R","Strike_R","Strike_R","Defend_R","Defend_R","Defend_R+1","Defend_R","Bash","Good Instincts","Forethought","Body Slam+1","Brutality","Second Wind","Disarm+1","True Grit","Shockwave","Impervious"],"relics":["Burning Blood","War Paint","Happy Flower"],"potions_floor_usage":[8],"damage_taken":[{"damage":5,"enemies":"Small Slimes","floor":1,"turns":4},{"damage":5,"enemies":"2 Louse","floor":3,"turns":4},{"damage":14,"enemies":"Jaw Worm","floor":4,"turns":5},{"damage":6,"enemies":"Looter","floor":5,"turns":5},{"damage":16,"enemies":"3 Louse","floor":7,"turns":5},{"damage":47,"enemies":"3 Sentries","floor":8,"turns":13},{"damage":10,"enemies":"Gremlin Gang","floor":11,"turns":1}],"seed_played":"3516378201397728598","potions_obtained":[{"floor":3,"key":"Energy Potion"},{"floor":5,"key":"SteroidPotion"},{"floor":8,"key":"Ancient Potion"}],"is_trial":false,"path_per_floor":["M","?","M","M","M","R","M","E","T","$","M"],"character_chosen":"IRONCLAD","items_purchased":["Impervious"],"campfire_rested":0,"item_purchase_floors":[10],"current_hp_per_floor":[68,68,68,60,60,60,50,9,9,9,0],"gold":40,"neow_bonus":"RANDOM_COLORLESS_2","is_prod":false,"is_daily":false,"chose_seed":false,"campfire_upgraded":1,"win_rate":0,"timestamp":1557131113,"path_taken":["M","?","M","M","M","R","M","E","T","$","M"],"build_version":"2019-01-23","purchased_purges":0,"victory":false,"max_hp_per_floor":[68,68,68,68,68,68,68,68,68,68,68],"card_choices":[{"not_picked":["Thunderclap","Rage"],"picked":"Body Slam","floor":1},{"not_picked":["Bloodletting","Flex","Wild Strike"],"picked":"SKIP","floor":3},{"not_picked":["Heavy Blade","Dropkick"],"picked":"Second Wind","floor":4},{"not_picked":["Spot Weakness","Sword Boomerang"],"picked":"Disarm","floor":5},{"not_picked":["Flex","Thunderclap"],"picked":"True Grit","floor":7},{"not_picked":["Disarm","True Grit"],"picked":"Shockwave","floor":8}],"player_experience":895144,"relics_obtained":[{"floor":8,"key":"War Paint"},{"floor":9,"key":"Happy Flower"}],"event_choices":[{"damage_healed":0,"gold_gain":0,"cards_transformed":["Strike_R"],"player_choice":"Change","damage_taken":0,"max_hp_gain":0,"max_hp_loss":0,"event_name":"Living Wall","floor":2,"gold_loss":0,"cards_obtained":["Brutality"]}],"is_beta":false,"boss_relics":[],"items_purged_floors":[],"is_endless":false,"potions_floor_spawned":[3,5,8],"killed_by":"Gremlin Gang","ascension_level":20}