{"gold_per_floor":[109,13,13,13,13,39,52,63,63,33,33,44,44,21,21,21],"floor_reached":16,"playtime":447,"items_purged":[],"score":113,"play_id":"315c0290-cfc7-4f86-99f4-9115b2cc896f","local_time":"20181006232921","is_ascension_mode":true,"campfire_choices":[{"data":"Turbo","floor":13,"key":"SMITH"},{"data":"Genetic Algorithm","floor":15,"key":"SMITH"}],"neow_cost":"NONE","seed_source_timestamp":35569065675400,"circlet_count":0,"master_deck":["Strike_B","Strike_B","Strike_B","Strike_B","Defend_B","Defend_B+1","Defend_B","Defend_B","Zap+1","Dualcast","Double Energy","Doom and Gloom","Streamline","Regret","Streamline","Turbo+1","Static Discharge","Capacitor","Chill","Genetic Algorithm+1","Turbo"],"relics":["Cracked Core","War Paint","Prayer Wheel","Question Card","Pear"],"potions_floor_usage":[],"damage_taken":[{"damage":0,"enemies":"Cultist","floor":1,"turns":3},{"damage":23,"enemies":"3 Sentries","floor":6,"turns":4},{"damage":0,"enemies":"Small Slimes","floor":7,"turns":2},{"damage":8,"enemies":"2 Louse","floor":8,"turns":2},{"damage":5,"enemies":"Blue Slaver","floor":12,"turns":3},{"damage":71,"enemies":"Slime Boss","floor":16,"turns":7}],"seed_played":"-6627655101628748575","potions_obtained":[{"floor":12,"key":"FairyPotion"}],"is_trial":false,"path_per_floor":["M","$","?","$","?","E","M","M","T","?","$","M","R","$","R"],"character_chosen":"DEFECT","items_purchased":["Doom and Gloom","Streamline","Turbo"],"campfire_rested":0,"item_purchase_floors":[2,2,14],"current_hp_per_floor":[75,75,75,75,75,52,52,44,54,54,54,49,49,49,49,0],"gold":21,"neow_bonus":"RANDOM_COMMON_RELIC","is_prod":false,"is_daily":false,"chose_seed":false,"campfire_upgraded":2,"win_rate":0,"timestamp":1538861361,"path_taken":["M","$","?","$","?","E","?","M","T","?","?","?","R","?","R","BOSS"],"build_version":"2018-10-04v2","purchased_purges":0,"victory":false,"max_hp_per_floor":[75,75,75,75,75,75,75,75,85,85,85,85,85,85,85,85],"card_choices":[{"not_picked":["Redo","Lockon"],"picked":"Double Energy","floor":1},{"not_picked":["Reprogram","Conserve Battery"],"picked":"Streamline","floor":6},{"not_picked":["Undo","Barrage","Beam Cell"],"picked":"Turbo","floor":7},{"not_picked":["Sunder","Stack","Static Discharge","Turbo"],"picked":"SKIP","floor":7},{"not_picked":["Heatsinks","Glacier","Storm"],"picked":"Static Discharge","floor":8},{"not_picked":["Compile Driver","Coolheaded","Steam"],"picked":"Capacitor","floor":8},{"not_picked":["Machine Learning","Streamline","Barrage"],"picked":"Chill","floor":12},{"not_picked":["Stack","Chill","Leap"],"picked":"Genetic Algorithm","floor":12}],"player_experience":571475,"relics_obtained":[{"floor":6,"key":"Question Card"},{"floor":9,"key":"Pear"}],"event_choices":[{"event_name":"Big Fish","player_choice":"Box","floor":3,"damage_taken":0},{"event_name":"The Cleric","player_choice":"Leave","floor":5,"damage_taken":0},{"event_name":"World of Goop","player_choice":"Left","floor":10,"damage_taken":0}],"is_beta":false,"boss_relics":[],"items_purged_floors":[],"is_endless":false,"potions_floor_spawned":[12],"killed_by":"Slime Boss","ascension_level":3}