{"gold_per_floor":[111,186,146,161,161,161,206,206,206,218,236,250,266,276,276,374,374,392,392,392,403,403,403],"floor_reached":23,"playtime":1249,"items_purged":[],"score":220,"play_id":"56440abd-f1ea-408e-9452-2541d513b46d","local_time":"20181008223925","is_ascension_mode":true,"campfire_choices":[{"floor":6,"key":"REST"},{"floor":8,"key":"REST"},{"data":"Blur","floor":15,"key":"SMITH"}],"neow_cost":"PERCENT_DAMAGE","seed_source_timestamp":36291969830700,"circlet_count":0,"master_deck":["Defend_G","Defend_G","Defend_G","Defend_G","Defend_G","Strike_G+1","Strike_G","Strike_G","Strike_G","Strike_G","Survivor+1","Neutralize","Envenom","Terror","Quick Slash","Flying Knee","Dagger Spray","Corpse Explosion","Blur+1","Slice","Bullet Time","Prepared","Writhe"],"relics":["Ring of the Snake","Dream Catcher","Lantern","Busted Crown","Boot"],"potions_floor_usage":[3,11,14,16,16,21,23],"damage_taken":[{"damage":0,"enemies":"Small Slimes","floor":1,"turns":5},{"damage":0,"enemies":"Jaw Worm","floor":4,"turns":3},{"damage":0,"enemies":"Cultist","floor":10,"turns":3},{"damage":0,"enemies":"Gremlin Gang","floor":11,"turns":2},{"damage":6,"enemies":"2 Fungi Beasts","floor":12,"turns":2},{"damage":5,"enemies":"Blue Slaver","floor":13,"turns":4},{"damage":0,"enemies":"Lots of Slimes","floor":14,"turns":1},{"damage":16,"enemies":"The Guardian","floor":16,"turns":9},{"damage":6,"enemies":"3 Byrds","floor":18,"turns":4},{"damage":8,"enemies":"Chosen","floor":21,"turns":4},{"damage":85,"enemies":"Gremlin Leader","floor":23,"turns":12}],"seed_played":"-6994776246185395129","potions_obtained":[{"floor":1,"key":"GamblersBrew"},{"floor":3,"key":"Fruit Juice"},{"floor":3,"key":"Poison Potion"},{"floor":3,"key":"Strength Potion"},{"floor":11,"key":"EssenceOfSteel"},{"floor":14,"key":"EssenceOfSteel"},{"floor":18,"key":"SneckoOil"}],"is_trial":false,"path_per_floor":["M","?","?","M","?","R","T","R","T","M","M","M","M","M","R","B",null,"M","?","?","M","?"],"character_chosen":"THE_SILENT","items_purchased":[],"campfire_rested":2,"item_purchase_floors":[],"current_hp_per_floor":[49,38,43,43,28,50,50,72,72,72,72,66,61,61,61,45,75,69,69,69,61,61,0],"gold":403,"neow_bonus":"THREE_RARE_CARDS","is_prod":false,"is_daily":false,"chose_seed":false,"campfire_upgraded":1,"win_rate":0,"timestamp":1539031165,"path_taken":["M","?","?","M","?","R","?","R","T","?","?","?","M","?","R","BOSS","M","?","?","?","?","E"],"build_version":"2018-10-04v2","purchased_purges":0,"victory":false,"max_hp_per_floor":[70,70,75,75,75,75,75,75,75,75,75,75,75,75,75,75,75,75,75,75,75,75,75],"card_choices":[{"not_picked":["After Image","Night Terror"],"picked":"Envenom","floor":0},{"not_picked":["PiercingWail","Heel Hook"],"picked":"Terror","floor":1},{"not_picked":["Dagger Throw","Outmaneuver"],"picked":"Quick Slash","floor":4},{"not_picked":["Flechettes","Reflex"],"picked":"Flying Knee","floor":8},{"not_picked":["Riddle With Holes","Sucker Punch"],"picked":"Dagger Spray","floor":10},{"not_picked":["Slice","Dodge and Roll"],"picked":"Corpse Explosion","floor":11},{"not_picked":["Underhanded Strike","Acrobatics","All Out Attack"],"picked":"SKIP","floor":12},{"not_picked":["Reflex","Acrobatics"],"picked":"Blur","floor":13},{"not_picked":["Cloak And Dagger","Underhanded Strike"],"picked":"Slice","floor":14},{"not_picked":["Corpse Explosion","Envenom"],"picked":"Bullet Time","floor":16},{"not_picked":["Endless Agony+1"],"picked":"SKIP","floor":18},{"not_picked":[],"picked":"Prepared","floor":21}],"player_experience":592772,"relics_obtained":[{"floor":7,"key":"Dream Catcher"},{"floor":9,"key":"Lantern"}],"event_choices":[{"event_name":"World of Goop","player_choice":"Gather Gold","floor":2,"damage_taken":0},{"event_name":"The Woman in Blue","player_choice":"Bought 3 Potions","floor":3,"damage_taken":0},{"event_name":"Shining Light","player_choice":"Entered Light","floor":5,"damage_taken":0},{"event_name":"Ghosts","player_choice":"Ignored","floor":19,"damage_taken":0},{"event_name":"Vampires","player_choice":"Ignored","floor":20,"damage_taken":0},{"event_name":"The Mausoleum","player_choice":"Yes","floor":22,"damage_taken":0}],"is_beta":false,"boss_relics":[{"not_picked":["Ectoplasm","Philosopher\u0027s Stone"],"picked":"Busted Crown"}],"items_purged_floors":[],"is_endless":false,"potions_floor_spawned":[1,11,14,18],"killed_by":"Gremlin Leader","ascension_level":4}