{"gold_per_floor":[115,130,146,37,54,54,84,84,84,259,259,324,343,361,361,461,461,398,36,36,47,61,61,160,160,209,229,229],"floor_reached":28,"playtime":1601,"items_purged":[],"score":305,"play_id":"560ef9c0-37d8-4fb9-96ac-fb63262cf04a","local_time":"20190107002708","is_ascension_mode":true,"campfire_choices":[{"floor":6,"key":"REST"},{"floor":8,"key":"REST"},{"floor":15,"key":"REST"},{"floor":23,"key":"REST"},{"floor":25,"key":"REST"}],"neow_cost":"NONE","seed_source_timestamp":278603874813199,"circlet_count":0,"master_deck":["Defend_G","Defend_G","Defend_G","Defend_G","Defend_G","Strike_G","Strike_G","Strike_G","Strike_G","Strike_G","Survivor","Neutralize","Poisoned Stab","Tools of the Trade","Noxious Fumes","Bouncing Flask","PiercingWail","Bouncing Flask","PiercingWail","Tactician","Wraith Form v2","Decay","Normality","Writhe","Poisoned Stab","Well Laid Plans+1","Deadly Poison","Pain","Distraction","Prepared+1"],"relics":["Ring of the Snake","Art of War","Boot","Paper Crane","Calling Bell","MawBank","Frozen Egg 2","Dead Branch","Mummified Hand","WarpedTongs","Potion Belt"],"potions_floor_usage":[7,16,16,28],"damage_taken":[{"damage":17,"enemies":"Jaw Worm","floor":1,"turns":7},{"damage":0,"enemies":"Small Slimes","floor":2,"turns":3},{"damage":2,"enemies":"2 Louse","floor":3,"turns":4},{"damage":22,"enemies":"Exordium Thugs","floor":5,"turns":6},{"damage":24,"enemies":"3 Sentries","floor":7,"turns":4},{"damage":18,"enemies":"Gremlin Nob","floor":12,"turns":4},{"damage":7,"enemies":"Lots of Slimes","floor":13,"turns":5},{"damage":4,"enemies":"Large Slime","floor":14,"turns":6},{"damage":22,"enemies":"Hexaghost","floor":16,"turns":10},{"damage":13,"enemies":"2 Thieves","floor":18,"turns":5},{"damage":17,"enemies":"3 Byrds","floor":21,"turns":5},{"damage":13,"enemies":"Snake Plant","floor":22,"turns":4},{"damage":41,"enemies":"Shelled Parasite and Fungi","floor":27,"turns":7},{"damage":30,"enemies":"Cultist and Chosen","floor":28,"turns":6}],"seed_played":"3408594839345777506","potions_obtained":[{"floor":3,"key":"SkillPotion"},{"floor":12,"key":"Dexterity Potion"},{"floor":13,"key":"GamblersBrew"},{"floor":27,"key":"PowerPotion"}],"is_trial":false,"path_per_floor":["M","M","M","$","M","R","E","R","T","?","?","?","M","M","R","B",null,"M","$","?","M","M","R","?","R","T","M","M"],"character_chosen":"THE_SILENT","items_purchased":["Noxious Fumes","Bouncing Flask","Mummified Hand","Well Laid Plans+1","Deadly Poison"],"campfire_rested":5,"item_purchase_floors":[4,4,19,19,19],"current_hp_per_floor":[53,53,51,51,29,52,28,51,51,51,51,33,26,22,45,23,64,51,51,51,34,21,44,44,67,67,26,0],"gold":229,"neow_bonus":"TEN_PERCENT_HP_BONUS","is_prod":false,"is_daily":false,"chose_seed":false,"campfire_upgraded":0,"win_rate":0,"timestamp":1546817228,"path_taken":["M","M","M","$","M","R","E","R","T","?","?","?","M","M","R","BOSS","M","$","?","?","?","R","?","R","T","M","M"],"build_version":"2019-01-03v4","purchased_purges":0,"victory":false,"max_hp_per_floor":[77,77,77,77,77,77,77,77,77,77,77,77,77,77,77,77,77,77,77,77,77,77,77,77,77,77,77,77],"card_choices":[{"not_picked":["Acrobatics","Underhanded Strike"],"picked":"Poisoned Stab","floor":1},{"not_picked":["Outmaneuver","Eviscerate","Deflect"],"picked":"SKIP","floor":2},{"not_picked":["Dagger Throw","Acrobatics"],"picked":"Tools of the Trade","floor":3},{"not_picked":["Accuracy","Leg Sweep"],"picked":"PiercingWail","floor":5},{"not_picked":["Footwork","Backflip"],"picked":"Bouncing Flask","floor":7},{"not_picked":["Blade Dance","Quick Slash"],"picked":"PiercingWail","floor":12},{"not_picked":["Dash","Backflip","Blade Dance"],"picked":"SKIP","floor":13},{"not_picked":["Underhanded Strike","Quick Slash"],"picked":"Tactician","floor":14},{"not_picked":["Night Terror","Tools of the Trade"],"picked":"Wraith Form v2","floor":16},{"not_picked":["Accuracy+1","Slice"],"picked":"Poisoned Stab","floor":18},{"not_picked":["Prepared","Dagger Throw"],"picked":"Distraction","floor":21},{"not_picked":["Bane","Eviscerate"],"picked":"Prepared+1","floor":22},{"not_picked":["Underhanded Strike+1","Concentrate+1","Cloak And Dagger"],"picked":"SKIP","floor":27}],"player_experience":1079126,"relics_obtained":[{"floor":7,"key":"Art of War"},{"floor":9,"key":"Boot"},{"floor":17,"key":"MawBank"},{"floor":17,"key":"Frozen Egg 2"},{"floor":17,"key":"Dead Branch"},{"floor":26,"key":"Potion Belt"}],"event_choices":[{"damage_healed":0,"gold_gain":175,"player_choice":"AGREE","damage_taken":0,"max_hp_gain":0,"max_hp_loss":0,"event_name":"Liars Game","floor":10,"gold_loss":0,"cards_obtained":["Doubt"]},{"cards_removed":["Doubt"],"damage_healed":0,"gold_gain":0,"player_choice":"Forget","damage_taken":0,"max_hp_gain":0,"max_hp_loss":0,"event_name":"Living Wall","floor":11,"gold_loss":0},{"damage_healed":0,"gold_gain":0,"player_choice":"Searched \u00272\u0027 times","damage_taken":0,"relics_obtained":["Paper Crane"],"max_hp_gain":0,"max_hp_loss":0,"event_name":"Dead Adventurer","floor":12,"gold_loss":0},{"damage_healed":0,"gold_gain":0,"player_choice":"Rummage","damage_taken":0,"relics_obtained":["WarpedTongs"],"max_hp_gain":0,"max_hp_loss":0,"event_name":"Accursed Blacksmith","floor":20,"gold_loss":0,"cards_obtained":["Pain"]},{"damage_healed":0,"gold_gain":99,"player_choice":"Stole From Cult","damage_taken":0,"max_hp_gain":0,"max_hp_loss":0,"event_name":"Nest","floor":24,"gold_loss":0}],"is_beta":false,"boss_relics":[{"not_picked":["Black Star","Runic Dome"],"picked":"Calling Bell"}],"items_purged_floors":[],"is_endless":false,"potions_floor_spawned":[3,12,13,27],"killed_by":"Cultist and Chosen","ascension_level":8}