{"gold_per_floor":[115,21,21,21,39,39,67,80,80,105,105,133,133,152,152,252,252,269,285,301,316,327,327,242,242,242,27,43,43,57,57,57,160,160,172,26,37,137,149,149,166,176,202,257,257],"floor_reached":45,"playtime":16327,"items_purged":[],"score":756,"play_id":"31da4c26-de11-496b-a766-c2b136f21d08","local_time":"20190416220735","is_ascension_mode":true,"campfire_choices":[{"data":"Discovery","floor":6,"key":"SMITH"},{"floor":11,"key":"REST"},{"data":"Malaise","floor":15,"key":"SMITH"},{"floor":23,"key":"REST"},{"floor":29,"key":"REST"},{"data":"After Image","floor":32,"key":"SMITH"},{"floor":40,"key":"REST"}],"neow_cost":"NONE","seed_source_timestamp":434520364133538,"circlet_count":0,"master_deck":["Defend_G","Defend_G","Defend_G","Defend_G","Defend_G","Survivor","Neutralize","Cloak And Dagger","Discovery+1","Backflip","Bouncing Flask","Crippling Poison","Malaise+1","Dagger Throw+1","Catalyst","After Image+1","Dagger Throw+1","Deadly Poison+1","All Out Attack+1","Backflip+1","Heel Hook+1","Dash+1","Bouncing Flask","Dagger Throw+1","Crippling Poison","Noxious Fumes","Poisoned Stab+1","A Thousand Cuts","Backflip","A Thousand Cuts","Bane+1","Backflip","Choke+1","Deflect","PiercingWail+1","Writhe","Footwork"],"relics":["Ring of the Snake","NeowsBlessing","Molten Egg 2","Snake Skull","Pear","Bronze Scales","Matryoshka","Astrolabe","Smiling Mask","Art of War","Mercury Hourglass","Happy Flower","Cursed Key","Ice Cream","Bag of Marbles","Potion Belt","Incense Burner"],"potions_floor_usage":[10,10,12,20,21,33,35,44,44,44],"damage_taken":[{"damage":0,"enemies":"Cultist","floor":1,"turns":1},{"damage":0,"enemies":"2 Louse","floor":5,"turns":1},{"damage":0,"enemies":"Lagavulin","floor":7,"turns":1},{"damage":0,"enemies":"Small Slimes","floor":8,"turns":3},{"damage":7,"enemies":"Gremlin Nob","floor":10,"turns":4},{"damage":8,"enemies":"Lagavulin","floor":12,"turns":6},{"damage":5,"enemies":"Gremlin Gang","floor":14,"turns":2},{"damage":7,"enemies":"The Guardian","floor":16,"turns":6},{"damage":0,"enemies":"3 Byrds","floor":18,"turns":2},{"damage":14,"enemies":"2 Thieves","floor":19,"turns":5},{"damage":11,"enemies":"Snecko","floor":20,"turns":6},{"damage":10,"enemies":"Shelled Parasite and Fungi","floor":21,"turns":4},{"damage":16,"enemies":"Chosen and Byrds","floor":22,"turns":6},{"damage":8,"enemies":"Cultist and Chosen","floor":28,"turns":4},{"damage":10,"enemies":"Snecko","floor":30,"turns":4},{"damage":22,"enemies":"Collector","floor":33,"turns":5},{"damage":7,"enemies":"3 Shapes","floor":35,"turns":3},{"damage":3,"enemies":"3 Darklings","floor":37,"turns":4},{"damage":0,"enemies":"Mind Bloom Boss Battle","floor":38,"turns":4},{"damage":17,"enemies":"Spire Growth","floor":39,"turns":6},{"damage":37,"enemies":"Jaw Worm Horde","floor":41,"turns":4},{"damage":6,"enemies":"Sphere and 2 Shapes","floor":42,"turns":5},{"damage":17,"enemies":"2 Orb Walkers","floor":44,"turns":4},{"damage":17,"enemies":"Giant Head","floor":45,"turns":5}],"seed_played":"-4341854934190809989","potions_obtained":[{"floor":7,"key":"EssenceOfSteel"},{"floor":8,"key":"Fire Potion"},{"floor":10,"key":"Block Potion"},{"floor":16,"key":"Ancient Potion"},{"floor":20,"key":"Energy Potion"},{"floor":28,"key":"Regen Potion"},{"floor":33,"key":"Energy Potion"},{"floor":37,"key":"Explosive Potion"},{"floor":39,"key":"SteroidPotion"},{"floor":41,"key":"Poison Potion"}],"is_trial":false,"path_per_floor":["M","$","?","$","M","R","E","M","T","E","R","E","?","M","R","B",null,"M","M","M","M","M","R","?","?","T","$","M","R","M","?","R","B",null,"M","$","M","?","M","R","M","M","T","?","E"],"character_chosen":"THE_SILENT","items_purchased":["Discovery","Happy Flower","Crippling Poison","A Thousand Cuts"],"campfire_rested":4,"item_purchase_floors":[2,27,27,36],"current_hp_per_floor":[63,63,45,45,45,45,45,45,55,48,72,64,64,59,59,52,73,73,59,48,38,22,46,46,46,46,46,38,62,52,52,52,44,71,64,64,61,61,44,68,31,25,25,8,0],"gold":257,"neow_bonus":"THREE_ENEMY_KILL","is_prod":false,"is_daily":false,"chose_seed":false,"campfire_upgraded":3,"win_rate":0,"timestamp":1555477655,"path_taken":["M","?","?","$","M","R","E","M","T","E","R","E","?","M","R","BOSS","M","M","?","?","M","R","?","?","T","$","?","R","M","?","R","BOSS","M","$","M","?","M","R","M","M","T","?","E"],"build_version":"2019-01-23","purchased_purges":0,"victory":false,"max_hp_per_floor":[70,70,70,70,70,70,70,70,80,80,80,80,80,80,80,80,80,80,80,80,80,80,80,80,80,80,80,80,80,80,80,80,80,80,80,80,80,80,80,80,80,80,80,80,80],"card_choices":[{"not_picked":["Dodge and Roll","Acrobatics"],"picked":"Cloak And Dagger","floor":1},{"not_picked":["Distraction","Endless Agony+1"],"picked":"Backflip","floor":5},{"not_picked":["Deadly Poison","Leg Sweep"],"picked":"Bouncing Flask","floor":7},{"not_picked":["Backflip","PiercingWail"],"picked":"Crippling Poison","floor":8},{"not_picked":["Tactician","Reflex"],"picked":"Malaise","floor":10},{"not_picked":["Expertise","Grand Finale+1"],"picked":"Dagger Throw+1","floor":12},{"not_picked":["Expertise","Flying Knee+1"],"picked":"Catalyst","floor":14},{"not_picked":["Envenom","Burst"],"picked":"After Image","floor":16},{"not_picked":["Acrobatics","Quick Slash+1"],"picked":"Backflip+1","floor":18},{"not_picked":["Backflip","Expertise"],"picked":"Heel Hook+1","floor":19},{"not_picked":["Accuracy","Flying Knee+1"],"picked":"Dash+1","floor":20},{"not_picked":["Riddle With Holes+1","Bane+1"],"picked":"Bouncing Flask","floor":21},{"not_picked":["Blade Dance","Phantasmal Killer"],"picked":"Dagger Throw+1","floor":22},{"not_picked":["Backflip","Slice+1"],"picked":"Noxious Fumes","floor":28},{"not_picked":["Heel Hook+1","Cloak And Dagger"],"picked":"Poisoned Stab+1","floor":30},{"not_picked":["Die Die Die+1","Doppelganger"],"picked":"A Thousand Cuts","floor":33},{"not_picked":["Caltrops","Sucker Punch+1"],"picked":"Backflip","floor":35},{"not_picked":["Prepared","Sucker Punch+1"],"picked":"Bane+1","floor":37},{"not_picked":["Caltrops","Sucker Punch+1"],"picked":"Backflip","floor":38},{"not_picked":["Underhanded Strike+1","Predator+1"],"picked":"Choke+1","floor":39},{"not_picked":["Sucker Punch+1","Leg Sweep"],"picked":"Deflect","floor":41},{"not_picked":["Blur+1","Heel Hook+1"],"picked":"PiercingWail+1","floor":42},{"not_picked":["Tactician+1","Poisoned Stab+1"],"picked":"Footwork","floor":44}],"player_experience":1396657,"relics_obtained":[{"floor":7,"key":"Snake Skull"},{"floor":9,"key":"Pear"},{"floor":10,"key":"Bronze Scales"},{"floor":12,"key":"Matryoshka"},{"floor":26,"key":"Art of War"},{"floor":26,"key":"Mercury Hourglass"},{"floor":38,"key":"Ice Cream"},{"floor":43,"key":"Bag of Marbles"},{"floor":43,"key":"Potion Belt"},{"floor":44,"key":"Incense Burner"}],"event_choices":[{"damage_healed":0,"gold_gain":0,"player_choice":"Success","damage_taken":18,"relics_obtained":["Molten Egg 2"],"max_hp_gain":0,"max_hp_loss":0,"event_name":"Scrap Ooze","floor":3,"gold_loss":0},{"cards_removed":["Strike_G"],"damage_healed":0,"gold_gain":0,"player_choice":"Offered Basic","damage_taken":0,"max_hp_gain":0,"max_hp_loss":0,"event_name":"Bonfire Elementals","floor":13,"gold_loss":0},{"damage_healed":0,"gold_gain":0,"player_choice":"Obtained Relic","damage_taken":0,"relics_obtained":["Smiling Mask"],"max_hp_gain":0,"max_hp_loss":0,"event_name":"Addict","floor":24,"gold_loss":85},{"cards_removed":["Strike_G"],"damage_healed":0,"gold_gain":0,"player_choice":"Purged","damage_taken":0,"max_hp_gain":0,"max_hp_loss":0,"event_name":"Purifier","floor":25,"gold_loss":0},{"damage_healed":0,"gold_gain":0,"player_choice":"Ignored","damage_taken":0,"max_hp_gain":0,"max_hp_loss":0,"event_name":"Beggar","floor":31,"gold_loss":0},{"damage_healed":0,"gold_gain":0,"player_choice":"Fight","damage_taken":0,"max_hp_gain":0,"max_hp_loss":0,"event_name":"MindBloom","floor":38,"gold_loss":0},{"damage_healed":0,"gold_gain":0,"player_choice":"Fight","damage_taken":0,"max_hp_gain":0,"max_hp_loss":0,"event_name":"Mysterious Sphere","floor":44,"gold_loss":0}],"is_beta":false,"boss_relics":[{"not_picked":["Velvet Choker","Busted Crown"],"picked":"Astrolabe"},{"not_picked":["Ring of the Serpent","Eternal Feather"],"picked":"Cursed Key"}],"items_purged_floors":[],"is_endless":false,"potions_floor_spawned":[7,8,10,16,20,28,33,37,39,41],"killed_by":"Giant Head","ascension_level":9}