{"gold_per_floor":[109,109,129,144,45,45,75,75,101,165,165,180,180,197,197,299,299,310,310,326,22,22,22,48,48,48,48,58,58,58,72,72,72],"floor_reached":33,"playtime":2185,"items_purged":["Strike_B","Strike_B"],"score":341,"play_id":"fd20684b-ae5c-4726-a9f1-e72c7f9f0173","local_time":"20190420143153","is_ascension_mode":true,"campfire_choices":[{"data":"Zap","floor":6,"key":"SMITH"},{"data":"Glacier","floor":8,"key":"SMITH"},{"data":"Coolheaded","floor":11,"key":"SMITH"},{"data":"Conserve Battery","floor":13,"key":"SMITH"},{"data":"Ball Lightning","floor":15,"key":"SMITH"},{"data":"Echo Form","floor":23,"key":"SMITH"},{"floor":25,"key":"REST"},{"data":"Turbo","floor":27,"key":"SMITH"},{"floor":29,"key":"REST"},{"floor":32,"key":"REST"}],"neow_cost":"NONE","seed_source_timestamp":797247308415800,"circlet_count":0,"master_deck":["Strike_B","Defend_B","Defend_B","Defend_B","Defend_B","Zap+1","Dualcast","Ball Lightning+1","Steam","Glacier+1","Conserve Battery+1","Ball Lightning","Coolheaded+1","Glacier","Stack","Echo Form+1","Turbo+1","Reboot","Echo Form","Conserve Battery","Blizzard","BootSequence"],"relics":["Cracked Core","Juzu Bracelet","Omamori","Happy Flower","Inserter","DollysMirror","Bottled Lightning","Question Card","MutagenicStrength"],"potions_floor_usage":[2,18,28,28,28,28,28,33],"damage_taken":[{"damage":3,"enemies":"2 Louse","floor":1,"turns":2},{"damage":6,"enemies":"Cultist","floor":3,"turns":3},{"damage":2,"enemies":"Jaw Worm","floor":4,"turns":2},{"damage":18,"enemies":"3 Sentries","floor":7,"turns":9},{"damage":11,"enemies":"Lagavulin Event","floor":10,"turns":6},{"damage":5,"enemies":"Exordium Thugs","floor":12,"turns":4},{"damage":0,"enemies":"Large Slime","floor":14,"turns":4},{"damage":6,"enemies":"Hexaghost","floor":16,"turns":13},{"damage":13,"enemies":"3 Byrds","floor":18,"turns":5},{"damage":0,"enemies":"Chosen","floor":20,"turns":4},{"damage":49,"enemies":"Gremlin Leader","floor":24,"turns":11},{"damage":29,"enemies":"3 Cultists","floor":28,"turns":8},{"damage":0,"enemies":"Sentry and Sphere","floor":31,"turns":8},{"damage":61,"enemies":"Automaton","floor":33,"turns":12}],"seed_played":"-5457856089471493026","potions_obtained":[{"floor":1,"key":"Dexterity Potion"},{"floor":2,"key":"Energy Potion"},{"floor":2,"key":"Fruit Juice"},{"floor":2,"key":"EntropicBrew"},{"floor":24,"key":"Poison Potion"},{"floor":31,"key":"SkillPotion"}],"is_trial":false,"path_per_floor":["M","?","M","M","$","R","E","R","T","?","R","M","R","M","R","B",null,"M","?","M","$","?","R","E","R","T","R","M","R","?","M","R","B"],"character_chosen":"DEFECT","items_purchased":["Conserve Battery","DollysMirror"],"campfire_rested":3,"item_purchase_floors":[5,21],"current_hp_per_floor":[79,84,78,76,76,76,58,58,58,47,47,42,42,42,42,36,87,74,74,74,74,57,57,8,35,35,35,6,33,33,33,60,0],"gold":72,"neow_bonus":"TEN_PERCENT_HP_BONUS","is_prod":false,"is_daily":false,"chose_seed":false,"campfire_upgraded":7,"win_rate":0,"timestamp":1555795913,"path_taken":["M","?","M","M","?","R","E","R","T","?","R","M","R","M","R","BOSS","M","?","M","?","?","R","E","R","T","R","M","R","?","M","R","BOSS"],"build_version":"2019-01-23","purchased_purges":2,"victory":false,"max_hp_per_floor":[82,87,87,87,87,87,87,87,87,87,87,87,87,87,87,87,87,87,87,87,87,92,92,92,92,92,92,92,92,92,92,92,92],"card_choices":[{"not_picked":["Blizzard","Compile Driver"],"picked":"Ball Lightning","floor":1},{"not_picked":["Leap","Turbo"],"picked":"Steam","floor":3},{"not_picked":["Reprogram","Tempest"],"picked":"Glacier","floor":4},{"not_picked":["Chill","Skim"],"picked":"Ball Lightning","floor":7},{"not_picked":["Creative AI","Recycle"],"picked":"Coolheaded","floor":10},{"not_picked":["Compile Driver","Barrage"],"picked":"Glacier","floor":12},{"not_picked":["Auto Shields","Force Field"],"picked":"Stack","floor":14},{"not_picked":["Meteor Strike","Fission"],"picked":"Echo Form","floor":16},{"not_picked":["FTL","Gash+1"],"picked":"Turbo","floor":18},{"not_picked":["Rebound","Stack","Static Discharge+1"],"picked":"SKIP","floor":20},{"not_picked":["Barrage","Reprogram"],"picked":"Conserve Battery","floor":24},{"not_picked":["Leap","Cold Snap","Darkness"],"picked":"Blizzard","floor":28},{"not_picked":["Rebound","Chaos+1","Blizzard"],"picked":"BootSequence","floor":31}],"player_experience":338308,"relics_obtained":[{"floor":7,"key":"Juzu Bracelet"},{"floor":9,"key":"Omamori"},{"floor":10,"key":"Happy Flower"},{"floor":24,"key":"Bottled Lightning"},{"floor":26,"key":"Question Card"}],"event_choices":[{"damage_healed":0,"gold_gain":0,"player_choice":"Got Potions","damage_taken":0,"max_hp_gain":0,"max_hp_loss":0,"event_name":"Lab","floor":2,"gold_loss":0},{"damage_healed":0,"gold_gain":0,"player_choice":"Searched \u00271\u0027 times","damage_taken":0,"max_hp_gain":0,"max_hp_loss":0,"event_name":"Dead Adventurer","floor":10,"gold_loss":0},{"damage_healed":0,"gold_gain":0,"cards_transformed":["Strike_B"],"player_choice":"Transformed","damage_taken":0,"max_hp_gain":0,"max_hp_loss":0,"event_name":"Transmorgrifier","floor":19,"gold_loss":0,"cards_obtained":["Reboot"]},{"damage_healed":0,"gold_gain":0,"player_choice":"Shed Blood","damage_taken":22,"max_hp_gain":5,"max_hp_loss":0,"event_name":"Forgotten Altar","floor":22,"gold_loss":0},{"damage_healed":0,"gold_gain":0,"player_choice":"Inject Mutagens","damage_taken":0,"relics_obtained":["MutagenicStrength"],"max_hp_gain":0,"max_hp_loss":0,"event_name":"Drug Dealer","floor":30,"gold_loss":0}],"is_beta":false,"boss_relics":[{"not_picked":["Runic Pyramid","Coffee Dripper"],"picked":"Inserter"}],"items_purged_floors":[5,21],"is_endless":false,"potions_floor_spawned":[1,7,10,14,16,24,31],"killed_by":"Automaton","ascension_level":4}