{"path_per_floor":["M","$","M","?","M","R","E","M","T","R","M","R","M","?","R","B",null,"M","$","M"],"character_chosen":"IRONCLAD","items_purchased":["True Grit","Flash of Steel","True Grit","Perfected Strike","Inflame"],"gold_per_floor":[118,2,17,17,36,36,65,77,157,157,167,167,179,129,129,232,232,246,98,117],"floor_reached":21,"campfire_rested":3,"playtime":2085,"current_hp_per_floor":[80,80,76,76,63,80,50,53,53,77,61,80,80,80,80,28,80,52,52,42],"items_purged":[],"gold":117,"play_id":"d781941b-7042-4138-bebf-1bf321d942c6","is_prod":false,"is_daily":false,"is_ascension_mode":false,"campfire_upgraded":1,"path_taken":["M","$","M","?","M","R","E","M","T","R","M","R","?","?","R","BOSS","M","$","M","?"],"build_version":"2018-01-25-PROD3","purchased_purges":0,"victory":false,"master_deck":["Strike_R","Strike_R","Strike_R","Strike_R","Defend_R","Defend_R","Defend_R","Defend_R","Bash","Perfected Strike","True Grit+1","Flash of Steel","Pommel Strike","Second Wind","Battle Trance","Shrug It Off","Twin Strike","Rage","Flex","Double Tap+1","Juggernaut","Armaments","True Grit","Perfected Strike","Inflame","Flame Barrier"],"max_hp_per_floor":[80,80,80,80,80,80,80,80,80,80,80,80,80,80,80,80,80,80,80,80],"relics":["Burning Blood","Dream Catcher","Letter Opener","Black Star"],"card_choices":[{"not_picked":["Metallicize","Corruption"],"picked":"Perfected Strike"},{"not_picked":["Anger","Pummel"],"picked":"Pommel Strike"},{"not_picked":["Warcry","Pommel Strike"],"picked":"Second Wind"},{"not_picked":["Armaments","Infernal Blade"],"picked":"Battle Trance"},{"not_picked":["Pommel Strike","Clothesline"],"picked":"Shrug It Off"},{"not_picked":["Warcry","Intimidate"],"picked":"Twin Strike"},{"not_picked":["Battle Trance","Warcry"],"picked":"Rage"},{"not_picked":["Cleave","Reckless Charge"],"picked":"Flex"},{"not_picked":["Armaments","Shockwave"],"picked":"Double Tap"},{"not_picked":["Fiend Fire","Dark Embrace"],"picked":"Juggernaut"},{"not_picked":["True Grit","Cleave"],"picked":"Armaments"},{"not_picked":["Twin Strike","Clash"],"picked":"Flame Barrier"}],"player_experience":0,"potions_floor_usage":[],"damage_taken":[{"damage":4,"enemies":"Cultist","floor":1,"turns":4},{"damage":10,"enemies":"Small Slimes","floor":3,"turns":3},{"damage":19,"enemies":"Blue Slaver","floor":5,"turns":3},{"damage":36,"enemies":"3 Sentries","floor":7,"turns":7},{"damage":3,"enemies":"2 Fungi Beasts","floor":8,"turns":3},{"damage":22,"enemies":"Exordium Thugs","floor":11,"turns":4},{"damage":6,"enemies":"Exordium Wildlife","floor":13,"turns":3},{"damage":58,"enemies":"The Guardian","floor":16,"turns":9},{"damage":34,"enemies":"Spheric Guardian","floor":18,"turns":6},{"damage":16,"enemies":"Chosen","floor":20,"turns":6},{"damage":48,"enemies":"Slaver and Parasite","floor":21,"turns":4}],"event_choices":[{"event_name":"Living Wall","player_choice":"Grow","floor":4,"damage_taken":0},{"event_name":"The Cleric","player_choice":"Card Removal","floor":14,"damage_taken":0}],"boss_relics":[{"not_picked":["Mark of Pain","Astrolabe"],"picked":"Black Star"}],"potions_floor_spawned":[3,7,16,18],"seed_played":"811931387795633539","killed_by":"Slaver and Parasite","ascension_level":0,"is_trial":false}