{"gold_per_floor":[110,110,110,125,151,151,177,352,378,378,405,430,47,66,66,170,170,185,185,198,198,212,212,224,236,305,305,53,86,86,86,86,188,188,207,226,226,176,187,187,287,319,319,365,61,89,89,116,116,116],"floor_reached":51,"playtime":2678,"items_purged":["Strike_B","Strike_B+1","Strike_B+1"],"score":1214,"play_id":"dfba989b-d61c-45d9-967d-e7287722c656","local_time":"20190508104746","is_ascension_mode":true,"campfire_choices":[{"data":"Zap","floor":6.0,"key":"SMITH"},{"data":"Streamline","floor":10.0,"key":"SMITH"},{"floor":15.0,"key":"REST"},{"floor":23,"key":"REST"},{"data":"Defragment","floor":27,"key":"SMITH"},{"floor":32,"key":"REST"},{"data":"Dualcast","floor":40,"key":"SMITH"},{"data":"Defragment","floor":49,"key":"SMITH"}],"neow_cost":"NONE","seed_source_timestamp":0,"circlet_count":0,"master_deck":["Defend_B+1","Defend_B+1","Defend_B+1","Zap+1","Dualcast+1","Streamline+1","Beam Cell","Cold Snap","Doom and Gloom","Chill","Loop","Go for the Eyes","Ball Lightning","Buffer","Defragment+1","Hologram+1","Writhe","Self Repair","Coolheaded+1","Coolheaded+1","Steam","Compile Driver","Defragment+1","Electrodynamics","Hologram+1","Undo","Cold Snap+1","Stack","All For One","Redo","Defragment+1","Cold Snap","Secret Technique","Lockon+1","Rebound+1"],"special_seed":0,"relics":["Cracked Core","NeowsBlessing","GremlinMask","Bag of Preparation","Calipers","Bronze Scales","Odd Mushroom","Smiling Mask","Mercury Hourglass","Nuclear Battery","Boot","Letter Opener","PreservedInsect","FossilizedHelix","Sozu","Dead Branch","Pear","Darkstone Periapt","Turnip","Nunchaku","Pantograph"],"potions_floor_usage":[44],"damage_taken":[{"damage":0.0,"enemies":"2 Louse","floor":1.0,"turns":1.0},{"damage":0.0,"enemies":"Jaw Worm","floor":4.0,"turns":1.0},{"damage":0.0,"enemies":"Gremlin Nob","floor":7.0,"turns":1.0},{"damage":16.0,"enemies":"The Mushroom Lair","floor":11.0,"turns":4.0},{"damage":16.0,"enemies":"Lagavulin","floor":12.0,"turns":5.0},{"damage":0.0,"enemies":"Cultist","floor":14.0,"turns":2.0},{"damage":25.0,"enemies":"The Guardian","floor":16.0,"turns":8.0},{"damage":2,"enemies":"Chosen","floor":18,"turns":3},{"damage":12,"enemies":"Shell Parasite","floor":20,"turns":4},{"damage":32,"enemies":"Snake Plant","floor":22,"turns":2},{"damage":6,"enemies":"Snecko","floor":24,"turns":5},{"damage":9,"enemies":"Sentry and Sphere","floor":25,"turns":5},{"damage":9,"enemies":"Book of Stabbing","floor":29,"turns":4},{"damage":19,"enemies":"Champ","floor":33,"turns":11},{"damage":0,"enemies":"3 Darklings","floor":35,"turns":4},{"damage":0,"enemies":"3 Shapes","floor":36,"turns":2},{"damage":15,"enemies":"3 Darklings","floor":39,"turns":3},{"damage":0,"enemies":"Mind Bloom Boss Battle","floor":41,"turns":6},{"damage":0,"enemies":"Giant Head","floor":42,"turns":10},{"damage":0,"enemies":"2 Orb Walkers","floor":44,"turns":4},{"damage":0,"enemies":"Reptomancer","floor":46,"turns":3},{"damage":0,"enemies":"Giant Head","floor":48,"turns":7},{"damage":15,"enemies":"Time Eater","floor":50,"turns":13}],"seed_played":"9091543858321852771","potions_obtained":[{"floor":1.0,"key":"GamblersBrew"},{"floor":12.0,"key":"Poison Potion"},{"floor":14.0,"key":"PowerPotion"},{"floor":33,"key":"SpeedPotion"}],"is_trial":false,"path_per_floor":["M","?","?","M","T","R","E","?","T","R","?","E","$","M","R","B",null,"M","?","M","?","M","R","M","M","T","R","$","E","?","?","R","B",null,"M","M","?","$","M","R","?","E","T","?","$","E","?","E","R","B",null],"character_chosen":"DEFECT","items_purchased":["Mercury Hourglass","Loop","Go for the Eyes","PreservedInsect","Steam","Defragment","Cold Snap","Secret Technique"],"campfire_rested":3,"item_purchase_floors":[13,13,13,28,28,45,45,45],"current_hp_per_floor":[68,61,61,61,61,61,61,61,61,61,45,29,29,29,51,26,63,61,61,49,49,17,39,40,38,38,38,38,36,36,36,58,46,68,68,68,68,68,60,60,67,84,84,84,84,85,81,81,81,66],"gold":116,"neow_bonus":"THREE_ENEMY_KILL","is_prod":false,"is_daily":false,"chose_seed":false,"campfire_upgraded":5,"win_rate":0,"timestamp":1557337666,"path_taken":["M","?","?","?","?","R","E","?","T","R","?","E","$","M","R","BOSS","M","?","?","?","M","R","M","M","T","R","$","E","?","?","R","BOSS","M","?","?","$","M","R","?","E","T","?","$","E","?","E","R","BOSS"],"build_version":"2019-01-23","purchased_purges":3,"victory":true,"max_hp_per_floor":[75,75,75,75,75,75,75,75,75,75,75,75,75,75,75,75,75,75,75,75,75,75,75,75,75,75,75,75,75,75,75,75,75,75,75,75,75,75,75,75,75,85,85,85,85,85,81,81,81,81],"card_choices":[{"not_picked":["Capacitor","Gash"],"picked":"Streamline","floor":1.0},{"not_picked":["Streamline","Storm"],"picked":"Beam Cell","floor":4.0},{"not_picked":["Conserve Battery","Turbo"],"picked":"Cold Snap","floor":7.0},{"not_picked":["Coolheaded","Double Energy"],"picked":"Doom and Gloom","floor":11.0},{"not_picked":["Barrage","Scrape"],"picked":"Chill","floor":12.0},{"not_picked":["Capacitor","Compile Driver"],"picked":"Ball Lightning","floor":14.0},{"not_picked":["Fission","Reboot"],"picked":"Buffer","floor":16.0},{"not_picked":["Stack","Cold Snap"],"picked":"Defragment","floor":18},{"not_picked":["Sweeping Beam","Coolheaded"],"picked":"Hologram+1","floor":20},{"not_picked":["Thunder Strike","Heatsinks"],"picked":"Self Repair","floor":22},{"not_picked":["Beam Cell+1","Melter+1"],"picked":"Coolheaded+1","floor":24},{"not_picked":["Beam Cell","Leap+1"],"picked":"Coolheaded+1","floor":25},{"not_picked":["Turbo","Rebound"],"picked":"Compile Driver","floor":29},{"not_picked":["Thunder Strike","Multi-Cast"],"picked":"Electrodynamics","floor":33},{"not_picked":["Coolheaded+1","Turbo+1"],"picked":"Hologram+1","floor":35},{"not_picked":["Recycle+1","Beam Cell+1"],"picked":"Undo","floor":36},{"not_picked":["Leap+1","Steam+1"],"picked":"Cold Snap+1","floor":39},{"not_picked":["Reboot","Sweeping Beam"],"picked":"Stack","floor":41},{"not_picked":["Scrape+1","Stack"],"picked":"All For One","floor":42},{"not_picked":["Sunder+1","Beam Cell"],"picked":"Redo","floor":44},{"not_picked":["Redo+1","Darkness+1"],"picked":"Lockon+1","floor":46},{"not_picked":["Steam+1","Hologram+1"],"picked":"Rebound+1","floor":48}],"player_experience":438763,"relics_obtained":[{"floor":5.0,"key":"Bag of Preparation"},{"floor":7.0,"key":"Calipers"},{"floor":9.0,"key":"Bronze Scales"},{"floor":11.0,"key":"Odd Mushroom"},{"floor":12.0,"key":"Smiling Mask"},{"floor":26,"key":"Letter Opener"},{"floor":29,"key":"FossilizedHelix"},{"floor":41,"key":"Dead Branch"},{"floor":42,"key":"Pear"},{"floor":43,"key":"Darkstone Periapt"},{"floor":44,"key":"Turnip"},{"floor":46,"key":"Nunchaku"},{"floor":48,"key":"Pantograph"}],"event_choices":[{"cards_removed":["Strike_B"],"damage_healed":0.0,"max_hp_gain":0.0,"max_hp_loss":0.0,"gold_gain":0.0,"event_name":"Golden Wing","player_choice":"Card Removal","floor":2.0,"gold_loss":0.0,"damage_taken":7.0},{"damage_healed":0.0,"max_hp_gain":0.0,"max_hp_loss":0.0,"gold_gain":0.0,"event_name":"FaceTrader","player_choice":"Trade","floor":3.0,"gold_loss":0.0,"damage_taken":0.0,"relics_obtained":["GremlinMask"]},{"damage_healed":0.0,"max_hp_gain":0.0,"max_hp_loss":0.0,"gold_gain":175.0,"event_name":"Liars Game","player_choice":"AGREE","floor":8.0,"gold_loss":0.0,"damage_taken":0.0,"cards_obtained":["Doubt"]},{"damage_healed":0.0,"max_hp_gain":0.0,"max_hp_loss":0.0,"gold_gain":0.0,"event_name":"Mushrooms","player_choice":"Fought Mushrooms","floor":11.0,"gold_loss":0.0,"damage_taken":0.0},{"cards_removed":["Doubt"],"damage_healed":0,"gold_gain":0,"player_choice":"Card Removal","damage_taken":0,"max_hp_gain":0,"max_hp_loss":0,"event_name":"Wheel of Change","floor":19,"gold_loss":0},{"damage_healed":0,"gold_gain":0,"player_choice":"Opened","damage_taken":0,"relics_obtained":["Boot"],"max_hp_gain":0,"max_hp_loss":0,"event_name":"The Mausoleum","floor":21,"gold_loss":0,"cards_obtained":["Writhe"]},{"damage_healed":0,"gold_gain":0,"player_choice":"Simplicity","damage_taken":0,"max_hp_gain":0,"max_hp_loss":0,"event_name":"Back to Basics","floor":30,"gold_loss":0,"cards_upgraded":["Strike_B","Strike_B","Defend_B","Defend_B","Defend_B","Defend_B"]},{"damage_healed":0,"gold_gain":0,"player_choice":"Copied","damage_taken":0,"max_hp_gain":0,"max_hp_loss":0,"event_name":"Duplicator","floor":31,"gold_loss":0,"cards_obtained":["Defragment"]},{"cards_removed":["Defend_B"],"damage_healed":0,"gold_gain":0,"player_choice":"Removed Skill","damage_taken":0,"max_hp_gain":0,"max_hp_loss":0,"event_name":"Falling","floor":37,"gold_loss":0},{"damage_healed":0,"gold_gain":0,"player_choice":"Fight","damage_taken":0,"max_hp_gain":0,"max_hp_loss":0,"event_name":"MindBloom","floor":41,"gold_loss":0},{"damage_healed":0,"gold_gain":0,"player_choice":"Fight","damage_taken":0,"max_hp_gain":0,"max_hp_loss":0,"event_name":"Mysterious Sphere","floor":44,"gold_loss":0},{"damage_healed":0,"gold_gain":0,"player_choice":"Max HP","damage_taken":0,"max_hp_gain":0,"max_hp_loss":4,"event_name":"Winding Halls","floor":47,"gold_loss":0}],"is_beta":false,"boss_relics":[{"not_picked":["Fusion Hammer","Astrolabe"],"picked":"Nuclear Battery"},{"not_picked":["Tiny House","Runic Dome"],"picked":"Sozu"}],"items_purged_floors":[28,38,45],"is_endless":false,"potions_floor_spawned":[1,12,14,18,24,29,33,39,41,44],"ascension_level":7}