{"gold_per_floor":[16,16,16,0,0,0,13,33,33,67,90,265,275,305,305,407,457,468,67,0,16,16,16,48,48,48,48,82,97,125,125],"floor_reached":31,"playtime":1430,"items_purged":["Doubt"],"score":434,"play_id":"746dd1ae-e3de-4442-80b8-73aa0208f8c6","local_time":"20190130180809","is_ascension_mode":true,"campfire_choices":[{"floor":6,"key":"REST"},{"floor":15,"key":"REST"},{"floor":23,"key":"REST"},{"floor":25,"key":"REST"}],"neow_cost":"NO_GOLD","seed_source_timestamp":605481972539000,"circlet_count":0,"master_deck":["Strike_B","Strike_B","Strike_B","Defend_B+1","Defend_B","Defend_B","Defend_B+1","Zap","Dualcast","Flash of Steel","Panacea","Self Repair","Cold Snap","Doom and Gloom","White Noise","Ball Lightning","Turbo","Darkness","Electrodynamics","Hologram+1","Double Energy","Discovery","Sunder","Shame","Defragment+1","Defragment+1"],"relics":["Cracked Core","Sundial","Gremlin Horn","Odd Mushroom","Potion Belt","Tiny House","Regal Pillow","Symbiotic Virus","War Paint","Singing Bowl","Ice Cream","Juzu Bracelet"],"potions_floor_usage":[14,14,16,24,24,28,29,30],"damage_taken":[{"damage":7,"enemies":"Jaw Worm","floor":1,"turns":2},{"damage":7,"enemies":"Small Slimes","floor":7,"turns":3},{"damage":0,"enemies":"2 Louse","floor":8,"turns":2},{"damage":28,"enemies":"Gremlin Nob","floor":10,"turns":4},{"damage":14,"enemies":"The Mushroom Lair","floor":11,"turns":4},{"damage":8,"enemies":"Large Slime","floor":13,"turns":4},{"damage":18,"enemies":"3 Sentries","floor":14,"turns":4},{"damage":28,"enemies":"Slime Boss","floor":16,"turns":7},{"damage":40,"enemies":"Shell Parasite","floor":18,"turns":6},{"damage":32,"enemies":"Chosen","floor":21,"turns":7},{"damage":5,"enemies":"Gremlin Leader","floor":24,"turns":7},{"damage":51,"enemies":"Slavers","floor":28,"turns":3},{"damage":19,"enemies":"Snecko","floor":29,"turns":4},{"damage":11,"enemies":"Gremlin Leader","floor":30,"turns":3},{"damage":13,"enemies":"Snake Plant","floor":31,"turns":2}],"seed_played":"-8787224860279373583","potions_obtained":[{"floor":1,"key":"SpeedPotion"},{"floor":11,"key":"LiquidBronze"},{"floor":14,"key":"Weak Potion"},{"floor":16,"key":"Dexterity Potion"},{"floor":17,"key":"EssenceOfSteel"},{"floor":18,"key":"EssenceOfSteel"},{"floor":28,"key":"Explosive Potion"},{"floor":29,"key":"SkillPotion"}],"is_trial":false,"path_per_floor":["M","?","$","?","$","R","M","M","T","E","?","?","M","E","R","B",null,"M","$","?","M","?","R","E","R","T","?","E","M","E","M"],"character_chosen":"DEFECT","items_purchased":["Regal Pillow","Discovery","Sunder"],"campfire_rested":4,"item_purchase_floors":[19,19,19],"current_hp_per_floor":[61,54,54,54,54,75,75,75,75,47,40,40,39,21,43,22,67,34,34,34,9,9,48,50,80,80,80,38,21,10,0],"gold":125,"neow_bonus":"RANDOM_COLORLESS_2","is_prod":false,"is_daily":false,"chose_seed":false,"campfire_upgraded":0,"win_rate":0,"timestamp":1548868089,"path_taken":["M","?","$","?","$","R","M","M","T","E","?","?","M","E","R","BOSS","M","$","?","M","?","R","E","R","T","?","E","M","E","M"],"build_version":"2019-01-23","purchased_purges":1,"victory":false,"max_hp_per_floor":[75,75,75,75,75,75,75,75,75,75,75,75,75,75,75,75,80,80,80,80,80,80,80,80,80,80,80,82,84,84,84],"card_choices":[{"not_picked":["Turbo","Chill"],"picked":"Self Repair","floor":1},{"not_picked":["Rip and Tear","Compile Driver"],"picked":"Cold Snap","floor":7},{"not_picked":["Static Discharge","Beam Cell"],"picked":"Doom and Gloom","floor":8},{"not_picked":["Beam Cell","Tempest"],"picked":"White Noise","floor":10},{"not_picked":["Rebound","Heatsinks"],"picked":"Ball Lightning","floor":11},{"not_picked":["Go for the Eyes","Sweeping Beam"],"picked":"Turbo","floor":13},{"not_picked":["Steam","Turbo"],"picked":"Darkness","floor":14},{"not_picked":["Echo Form","Amplify"],"picked":"Electrodynamics","floor":16},{"not_picked":["Streamline","Beam Cell"],"picked":"Hologram","floor":17},{"not_picked":["Stack","Beam Cell"],"picked":"Double Energy","floor":18},{"not_picked":["Machine Learning","Gash","Hologram"],"picked":"SKIP","floor":21},{"not_picked":["Coolheaded+1","White Noise"],"picked":"Defragment+1","floor":24},{"not_picked":["Steam Power","Cold Snap+1","Sweeping Beam"],"picked":"Singing Bowl","floor":28},{"not_picked":["Hologram","Beam Cell","Ball Lightning"],"picked":"Singing Bowl","floor":29},{"not_picked":["Barrage","Loop"],"picked":"Defragment+1","floor":30}],"player_experience":1388791,"relics_obtained":[{"floor":9,"key":"Sundial"},{"floor":10,"key":"Gremlin Horn"},{"floor":11,"key":"Odd Mushroom"},{"floor":14,"key":"Potion Belt"},{"floor":24,"key":"War Paint"},{"floor":26,"key":"Singing Bowl"},{"floor":28,"key":"Ice Cream"},{"floor":30,"key":"Juzu Bracelet"}],"event_choices":[{"cards_removed":["Strike_B"],"damage_healed":0,"gold_gain":0,"player_choice":"Card Removal","damage_taken":7,"max_hp_gain":0,"max_hp_loss":0,"event_name":"Golden Wing","floor":2,"gold_loss":0},{"damage_healed":0,"gold_gain":0,"player_choice":"Left Gold","damage_taken":0,"max_hp_gain":0,"max_hp_loss":0,"event_name":"World of Goop","floor":4,"gold_loss":16},{"damage_healed":0,"gold_gain":0,"player_choice":"Fought Mushrooms","damage_taken":0,"max_hp_gain":0,"max_hp_loss":0,"event_name":"Mushrooms","floor":11,"gold_loss":0},{"damage_healed":0,"gold_gain":175,"player_choice":"AGREE","damage_taken":0,"max_hp_gain":0,"max_hp_loss":0,"event_name":"Liars Game","floor":12,"gold_loss":0,"cards_obtained":["Doubt"]},{"damage_healed":0,"gold_gain":0,"player_choice":"Paid Fearfully","damage_taken":0,"max_hp_gain":0,"max_hp_loss":0,"event_name":"Masked Bandits","floor":20,"gold_loss":67},{"damage_healed":0,"gold_gain":0,"player_choice":"Stole Relic","damage_taken":0,"relics_obtained":["Symbiotic Virus"],"max_hp_gain":0,"max_hp_loss":0,"event_name":"Addict","floor":22,"gold_loss":0,"cards_obtained":["Shame"]},{"damage_healed":0,"gold_gain":0,"player_choice":"Ignored","damage_taken":0,"max_hp_gain":0,"max_hp_loss":0,"event_name":"Beggar","floor":27,"gold_loss":0}],"is_beta":false,"boss_relics":[{"not_picked":["Ectoplasm","Philosopher\u0027s Stone"],"picked":"Tiny House"}],"items_purged_floors":[19],"is_endless":false,"potions_floor_spawned":[1,11,14,16,18,28,29],"killed_by":"Snake Plant","ascension_level":9}