{"gold_per_floor":[116,41,41,41,41,81,81,99,99,112,143,143,143,157,157,276,276,301,321,339,339,360,360,401,401,424,455,455,489,489,505,505,636,699,714,714,729,798,822,863,863,902,926,939,939,393,393,432,432,432,432,432,139,173,173],"floor_reached":55,"playtime":5415,"items_purged":["Strike_R","Pommel Strike"],"score":1095,"play_id":"534813a3-8ee2-4c84-8796-9c6eef48d99d","local_time":"20190513231531","is_ascension_mode":true,"campfire_choices":[{"data":"Bash","floor":7,"key":"SMITH"},{"data":"Clothesline","floor":13,"key":"SMITH"},{"data":"Inflame","floor":15,"key":"SMITH"},{"data":"Berserk","floor":23,"key":"SMITH"},{"floor":25,"key":"REST"},{"data":"Heavy Blade","floor":32,"key":"SMITH"},{"data":"Shrug It Off","floor":45,"key":"SMITH"},{"data":"Corruption","floor":47,"key":"SMITH"},{"floor":49,"key":"RECALL"},{"data":"Cleave","floor":52,"key":"SMITH"}],"neow_cost":"NONE","seed_source_timestamp":2171445920055987,"circlet_count":0,"master_deck":["Bash+1","Shrug It Off+1","Ghostly Armor+1","Clothesline+1","Inflame+1","Limit Break+1","Power Through+1","Warcry+1","Impervious+1","Cleave+1","Berserk+1","Infernal Blade+1","Corruption+1","Armaments+1","Battle Trance+1","Shrug It Off+1","Intimidate+1","Pommel Strike+1","Warcry+1","Shockwave+1","Necronomicurse","Ghostly Armor+1","Heavy Blade+1","Reaper+1","Disarm+1","Dual Wield+1","Rage+1","Shrug It Off+1","Metallicize+1","Dropkick+1","Metallicize+1","Disarm+1","Iron Wave+1"],"relics":["Burning Blood","NeowsBlessing","Golden Idol","Centennial Puzzle","PreservedInsect","Toxic Egg 2","Potion Belt","Pandora\u0027s Box","Blood Vial","Regal Pillow","Bottled Lightning","Necronomicon","Nunchaku","Tiny House","Calipers","Strawberry","Kunai","Anchor","Bird Faced Urn","Orichalcum","Pear","Whetstone"],"potions_floor_usage":[11,11,27,42,42,50,50,54,54,55],"damage_taken":[{"damage":0,"enemies":"Small Slimes","floor":1,"turns":1},{"damage":0,"enemies":"Lagavulin","floor":6,"turns":1},{"damage":0,"enemies":"2 Louse","floor":8,"turns":1},{"damage":0,"enemies":"Jaw Worm","floor":10,"turns":3},{"damage":4,"enemies":"Gremlin Nob","floor":11,"turns":3},{"damage":2,"enemies":"2 Fungi Beasts","floor":14,"turns":4},{"damage":30,"enemies":"The Guardian","floor":16,"turns":16},{"damage":19,"enemies":"2 Thieves","floor":18,"turns":3},{"damage":10,"enemies":"Shell Parasite","floor":19,"turns":8},{"damage":11,"enemies":"Snecko","floor":20,"turns":6},{"damage":8,"enemies":"Sentry and Sphere","floor":22,"turns":7},{"damage":38,"enemies":"Gremlin Leader","floor":24,"turns":6},{"damage":0,"enemies":"Book of Stabbing","floor":27,"turns":5},{"damage":12,"enemies":"Slavers","floor":29,"turns":6},{"damage":12,"enemies":"Centurion and Healer","floor":31,"turns":6},{"damage":5,"enemies":"Champ","floor":33,"turns":8},{"damage":9,"enemies":"3 Shapes","floor":35,"turns":6},{"damage":38,"enemies":"3 Darklings","floor":37,"turns":6},{"damage":51,"enemies":"2 Orb Walkers","floor":38,"turns":5},{"damage":8,"enemies":"Jaw Worm Horde","floor":39,"turns":6},{"damage":0,"enemies":"Giant Head","floor":40,"turns":5},{"damage":18,"enemies":"Nemesis","floor":42,"turns":9},{"damage":29,"enemies":"Maw","floor":44,"turns":10},{"damage":2,"enemies":"Giant Head","floor":48,"turns":9},{"damage":82,"enemies":"Donu and Deca","floor":50,"turns":10},{"damage":57,"enemies":"Shield and Spear","floor":54,"turns":12},{"damage":76,"enemies":"The Heart","floor":55,"turns":8}],"seed_played":"1777945579303612670","potions_obtained":[{"floor":6,"key":"SkillPotion"},{"floor":10,"key":"Dexterity Potion"},{"floor":20,"key":"Poison Potion"},{"floor":24,"key":"Block Potion"},{"floor":27,"key":"Explosive Potion"},{"floor":31,"key":"GamblersBrew"},{"floor":34,"key":"GamblersBrew"},{"floor":40,"key":"PowerPotion"},{"floor":42,"key":"Regen Potion"},{"floor":44,"key":"Dexterity Potion"}],"is_trial":false,"path_per_floor":["M","$","?","?","?","E","R","M","T","M","E","?","R","M","R","B",null,"M","M","M","?","M","R","E","R","T","E","?","E","?","M","R","B",null,"M","?","M","?","M","E","?","E","T","M","R","$","R","E","R","B",null,"R","$","E","B"],"character_chosen":"IRONCLAD","items_purchased":["Anchor","Bird Faced Urn","Pear","Disarm+1"],"campfire_rested":1,"item_purchase_floors":[46,46,53,53],"current_hp_per_floor":[80,80,80,60,18,24,24,30,30,36,38,38,38,42,42,18,80,67,63,58,58,56,56,24,48,48,56,40,36,62,58,58,61,85,82,82,85,40,40,55,55,50,50,65,65,65,65,77,77,45,87,87,97,65,0],"gold":173,"neow_bonus":"THREE_ENEMY_KILL","is_prod":false,"is_daily":false,"chose_seed":false,"campfire_upgraded":8,"win_rate":0,"timestamp":1557807331,"path_taken":["M","$","?","?","?","E","R","M","T","M","E","?","R","M","R","BOSS","M","M","M","?","?","R","E","R","T","E","?","E","?","M","R","BOSS","M","?","M","?","M","E","?","E","T","M","R","$","R","E","R","BOSS","R","$","E","BOSS"],"build_version":"2019-01-23","purchased_purges":2,"victory":false,"max_hp_per_floor":[80,80,80,80,80,80,80,80,80,80,80,80,80,80,80,80,80,80,80,80,80,80,80,80,80,80,80,80,80,80,80,80,80,85,85,85,85,85,85,92,87,87,87,87,87,87,87,87,87,87,87,87,97,97,97],"card_choices":[{"not_picked":["Thunderclap","Clash"],"picked":"Shrug It Off","floor":1},{"not_picked":["Dark Embrace","Warcry"],"picked":"Ghostly Armor","floor":6},{"not_picked":["Entrench","Reckless Charge"],"picked":"Pommel Strike","floor":8},{"not_picked":["Heavy Blade","Corruption","Pommel Strike"],"picked":"SKIP","floor":10},{"not_picked":["Clash","Body Slam"],"picked":"Clothesline","floor":11},{"not_picked":["Pummel","Hemokinesis"],"picked":"Inflame","floor":14},{"not_picked":["Demon Form","Reaper"],"picked":"Limit Break+1","floor":16},{"not_picked":["Havoc+1","Spot Weakness+1"],"picked":"Battle Trance+1","floor":18},{"not_picked":["Warcry+1","Dual Wield+1"],"picked":"Shrug It Off+1","floor":19},{"not_picked":["Clash","Uppercut"],"picked":"Intimidate+1","floor":20},{"not_picked":["Clash","Searing Blow"],"picked":"Pommel Strike+1","floor":22},{"not_picked":["Iron Wave","Thunderclap"],"picked":"Warcry+1","floor":24},{"not_picked":["Berserk","Cleave"],"picked":"Shockwave+1","floor":27},{"not_picked":["Armaments+1","Clothesline"],"picked":"Ghostly Armor+1","floor":29},{"not_picked":["Infernal Blade+1","Cleave+1"],"picked":"Heavy Blade","floor":31},{"not_picked":["Brutality","Juggernaut"],"picked":"Reaper","floor":33},{"not_picked":["Pommel Strike","Searing Blow"],"picked":"Disarm+1","floor":34},{"not_picked":["Sword Boomerang+1","Entrench+1"],"picked":"Dual Wield+1","floor":35},{"not_picked":["Headbutt+1","Wild Strike+1"],"picked":"Rage+1","floor":37},{"not_picked":["Armaments+1","Sword Boomerang"],"picked":"Shrug It Off+1","floor":38},{"not_picked":["Sentinel+1","Armaments+1"],"picked":"Metallicize+1","floor":39},{"not_picked":["Berserk","Wild Strike+1","Reckless Charge"],"picked":"SKIP","floor":40},{"not_picked":["Havoc+1","Reckless Charge"],"picked":"Dropkick+1","floor":42},{"not_picked":["Havoc+1","Bloodletting+1","Perfected Strike"],"picked":"SKIP","floor":44},{"not_picked":["Carnage","Reaper"],"picked":"Metallicize+1","floor":48},{"not_picked":["Bludgeon","Berserk"],"picked":"Iron Wave+1","floor":54}],"player_experience":323057,"relics_obtained":[{"floor":6,"key":"PreservedInsect"},{"floor":9,"key":"Toxic Egg 2"},{"floor":11,"key":"Potion Belt"},{"floor":24,"key":"Blood Vial"},{"floor":26,"key":"Regal Pillow"},{"floor":27,"key":"Bottled Lightning"},{"floor":28,"key":"Necronomicon"},{"floor":29,"key":"Nunchaku"},{"floor":38,"key":"Calipers"},{"floor":40,"key":"Strawberry"},{"floor":42,"key":"Kunai"},{"floor":48,"key":"Orichalcum"},{"floor":54,"key":"Whetstone"}],"event_choices":[{"damage_healed":0,"gold_gain":0,"player_choice":"Leave","damage_taken":0,"max_hp_gain":0,"max_hp_loss":0,"event_name":"The Cleric","floor":3,"gold_loss":0},{"damage_healed":0,"gold_gain":0,"player_choice":"Take Damage","damage_taken":20,"relics_obtained":["Golden Idol"],"max_hp_gain":0,"max_hp_loss":0,"event_name":"Golden Idol","floor":4,"gold_loss":0},{"damage_healed":0,"gold_gain":0,"player_choice":"Success","damage_taken":42,"relics_obtained":["Centennial Puzzle"],"max_hp_gain":0,"max_hp_loss":0,"event_name":"Scrap Ooze","floor":5,"gold_loss":0},{"damage_healed":0,"gold_gain":0,"player_choice":"Ignored","damage_taken":0,"max_hp_gain":0,"max_hp_loss":0,"event_name":"Liars Game","floor":12,"gold_loss":0},{"damage_healed":0,"gold_gain":0,"player_choice":"0 cards matched","damage_taken":0,"max_hp_gain":0,"max_hp_loss":0,"event_name":"Match and Keep!","floor":21,"gold_loss":0,"cards_obtained":[]},{"damage_healed":0,"gold_gain":0,"player_choice":"Obtained Book","damage_taken":16,"max_hp_gain":0,"max_hp_loss":0,"event_name":"Cursed Tome","floor":28,"gold_loss":0},{"damage_healed":26,"gold_gain":0,"player_choice":"Heal","damage_taken":0,"max_hp_gain":0,"max_hp_loss":0,"event_name":"The Library","floor":30,"gold_loss":0},{"damage_healed":0,"gold_gain":0,"player_choice":"Ignored","damage_taken":0,"max_hp_gain":0,"max_hp_loss":0,"event_name":"Tomb of Lord Red Mask","floor":36,"gold_loss":0},{"damage_healed":0,"gold_gain":0,"player_choice":"Fight","damage_taken":0,"max_hp_gain":0,"max_hp_loss":0,"event_name":"Mysterious Sphere","floor":38,"gold_loss":0},{"damage_healed":0,"gold_gain":0,"player_choice":"Max HP","damage_taken":0,"max_hp_gain":0,"max_hp_loss":5,"event_name":"Winding Halls","floor":41,"gold_loss":0}],"is_beta":false,"boss_relics":[{"not_picked":["Calling Bell","Ectoplasm"],"picked":"Pandora\u0027s Box"},{"not_picked":["White Beast Statue","Snecko Eye"],"picked":"Tiny House"}],"items_purged_floors":[2,46],"is_endless":false,"potions_floor_spawned":[6,10,20,24,27,31,40,42,44],"killed_by":"The Heart","ascension_level":4}