{"gold_per_floor":[119,139,139,157,125,155,67,67,67,100,120,120,139,149,149,149],"floor_reached":16,"playtime":1275,"items_purged":[],"score":137,"play_id":"1ffdf988-e399-4904-920d-b28459e3fe79","local_time":"20181230035321","is_ascension_mode":false,"campfire_choices":[{"floor":12,"key":"REST"},{"floor":15,"key":"REST"}],"neow_cost":"NONE","seed_source_timestamp":33930536912700,"circlet_count":0,"master_deck":["Strike_B","Strike_B","Strike_B","Strike_B","Defend_B","Defend_B","Defend_B","Defend_B","Zap","Dualcast","Turbo","Hologram+1","Coolheaded","Glacier","Bandage Up","Storm","Auto Shields","Ball Lightning"],"relics":["Lizard Tail","Strawberry","Pear","Bag of Marbles"],"potions_floor_usage":[6,6,14],"damage_taken":[{"damage":7,"enemies":"Jaw Worm","floor":1,"turns":5},{"damage":6,"enemies":"Cultist","floor":2,"turns":3},{"damage":5,"enemies":"Small Slimes","floor":4,"turns":4},{"damage":20,"enemies":"3 Sentries","floor":6,"turns":10},{"damage":75,"enemies":"Lagavulin","floor":10,"turns":25},{"damage":9,"enemies":"Red Slaver","floor":11,"turns":3},{"damage":5,"enemies":"Blue Slaver","floor":13,"turns":7},{"damage":7,"enemies":"Exordium Wildlife","floor":14,"turns":5},{"damage":80,"enemies":"Hexaghost","floor":16,"turns":18}],"seed_played":"2576246089767278494","potions_obtained":[{"floor":1,"key":"Poison Potion"},{"floor":4,"key":"Poison Potion"},{"floor":13,"key":"Explosive Potion"}],"is_trial":false,"path_per_floor":["M","M","?","M","?","E","$","?","T","E","M","R","M","M","R","B"],"character_chosen":"DEFECT","items_purchased":["Bandage Up"],"campfire_rested":2,"item_purchase_floors":[7],"current_hp_per_floor":[68,62,62,57,57,44,44,36,46,29,24,51,50,47,74,0],"gold":149,"neow_bonus":"BOSS_RELIC","is_prod":false,"is_daily":false,"chose_seed":false,"campfire_upgraded":0,"win_rate":0,"timestamp":1546138401,"path_taken":["M","M","?","?","?","E","$","?","T","E","M","R","M","M","R","BOSS"],"build_version":"2018-12-20","purchased_purges":0,"victory":false,"max_hp_per_floor":[75,75,75,75,75,82,82,82,92,92,92,92,92,92,92,92],"card_choices":[{"not_picked":["Recycle","Compile Driver"],"picked":"Turbo","floor":1},{"not_picked":["Leap","Steam"],"picked":"Hologram","floor":2},{"not_picked":["Leap","BootSequence"],"picked":"Coolheaded","floor":4},{"not_picked":["Redo","Ball Lightning"],"picked":"Glacier","floor":6},{"not_picked":["Redo","Steam"],"picked":"Storm","floor":10},{"not_picked":["Barrage","Meteor Strike"],"picked":"Auto Shields","floor":11},{"not_picked":["Streamline","Consume"],"picked":"Ball Lightning","floor":13},{"not_picked":["Gash","Reinforced Body","Steam"],"picked":"SKIP","floor":14}],"player_experience":15031,"relics_obtained":[{"floor":6,"key":"Strawberry"},{"floor":9,"key":"Pear"},{"floor":10,"key":"Bag of Marbles"}],"event_choices":[{"damage_healed":0,"gold_gain":0,"player_choice":"Upgraded","damage_taken":0,"max_hp_gain":0,"max_hp_loss":0,"event_name":"Upgrade Shrine","floor":3,"gold_loss":0,"cards_upgraded":["Hologram"]},{"damage_healed":0,"gold_gain":0,"player_choice":"Left Gold","damage_taken":0,"max_hp_gain":0,"max_hp_loss":0,"event_name":"World of Goop","floor":5,"gold_loss":32},{"damage_healed":0,"gold_gain":0,"player_choice":"Damaged","damage_taken":8,"max_hp_gain":0,"max_hp_loss":0,"event_name":"Wheel of Change","floor":8,"gold_loss":0}],"is_beta":false,"boss_relics":[],"items_purged_floors":[],"is_endless":false,"potions_floor_spawned":[1,4,13],"killed_by":"Hexaghost","ascension_level":0}