{"gold_per_floor":[18,38,55,55,55,55,66,97,97,110,43,43,62,75,75,146,146,161,161,146,67,67,67,13,25,25,25,25,37,37,37],"floor_reached":31,"playtime":20684,"items_purged":[],"score":452,"play_id":"ba15962f-d169-4992-9c7d-1d5fab8ba537","local_time":"20190508140931","is_ascension_mode":true,"campfire_choices":[{"data":"Choke","floor":6,"key":"SMITH"},{"floor":12,"key":"REST"},{"floor":15,"key":"REST"},{"floor":23,"key":"REST"},{"floor":27,"key":"REST"}],"neow_cost":"NO_GOLD","seed_source_timestamp":6250049690069,"circlet_count":0,"master_deck":["AscendersBane","Defend_G","Defend_G","Defend_G","Defend_G","Defend_G","Strike_G","Strike_G","Strike_G","Strike_G","Strike_G","Survivor","Neutralize","PiercingWail","Choke+1","Reflex","Prepared+1","Quick Slash","Underhanded Strike","Acrobatics","Caltrops","Burst","Acrobatics","Deflect","Well Laid Plans","PiercingWail","Footwork","Escape Plan","Prepared","Acrobatics","Acrobatics","Escape Plan","Shame","Prepared+1"],"relics":["Ring of the Snake","Tingsha","Tough Bandages","Bottled Flame","Orrery","Dream Catcher","Sundial"],"potions_floor_usage":[8,8,16,16,18,20,25,31,31],"damage_taken":[{"damage":0,"enemies":"Cultist","floor":1,"turns":4},{"damage":7,"enemies":"Small Slimes","floor":2,"turns":5},{"damage":7,"enemies":"Jaw Worm","floor":3,"turns":4},{"damage":7,"enemies":"Gremlin Gang","floor":7,"turns":8},{"damage":18,"enemies":"Gremlin Nob","floor":8,"turns":4},{"damage":0,"enemies":"2 Fungi Beasts","floor":10,"turns":4},{"damage":0,"enemies":"3 Louse","floor":13,"turns":3},{"damage":6,"enemies":"Looter","floor":14,"turns":3},{"damage":41,"enemies":"Slime Boss","floor":16,"turns":12},{"damage":36,"enemies":"Spheric Guardian","floor":18,"turns":10},{"damage":10,"enemies":"2 Thieves","floor":20,"turns":4},{"damage":12,"enemies":"Shelled Parasite and Fungi","floor":25,"turns":12},{"damage":40,"enemies":"Sentry and Sphere","floor":29,"turns":11},{"damage":20,"enemies":"3 Cultists","floor":31,"turns":5}],"seed_played":"-6928173564267668064","potions_obtained":[{"floor":1,"key":"Weak Potion"},{"floor":7,"key":"Strength Potion"},{"floor":10,"key":"Strength Potion"},{"floor":14,"key":"Energy Potion"},{"floor":16,"key":"SpeedPotion"},{"floor":18,"key":"LiquidBronze"},{"floor":29,"key":"Regen Potion"}],"is_trial":false,"path_per_floor":["M","M","M","?","?","R","M","E","T","M","?","R","M","M","R","B",null,"M","?","M","$","?","R","$","M","T","R","?","M","?","M"],"character_chosen":"THE_SILENT","items_purchased":["Regen Potion","AttackPotion"],"campfire_rested":4,"item_purchase_floors":[21,24],"current_hp_per_floor":[59,52,45,45,36,36,29,11,11,11,11,30,30,24,43,2,50,14,14,4,4,4,23,23,26,26,45,45,5,5,0],"gold":37,"neow_bonus":"ONE_RARE_RELIC","is_prod":false,"is_daily":false,"chose_seed":false,"campfire_upgraded":1,"win_rate":0,"timestamp":1557349771,"path_taken":["M","M","?","?","?","R","M","E","T","?","?","R","M","M","R","BOSS","M","?","?","$","?","R","$","M","T","R","?","M","?","M"],"build_version":"2019-01-23","purchased_purges":0,"victory":false,"max_hp_per_floor":[66,66,66,66,66,66,66,66,66,66,66,66,66,66,66,66,66,66,66,66,66,66,66,66,66,66,66,66,66,66,66],"card_choices":[{"not_picked":["Eviscerate","Skewer"],"picked":"PiercingWail","floor":1},{"not_picked":["Bane","Outmaneuver"],"picked":"Choke","floor":2},{"not_picked":["Flying Knee","PiercingWail"],"picked":"Reflex","floor":3},{"not_picked":["PiercingWail","Grand Finale"],"picked":"Prepared","floor":7},{"not_picked":["Flying Knee","Dodge and Roll"],"picked":"Quick Slash","floor":8},{"not_picked":["Blade Dance","Distraction"],"picked":"Underhanded Strike","floor":10},{"not_picked":["Bullet Time","Catalyst"],"picked":"Acrobatics","floor":13},{"not_picked":["Blade Dance","Poisoned Stab"],"picked":"Caltrops","floor":14},{"not_picked":["Wraith Form v2","Die Die Die"],"picked":"Burst","floor":16},{"not_picked":["Flying Knee","Masterful Stab"],"picked":"Acrobatics","floor":17},{"not_picked":["Accuracy","Finisher"],"picked":"Deflect","floor":17},{"not_picked":["Dagger Throw","Bullet Time"],"picked":"Well Laid Plans","floor":17},{"not_picked":["Eviscerate","Riddle With Holes"],"picked":"PiercingWail","floor":17},{"not_picked":["Acrobatics","Terror"],"picked":"Footwork","floor":17},{"not_picked":["Flying Knee","Poisoned Stab"],"picked":"Escape Plan","floor":18},{"not_picked":["Flying Knee","Setup"],"picked":"Acrobatics","floor":20},{"not_picked":["Eviscerate","Bane"],"picked":"Acrobatics","floor":25},{"not_picked":["Backflip","Deflect"],"picked":"Escape Plan","floor":27},{"not_picked":["All Out Attack","Acrobatics"],"picked":"Prepared+1","floor":29}],"player_experience":1638357,"relics_obtained":[{"floor":8,"key":"Tough Bandages"},{"floor":9,"key":"Bottled Flame"},{"floor":26,"key":"Dream Catcher"}],"event_choices":[{"damage_healed":0,"gold_gain":0,"player_choice":"Leave","damage_taken":0,"max_hp_gain":0,"max_hp_loss":0,"event_name":"The Cleric","floor":4,"gold_loss":0},{"damage_healed":0,"gold_gain":0,"player_choice":"Damaged","damage_taken":9,"max_hp_gain":0,"max_hp_loss":0,"event_name":"Wheel of Change","floor":5,"gold_loss":0},{"damage_healed":0,"gold_gain":0,"player_choice":"Left Gold","damage_taken":0,"max_hp_gain":0,"max_hp_loss":0,"event_name":"World of Goop","floor":11,"gold_loss":67},{"damage_healed":0,"gold_gain":0,"player_choice":"Copied","damage_taken":0,"max_hp_gain":0,"max_hp_loss":0,"event_name":"Duplicator","floor":19,"gold_loss":0,"cards_obtained":["Prepared"]},{"damage_healed":0,"gold_gain":0,"player_choice":"Ignored","damage_taken":0,"max_hp_gain":0,"max_hp_loss":0,"event_name":"Cursed Tome","floor":22,"gold_loss":0},{"damage_healed":0,"gold_gain":0,"player_choice":"Stole Relic","damage_taken":0,"relics_obtained":["Sundial"],"max_hp_gain":0,"max_hp_loss":0,"event_name":"Addict","floor":28,"gold_loss":0,"cards_obtained":["Shame"]},{"damage_healed":0,"gold_gain":0,"player_choice":"Forge","damage_taken":0,"max_hp_gain":0,"max_hp_loss":0,"event_name":"Accursed Blacksmith","floor":30,"gold_loss":0,"cards_upgraded":["Prepared"]}],"is_beta":false,"boss_relics":[{"not_picked":["Philosopher\u0027s Stone","Fusion Hammer"],"picked":"Orrery"}],"items_purged_floors":[],"is_endless":false,"potions_floor_spawned":[1,7,10,14,16,18,29],"killed_by":"3 Cultists","ascension_level":16}