{"gold_per_floor":[113,125,200,217,197,197,213,248,271,287,298,109,126,126,126,231,231,245,260,185,185,202,202,202],"floor_reached":24,"playtime":1251,"items_purged":[],"score":280,"play_id":"c037eff4-a86e-4fd6-b15e-530e7c4ab539","local_time":"20190119170521","is_ascension_mode":true,"campfire_choices":[{"data":"Dagger Spray","floor":6,"key":"SMITH"},{"floor":15,"key":"REST"},{"floor":23,"key":"REST"}],"neow_cost":"NONE","seed_source_timestamp":828981090934400,"circlet_count":0,"master_deck":["Defend_G","Defend_G","Defend_G","Defend_G","Defend_G","Strike_G","Strike_G","Survivor","Neutralize","Dagger Spray+1","Bane","PiercingWail","Phantasmal Killer","Catalyst","Discovery","Well Laid Plans","Deflect","Die Die Die","Outmaneuver","Catalyst"],"relics":["Ring of the Snake","NeowsBlessing","Centennial Puzzle","Vajra","Lizard Tail"],"potions_floor_usage":[7,8,11,16,16,19],"damage_taken":[{"damage":0,"enemies":"Small Slimes","floor":1,"turns":1},{"damage":0,"enemies":"Jaw Worm","floor":2,"turns":1},{"damage":0,"enemies":"Cultist","floor":4,"turns":1},{"damage":13,"enemies":"Large Slime","floor":7,"turns":4},{"damage":36,"enemies":"Gremlin Nob","floor":8,"turns":5},{"damage":1,"enemies":"Gremlin Gang","floor":10,"turns":3},{"damage":0,"enemies":"Blue Slaver","floor":11,"turns":2},{"damage":18,"enemies":"Large Slime","floor":13,"turns":7},{"damage":11,"enemies":"The Guardian","floor":16,"turns":15},{"damage":7,"enemies":"Chosen","floor":18,"turns":6},{"damage":2,"enemies":"3 Byrds","floor":19,"turns":3},{"damage":73,"enemies":"3 Cultists","floor":22,"turns":8},{"damage":61,"enemies":"Shelled Parasite and Fungi","floor":24,"turns":6}],"seed_played":"-4974209475219239854","potions_obtained":[{"floor":2,"key":"AttackPotion"},{"floor":4,"key":"Dexterity Potion"},{"floor":5,"key":"Strength Potion"},{"floor":10,"key":"SteroidPotion"},{"floor":13,"key":"Block Potion"},{"floor":18,"key":"LiquidBronze"}],"is_trial":false,"path_per_floor":["M","M","?","M","?","R","M","E","T","M","M","$","M","?","R","B",null,"M","M","?","?","M","R","M"],"character_chosen":"THE_SILENT","items_purchased":["Discovery","FairyPotion"],"campfire_rested":2,"item_purchase_floors":[12,12],"current_hp_per_floor":[63,63,52,52,52,52,39,3,3,2,2,2,7,7,28,17,57,50,48,48,48,35,56,0],"gold":202,"neow_bonus":"THREE_ENEMY_KILL","is_prod":false,"is_daily":false,"chose_seed":false,"campfire_upgraded":1,"win_rate":0,"timestamp":1547913921,"path_taken":["M","M","?","M","?","R","M","E","T","M","?","$","M","?","R","BOSS","M","?","?","?","M","R","?"],"build_version":"2019-01-17v2","purchased_purges":0,"victory":false,"max_hp_per_floor":[70,70,70,70,70,70,70,70,70,70,70,70,70,70,70,70,70,70,70,70,70,70,70,70],"card_choices":[{"not_picked":["Deflect","Heel Hook"],"picked":"Dagger Spray","floor":1},{"not_picked":["Blade Dance","Escape Plan"],"picked":"Bane","floor":2},{"not_picked":["Dodge and Roll","Dagger Throw","Finisher"],"picked":"SKIP","floor":4},{"not_picked":["Prepared","Quick Slash"],"picked":"PiercingWail","floor":7},{"not_picked":["Tactician","Expertise","Dodge and Roll"],"picked":"SKIP","floor":8},{"not_picked":["Dagger Spray","Eviscerate"],"picked":"Phantasmal Killer","floor":10},{"not_picked":["Slice","Underhanded Strike"],"picked":"Catalyst","floor":11},{"not_picked":["Deflect","Dodge and Roll"],"picked":"Well Laid Plans","floor":13},{"not_picked":["Adrenaline","Doppelganger"],"picked":"Die Die Die","floor":16},{"not_picked":["Quick Slash","Acrobatics"],"picked":"Outmaneuver","floor":18},{"not_picked":["Backflip","Footwork"],"picked":"Catalyst","floor":19},{"not_picked":["Dagger Throw","Escape Plan","Dodge and Roll"],"picked":"SKIP","floor":22}],"player_experience":1114648,"relics_obtained":[{"floor":8,"key":"Centennial Puzzle"},{"floor":9,"key":"Vajra"}],"event_choices":[{"damage_healed":0,"gold_gain":75,"player_choice":"Gather Gold","damage_taken":11,"max_hp_gain":0,"max_hp_loss":0,"event_name":"World of Goop","floor":3,"gold_loss":0},{"damage_healed":0,"gold_gain":0,"player_choice":"Bought 1 Potion","damage_taken":0,"max_hp_gain":0,"max_hp_loss":0,"event_name":"The Woman in Blue","floor":5,"gold_loss":0},{"damage_healed":0,"gold_gain":0,"cards_transformed":["Strike_G"],"player_choice":"Transformed","damage_taken":0,"max_hp_gain":0,"max_hp_loss":0,"event_name":"Transmorgrifier","floor":14,"gold_loss":0,"cards_obtained":["Deflect"]},{"cards_removed":["Strike_G"],"damage_healed":0,"gold_gain":0,"player_choice":"Gave Gold","damage_taken":0,"max_hp_gain":0,"max_hp_loss":0,"event_name":"Beggar","floor":20,"gold_loss":75},{"cards_removed":["Strike_G"],"damage_healed":0,"gold_gain":0,"player_choice":"Purged","damage_taken":0,"max_hp_gain":0,"max_hp_loss":0,"event_name":"Purifier","floor":21,"gold_loss":0}],"is_beta":false,"boss_relics":[{"not_picked":["Tiny House","White Beast Statue"],"picked":"Lizard Tail"}],"items_purged_floors":[],"is_endless":false,"potions_floor_spawned":[2,4,10,13,18],"killed_by":"Shelled Parasite and Fungi","ascension_level":8}