{"gold_per_floor":[116,116,291,302,302,314,341,54,100,112,124,162,274,304,316,432,444,473,485,497,509,521,533],"floor_reached":23,"playtime":927,"items_purged":[],"score":268,"play_id":"210c7307-474c-4d4a-9b42-95d1171bbbe2","local_time":"20181106193305","is_ascension_mode":true,"campfire_choices":[{"floor":10,"key":"REST"},{"floor":15,"key":"REST"}],"neow_cost":"NONE","seed_source_timestamp":684840378783000,"circlet_count":0,"master_deck":["Defend_G","Defend_G","Defend_G","Defend_G","Defend_G","Survivor","Neutralize","PiercingWail","Endless Agony","Deadly Poison","All Out Attack","Deadly Poison","Envenom","Dagger Throw","Dagger Spray","Bullet Time","Footwork","Bite","Bite","Bite","Bite","Bite"],"relics":["Ring of the Snake","NeowsBlessing","Spirit Poop","Juzu Bracelet","MawBank","Bottled Flame","White Beast Statue","Unceasing Top"],"potions_floor_usage":[7,18,19],"damage_taken":[{"damage":0,"enemies":"Small Slimes","floor":1,"turns":1},{"damage":0,"enemies":"2 Louse","floor":4,"turns":1},{"damage":0,"enemies":"Cultist","floor":6,"turns":1},{"damage":27,"enemies":"Gremlin Nob","floor":7,"turns":5},{"damage":22,"enemies":"3 Sentries","floor":12,"turns":8},{"damage":7,"enemies":"Red Slaver","floor":14,"turns":4},{"damage":32,"enemies":"Slime Boss","floor":16,"turns":8},{"damage":14,"enemies":"Shell Parasite","floor":18,"turns":7},{"damage":24,"enemies":"Colosseum Slavers","floor":19,"turns":5},{"damage":32,"enemies":"Gremlin Leader","floor":23,"turns":4}],"seed_played":"750865394402967842","potions_obtained":[{"floor":6,"key":"Explosive Potion"},{"floor":16,"key":"EssenceOfSteel"},{"floor":18,"key":"Poison Potion"}],"is_trial":false,"path_per_floor":["M","?","?","M","?","M","E","$","T","R","$","E","?","M","R","B",null,"M","?","?","?","T","E"],"character_chosen":"THE_SILENT","items_purchased":["Envenom","Blood Vial"],"campfire_rested":2,"item_purchase_floors":[8,8],"current_hp_per_floor":[70,70,70,70,70,70,43,43,43,64,64,44,44,39,60,30,60,48,26,26,26,26,0],"gold":533,"neow_bonus":"THREE_ENEMY_KILL","is_prod":false,"is_daily":false,"chose_seed":false,"campfire_upgraded":0,"win_rate":0,"timestamp":1541529185,"path_taken":["M","?","?","M","?","?","E","$","T","R","?","E","?","M","R","BOSS","M","?","?","?","?","E"],"build_version":"2018-11-01","purchased_purges":0,"victory":false,"max_hp_per_floor":[70,70,70,70,70,70,70,70,70,70,70,70,70,70,70,70,70,70,70,70,70,70,70],"card_choices":[{"not_picked":["Deflect","Prepared"],"picked":"PiercingWail","floor":1},{"not_picked":["Finisher","Sucker Punch"],"picked":"Deadly Poison","floor":4},{"not_picked":["Flying Knee","Reflex"],"picked":"All Out Attack","floor":6},{"not_picked":["Finisher","Prepared"],"picked":"Deadly Poison","floor":7},{"not_picked":["Leg Sweep","Skewer"],"picked":"Dagger Throw","floor":12},{"not_picked":["Malaise","Prepared"],"picked":"Dagger Spray","floor":14},{"not_picked":["Envenom","Grand Finale"],"picked":"Bullet Time","floor":16},{"not_picked":["Acrobatics","Masterful Stab"],"picked":"Footwork","floor":18}],"player_experience":859476,"relics_obtained":[{"floor":7,"key":"Juzu Bracelet"},{"floor":9,"key":"MawBank"},{"floor":12,"key":"Bottled Flame"},{"floor":22,"key":"Unceasing Top"}],"event_choices":[{"damage_healed":0,"gold_gain":0,"cards_transformed":["Strike_G"],"player_choice":"Change","damage_taken":0,"max_hp_gain":0,"max_hp_loss":0,"event_name":"Living Wall","floor":2,"gold_loss":0,"cards_obtained":["Endless Agony"]},{"damage_healed":0,"gold_gain":175,"player_choice":"AGREE","damage_taken":0,"max_hp_gain":0,"max_hp_loss":0,"event_name":"Liars Game","floor":3,"gold_loss":0,"cards_obtained":["Doubt"]},{"cards_removed":["Doubt"],"damage_healed":0,"gold_gain":0,"player_choice":"Offered Curse","damage_taken":0,"relics_obtained":["Spirit Poop"],"max_hp_gain":0,"max_hp_loss":0,"event_name":"Bonfire Elementals","floor":5,"gold_loss":0},{"damage_healed":0,"gold_gain":100,"player_choice":"Pray","damage_taken":0,"max_hp_gain":0,"max_hp_loss":0,"event_name":"Golden Shrine","floor":13,"gold_loss":0},{"damage_healed":0,"gold_gain":0,"player_choice":"Fight","damage_taken":0,"max_hp_gain":0,"max_hp_loss":0,"event_name":"Colosseum","floor":19,"gold_loss":0},{"damage_healed":0,"gold_gain":0,"player_choice":"Fled From Nobs","damage_taken":0,"max_hp_gain":0,"max_hp_loss":0,"event_name":"Colosseum","floor":19,"gold_loss":0},{"damage_healed":0,"gold_gain":0,"player_choice":"Became a vampire (Vial)","damage_taken":0,"max_hp_gain":0,"max_hp_loss":0,"event_name":"Vampires","floor":20,"relics_lost":["Blood Vial"],"gold_loss":0,"cards_obtained":["Bite","Bite","Bite","Bite","Bite"]},{"damage_healed":0,"gold_gain":0,"player_choice":"Ignored","damage_taken":0,"max_hp_gain":0,"max_hp_loss":0,"event_name":"Cursed Tome","floor":21,"gold_loss":0}],"is_beta":false,"boss_relics":[{"not_picked":["Tiny House","Cursed Key"],"picked":"White Beast Statue"}],"items_purged_floors":[],"is_endless":false,"potions_floor_spawned":[6,16,18,19],"killed_by":"Gremlin Leader","ascension_level":5}