{"gold_per_floor":[116,136,155,29,29,29,65,86,86,86,106,106,120,85,85,178,178,197,27,42,66,66,66,38,38,65,65,65,65,90,90],"floor_reached":31,"playtime":1590,"items_purged":["Strike_G"],"score":447,"play_id":"cd21e1ec-4ec2-4fb9-b736-68da9ffa088e","local_time":"20190513082922","is_ascension_mode":true,"campfire_choices":[{"data":"Flechettes","floor":6,"key":"SMITH"},{"floor":12,"key":"REST"},{"floor":15,"key":"REST"},{"data":"After Image","floor":23,"key":"SMITH"},{"floor":25,"key":"REST"},{"data":"After Image","floor":27,"key":"SMITH"},{"data":"Flechettes","floor":29,"key":"SMITH"}],"neow_cost":"NONE","seed_source_timestamp":5300718622311,"circlet_count":0,"master_deck":["AscendersBane","Defend_G","Defend_G","Defend_G","Defend_G","Defend_G","Strike_G","Strike_G","Survivor","Neutralize","Flechettes+1","Deadly Poison","Calculated Gamble","PiercingWail","After Image+1","Backflip","Terror","Predator","After Image+1","Acrobatics","Discovery","Calculated Gamble","Prepared","Flechettes+1","Acrobatics","Shame","PiercingWail"],"relics":["Ring of the Snake","NeowsBlessing","Golden Idol","Mercury Hourglass","Gremlin Horn","GremlinMask","Empty Cage","Vajra","Matryoshka"],"potions_floor_usage":[7,16,18,21],"damage_taken":[{"damage":0,"enemies":"Cultist","floor":1,"turns":1},{"damage":0,"enemies":"2 Louse","floor":2,"turns":1},{"damage":0,"enemies":"Small Slimes","floor":3,"turns":1},{"damage":25,"enemies":"3 Sentries","floor":7,"turns":10},{"damage":3,"enemies":"Red Slaver","floor":8,"turns":4},{"damage":4,"enemies":"3 Louse","floor":11,"turns":3},{"damage":0,"enemies":"Exordium Wildlife","floor":13,"turns":3},{"damage":1,"enemies":"The Guardian","floor":16,"turns":13},{"damage":0,"enemies":"3 Byrds","floor":18,"turns":5},{"damage":17,"enemies":"Chosen","floor":20,"turns":7},{"damage":35,"enemies":"Snake Plant","floor":21,"turns":8},{"damage":9,"enemies":"Snecko","floor":30,"turns":6},{"damage":35,"enemies":"Centurion and Healer","floor":31,"turns":8}],"seed_played":"8477255701335914086","potions_obtained":[{"floor":3,"key":"Energy Potion"},{"floor":8,"key":"FearPotion"},{"floor":11,"key":"Dexterity Potion"},{"floor":16,"key":"Fire Potion"},{"floor":20,"key":"Swift Potion"},{"floor":30,"key":"FearPotion"}],"is_trial":false,"path_per_floor":["M","M","M","$","?","R","E","M","T","?","M","R","M","?","R","B",null,"M","$","M","M","?","R","$","R","T","R","?","R","M","M"],"character_chosen":"THE_SILENT","items_purchased":["PiercingWail","Discovery","Calculated Gamble","Acrobatics"],"campfire_rested":3,"item_purchase_floors":[4,19,19,24],"current_hp_per_floor":[59,59,59,59,36,36,11,8,8,8,4,23,23,39,58,57,64,64,64,47,12,25,25,25,44,44,44,44,44,35,0],"gold":90,"neow_bonus":"THREE_ENEMY_KILL","is_prod":false,"is_daily":false,"chose_seed":false,"campfire_upgraded":4,"win_rate":0,"timestamp":1557761362,"path_taken":["M","M","?","$","?","R","E","M","T","?","M","R","?","?","R","BOSS","M","$","M","M","?","R","$","R","T","R","?","R","M","M"],"build_version":"2019-01-23","purchased_purges":1,"victory":false,"max_hp_per_floor":[66,66,66,66,66,66,66,66,66,66,66,66,66,66,66,66,66,66,66,66,66,66,66,66,66,66,66,66,66,66,66],"card_choices":[{"not_picked":["Bane","Deflect"],"picked":"Flechettes","floor":1},{"not_picked":["Dagger Throw","Blade Dance"],"picked":"Deadly Poison","floor":2},{"not_picked":["Riddle With Holes","Masterful Stab"],"picked":"Calculated Gamble","floor":3},{"not_picked":["Accuracy","Underhanded Strike"],"picked":"After Image","floor":7},{"not_picked":["Footwork","Dagger Throw"],"picked":"Backflip","floor":8},{"not_picked":["Quick Slash","Flying Knee"],"picked":"Terror","floor":11},{"not_picked":["Bullet Time","Terror"],"picked":"Predator","floor":13},{"not_picked":["Corpse Explosion","Wraith Form v2"],"picked":"After Image","floor":16},{"not_picked":["Accuracy","Noxious Fumes"],"picked":"Acrobatics","floor":18},{"not_picked":["Dodge and Roll","Flying Knee"],"picked":"Prepared","floor":20},{"not_picked":["Storm of Steel","Acrobatics"],"picked":"Flechettes","floor":21},{"not_picked":["Underhanded Strike","Outmaneuver"],"picked":"PiercingWail","floor":30}],"player_experience":1691474,"relics_obtained":[{"floor":7,"key":"Mercury Hourglass"},{"floor":9,"key":"Gremlin Horn"},{"floor":26,"key":"Vajra"}],"event_choices":[{"damage_healed":0,"gold_gain":0,"player_choice":"Take Damage","damage_taken":23,"relics_obtained":["Golden Idol"],"max_hp_gain":0,"max_hp_loss":0,"event_name":"Golden Idol","floor":5,"gold_loss":0},{"damage_healed":0,"gold_gain":0,"player_choice":"Trade","damage_taken":0,"relics_obtained":["GremlinMask"],"max_hp_gain":0,"max_hp_loss":0,"event_name":"FaceTrader","floor":10,"gold_loss":0},{"damage_healed":16,"gold_gain":0,"player_choice":"Healed","damage_taken":0,"max_hp_gain":0,"max_hp_loss":0,"event_name":"The Cleric","floor":14,"gold_loss":35},{"damage_healed":13,"gold_gain":0,"player_choice":"Heal","damage_taken":0,"max_hp_gain":0,"max_hp_loss":0,"event_name":"The Library","floor":22,"gold_loss":0},{"damage_healed":0,"gold_gain":0,"player_choice":"Stole Relic","damage_taken":0,"relics_obtained":["Matryoshka"],"max_hp_gain":0,"max_hp_loss":0,"event_name":"Addict","floor":28,"gold_loss":0,"cards_obtained":["Shame"]}],"is_beta":false,"boss_relics":[{"not_picked":["Eternal Feather","Ectoplasm"],"picked":"Empty Cage"}],"items_purged_floors":[4],"is_endless":false,"potions_floor_spawned":[3,8,11,16,20,30],"killed_by":"Centurion and Healer","ascension_level":18}