{"gold_per_floor":[117,18,18,32,48,77,77,2,2,2,27,81,97,127,127,202,202,212,212,228,228,6,40,69,69,69,69,98,98,98,18,18,97,97,115,132,1,18,38,65,65,99,99,99,99,11,11,37,37,37,37,37,37,12,40,40],"floor_reached":57,"playtime":6691,"items_purged":["Pain","Strike_G","Normality"],"score":3105,"play_id":"9af103e2-4394-4188-9064-d1c85370f6da","local_time":"20190504211605","is_ascension_mode":true,"campfire_choices":[{"data":"Footwork","floor":7,"key":"SMITH"},{"floor":10,"key":"REST"},{"data":"Cloak And Dagger","floor":15,"key":"SMITH"},{"data":"Cloak And Dagger","floor":25,"key":"SMITH"},{"floor":27,"key":"REST"},{"data":"Well Laid Plans","floor":29,"key":"SMITH"},{"data":"Cloak And Dagger","floor":32,"key":"SMITH"},{"data":"Neutralize","floor":41,"key":"SMITH"},{"floor":47,"key":"RECALL"},{"floor":49,"key":"REST"},{"data":"Adrenaline","floor":53,"key":"SMITH"}],"neow_cost":"CURSE","seed_source_timestamp":654630378440133,"circlet_count":0,"master_deck":["AscendersBane","Defend_G","Defend_G","Defend_G","Defend_G","Defend_G","Strike_G","Strike_G","Strike_G+1","Strike_G+1","Survivor","Neutralize+1","Clumsy","Cloak And Dagger+1","Footwork+1","Dodge and Roll","Dagger Spray","Dodge and Roll","Infinite Blades","PiercingWail","Envenom","Cloak And Dagger+1","Bullet Time","Cloak And Dagger+1","Leg Sweep+1","Blur+1","Crippling Poison","Well Laid Plans+1","PiercingWail","Corpse Explosion","Acrobatics+1","PiercingWail","Well Laid Plans+1","PiercingWail","Backflip+1","Adrenaline+1","Finesse","Good Instincts","PiercingWail","Bullet Time+1","Cloak And Dagger+1","PiercingWail+1"],"relics":["Ring of the Snake","Pocketwatch","WarpedTongs","Kunai","Centennial Puzzle","Bronze Scales","Question Card","Black Star","Membership Card","Ancient Tea Set","Blue Candle","Red Mask","Mercury Hourglass","Regal Pillow","Whetstone","Cursed Key","OrangePellets","Happy Flower","Bottled Tornado","Paper Crane","Boot","Calipers","Toxic Egg 2","Pear","Strawberry","Anchor"],"potions_floor_usage":[14,23,24,51],"damage_taken":[{"damage":3,"enemies":"Cultist","floor":1,"turns":4},{"damage":8,"enemies":"Jaw Worm","floor":4,"turns":7},{"damage":3,"enemies":"Small Slimes","floor":5,"turns":5},{"damage":11,"enemies":"3 Sentries","floor":6,"turns":13},{"damage":29,"enemies":"Gremlin Nob","floor":11,"turns":5},{"damage":0,"enemies":"3 Louse","floor":13,"turns":3},{"damage":0,"enemies":"Lagavulin","floor":14,"turns":7},{"damage":22,"enemies":"The Guardian","floor":16,"turns":11},{"damage":0,"enemies":"3 Byrds","floor":18,"turns":5},{"damage":0,"enemies":"Spheric Guardian","floor":20,"turns":7},{"damage":3,"enemies":"Gremlin Leader","floor":23,"turns":9},{"damage":12,"enemies":"Masked Bandits","floor":24,"turns":7},{"damage":7,"enemies":"Slavers","floor":28,"turns":5},{"damage":8,"enemies":"Collector","floor":33,"turns":13},{"damage":11,"enemies":"3 Darklings","floor":35,"turns":4},{"damage":0,"enemies":"Orb Walker","floor":36,"turns":5},{"damage":0,"enemies":"Sphere and 2 Shapes","floor":38,"turns":6},{"damage":2,"enemies":"3 Darklings","floor":39,"turns":5},{"damage":0,"enemies":"Nemesis","floor":40,"turns":11},{"damage":0,"enemies":"Reptomancer","floor":42,"turns":11},{"damage":0,"enemies":"Giant Head","floor":48,"turns":11},{"damage":2,"enemies":"Awakened One","floor":50,"turns":21},{"damage":5,"enemies":"Donu and Deca","floor":51,"turns":15},{"damage":2,"enemies":"Shield and Spear","floor":55,"turns":11},{"damage":43,"enemies":"The Heart","floor":56,"turns":13}],"seed_played":"-4312943801306167757","potions_obtained":[{"floor":13,"key":"LiquidBronze"},{"floor":14,"key":"LiquidBronze"},{"floor":16,"key":"SkillPotion"},{"floor":18,"key":"SpeedPotion"},{"floor":28,"key":"Block Potion"},{"floor":35,"key":"Explosive Potion"},{"floor":36,"key":"Energy Potion"},{"floor":38,"key":"GhostInAJar"}],"is_trial":false,"path_per_floor":["M","$","?","M","M","E","R","$","T","R","E","T","M","E","R","B",null,"M","?","M","?","$","E","?","R","T","R","E","R","?","$","R","B",null,"M","M","$","M","M","E","R","E","T","?","?","$","R","E","R","B","B",null,"R","$","E","B",null],"character_chosen":"THE_SILENT","items_purchased":["Footwork","Dodge and Roll","Membership Card","PiercingWail","OrangePellets","PiercingWail","PiercingWail","Cloak And Dagger+1"],"campfire_rested":3,"item_purchase_floors":[2,2,22,31,37,37,46,54],"current_hp_per_floor":[56,56,56,48,45,34,34,34,34,53,24,24,24,24,24,2,50,50,32,32,32,32,29,17,17,17,38,31,31,31,31,31,23,59,48,48,48,48,46,46,46,46,46,46,36,36,36,46,77,75,70,75,75,75,80,37],"gold":40,"neow_bonus":"ONE_RARE_RELIC","is_prod":false,"is_daily":false,"chose_seed":false,"campfire_upgraded":7,"win_rate":0,"timestamp":1557018965,"path_taken":["M","?","?","M","?","E","R","$","T","R","E","?","?","E","R","BOSS","M","?","M","?","$","E","?","R","T","R","E","R","?","$","R","BOSS","M","M","$","M","M","E","R","E","T","?","?","$","R","E","R","BOSS","BOSS","R","$","E","BOSS"],"build_version":"2019-01-23","purchased_purges":3,"victory":true,"max_hp_per_floor":[66,66,66,66,66,66,66,66,66,66,66,66,66,66,66,66,66,66,71,71,71,71,71,71,71,71,71,71,71,71,71,71,71,71,71,71,71,71,71,71,71,71,71,67,67,67,67,77,77,77,77,77,77,77,84,84],"card_choices":[{"not_picked":["Sucker Punch","Backflip"],"picked":"Cloak And Dagger","floor":1},{"not_picked":["Sucker Punch","Bane"],"picked":"Dagger Spray","floor":4},{"not_picked":["Backstab","Deflect"],"picked":"Dodge and Roll","floor":5},{"not_picked":["Heel Hook","Sucker Punch"],"picked":"Infinite Blades","floor":6},{"not_picked":["Distraction","Heel Hook"],"picked":"PiercingWail","floor":11},{"not_picked":["Dagger Throw","Underhanded Strike"],"picked":"Envenom","floor":13},{"not_picked":["Blade Dance","Masterful Stab"],"picked":"Cloak And Dagger","floor":14},{"not_picked":["Unload","Night Terror","Malaise"],"picked":"Bullet Time","floor":16},{"not_picked":["Tactician","Escape Plan+1","Quick Slash"],"picked":"Cloak And Dagger","floor":18},{"not_picked":["Blade Dance","Acrobatics","Backstab"],"picked":"Leg Sweep+1","floor":20},{"not_picked":["Masterful Stab","All Out Attack","Cloak And Dagger"],"picked":"Blur+1","floor":23},{"not_picked":["Finisher","Deadly Poison","Dagger Spray"],"picked":"Crippling Poison","floor":24},{"not_picked":["Dodge and Roll","Cloak And Dagger+1","Quick Slash"],"picked":"Well Laid Plans","floor":28},{"not_picked":["Night Terror","Storm of Steel","Die Die Die"],"picked":"Corpse Explosion","floor":33},{"not_picked":["Quick Slash+1","Tactician","Sucker Punch"],"picked":"Acrobatics+1","floor":35},{"not_picked":["Prepared","Backstab+1","Deflect","Dagger Throw"],"picked":"SKIP","floor":36},{"not_picked":["Backflip","Distraction","PiercingWail"],"picked":"Well Laid Plans+1","floor":38},{"not_picked":["Quick Slash+1","Dagger Throw+1","Bane+1"],"picked":"PiercingWail","floor":39},{"not_picked":["Cloak And Dagger","Blade Dance","Glass Knife"],"picked":"Backflip+1","floor":40},{"not_picked":["Deflect+1","Caltrops","Masterful Stab"],"picked":"Adrenaline","floor":42},{"not_picked":["Swift Strike","Discovery","Forethought"],"picked":"Finesse","floor":45},{"not_picked":["Secret Weapon","Transmutation","Mayhem"],"picked":"Good Instincts","floor":45},{"not_picked":["PiercingWail","Slice","Backflip"],"picked":"Bullet Time","floor":48},{"not_picked":["Crippling Poison+1","Setup+1","Tactician+1"],"picked":"PiercingWail+1","floor":55}],"player_experience":855626,"relics_obtained":[{"floor":6,"key":"Kunai"},{"floor":11,"key":"Centennial Puzzle"},{"floor":12,"key":"Bronze Scales"},{"floor":14,"key":"Question Card"},{"floor":23,"key":"Ancient Tea Set"},{"floor":23,"key":"Blue Candle"},{"floor":24,"key":"Red Mask"},{"floor":26,"key":"Mercury Hourglass"},{"floor":28,"key":"Regal Pillow"},{"floor":28,"key":"Whetstone"},{"floor":40,"key":"Happy Flower"},{"floor":40,"key":"Bottled Tornado"},{"floor":42,"key":"Paper Crane"},{"floor":42,"key":"Boot"},{"floor":43,"key":"Calipers"},{"floor":48,"key":"Toxic Egg 2"},{"floor":48,"key":"Pear"},{"floor":55,"key":"Strawberry"},{"floor":55,"key":"Anchor"}],"event_choices":[{"damage_healed":0,"gold_gain":0,"player_choice":"Rummage","damage_taken":0,"relics_obtained":["WarpedTongs"],"max_hp_gain":0,"max_hp_loss":0,"event_name":"Accursed Blacksmith","floor":3,"gold_loss":0,"cards_obtained":["Pain"]},{"damage_healed":0,"gold_gain":0,"player_choice":"Shed Blood","damage_taken":23,"max_hp_gain":5,"max_hp_loss":0,"event_name":"Forgotten Altar","floor":19,"gold_loss":0},{"damage_healed":0,"gold_gain":0,"player_choice":"Ignored","damage_taken":0,"max_hp_gain":0,"max_hp_loss":0,"event_name":"Ghosts","floor":21,"gold_loss":0},{"damage_healed":0,"gold_gain":0,"player_choice":"Fought Bandits","damage_taken":0,"max_hp_gain":0,"max_hp_loss":0,"event_name":"Masked Bandits","floor":24,"gold_loss":0},{"damage_healed":0,"gold_gain":0,"player_choice":"Ignored","damage_taken":0,"max_hp_gain":0,"max_hp_loss":0,"event_name":"Beggar","floor":30,"gold_loss":0},{"damage_healed":0,"gold_gain":0,"player_choice":"Max HP","damage_taken":0,"max_hp_gain":0,"max_hp_loss":4,"event_name":"Winding Halls","floor":44,"gold_loss":0},{"damage_healed":0,"gold_gain":0,"player_choice":"Memory 3","damage_taken":10,"max_hp_gain":0,"max_hp_loss":0,"event_name":"SensoryStone","floor":45,"gold_loss":0}],"is_beta":false,"boss_relics":[{"not_picked":["Velvet Choker","Ectoplasm"],"picked":"Black Star"},{"not_picked":["Pandora\u0027s Box","Snecko Eye"],"picked":"Cursed Key"}],"items_purged_floors":[8,31,46],"is_endless":false,"potions_floor_spawned":[13,14,16,18,28,35,36,38],"ascension_level":20}