{"gold_per_floor":[117,117,117,42,55,55,55,70,97,113,128,128,145,118,118,217,217,235,235,18,38,54,54,67,67,90,90,90,104,123,222,222,222],"floor_reached":33,"playtime":1067,"items_purged":["Strike_B"],"score":299,"play_id":"0e6687ae-a6c4-48dd-95b5-693ad4edc27d","local_time":"20181027185500","is_ascension_mode":true,"campfire_choices":[{"data":"1","floor":6,"key":"LIFT"},{"floor":12,"key":"REST"},{"floor":15,"key":"REST"},{"floor":23,"key":"REST"},{"floor":25,"key":"REST"},{"data":"2","floor":27,"key":"LIFT"},{"floor":32,"key":"REST"}],"neow_cost":"CURSE","seed_source_timestamp":251388132277500,"circlet_count":0,"master_deck":["Strike_B","Defend_B","Defend_B","Defend_B","Defend_B","Zap","Dualcast","Clumsy","Beam Cell","Redo","Go for the Eyes","Gash","Go for the Eyes","Storm","Buffer","Gash+1","Chaos","Self Repair","Chaos+1","FTL","Gash","Decay","White Noise"],"relics":["Cracked Core","Girya","Mercury Hourglass","Boot","Black Star","Membership Card","Orichalcum"],"potions_floor_usage":[11,21,22,29],"damage_taken":[{"damage":7,"enemies":"Small Slimes","floor":1,"turns":3},{"damage":12,"enemies":"Jaw Worm","floor":5,"turns":2},{"damage":0,"enemies":"Cultist","floor":8,"turns":3},{"damage":7,"enemies":"2 Fungi Beasts","floor":10,"turns":2},{"damage":4,"enemies":"Exordium Thugs","floor":11,"turns":2},{"damage":13,"enemies":"Large Slime","floor":13,"turns":4},{"damage":24,"enemies":"Slime Boss","floor":16,"turns":10},{"damage":2,"enemies":"Chosen","floor":18,"turns":4},{"damage":19,"enemies":"Spheric Guardian","floor":21,"turns":4},{"damage":26,"enemies":"Chosen and Byrds","floor":22,"turns":6},{"damage":20,"enemies":"Snecko","floor":24,"turns":5},{"damage":27,"enemies":"Centurion and Healer","floor":29,"turns":7},{"damage":27,"enemies":"Snake Plant","floor":30,"turns":4},{"damage":41,"enemies":"Automaton","floor":33,"turns":4}],"seed_played":"-1530004716678167782","potions_obtained":[{"floor":5,"key":"SkillPotion"},{"floor":16,"key":"Explosive Potion"},{"floor":21,"key":"Swift Potion"},{"floor":24,"key":"EssenceOfSteel"}],"is_trial":false,"path_per_floor":["M","?","?","$","M","R","?","M","T","M","M","R","M","?","R","B",null,"M","?","$","M","M","R","M","R","T","R","?","M","M","?","R"],"character_chosen":"DEFECT","items_purchased":["Membership Card","Self Repair"],"campfire_rested":5,"item_purchase_floors":[20,20],"current_hp_per_floor":[68,35,35,35,23,23,23,23,23,16,12,34,21,21,43,19,61,59,59,59,40,21,43,30,52,52,52,52,32,12,12,34,0],"gold":222,"neow_bonus":"ONE_RARE_RELIC","is_prod":false,"is_daily":false,"chose_seed":false,"campfire_upgraded":0,"win_rate":0,"timestamp":1540659300,"path_taken":["M","?","?","$","?","R","?","?","T","M","M","R","M","?","R","BOSS","M","?","$","M","M","R","M","R","T","R","?","M","M","?","R","BOSS"],"build_version":"2018-10-25v2","purchased_purges":1,"victory":false,"max_hp_per_floor":[75,75,75,75,75,75,75,75,75,75,75,75,75,75,75,75,75,75,75,75,75,75,75,75,75,75,75,75,75,75,75,75,75],"card_choices":[{"not_picked":["Cold Snap","Lockon"],"picked":"Beam Cell","floor":1},{"not_picked":["Conserve Battery","Cold Snap"],"picked":"Go for the Eyes","floor":5},{"not_picked":["Barrage","Chaos"],"picked":"Gash","floor":8},{"not_picked":["Fusion","Steam Power"],"picked":"Go for the Eyes","floor":10},{"not_picked":["Steam","Compile Driver"],"picked":"Storm","floor":11},{"not_picked":["Redo","Streamline","Sweeping Beam"],"picked":"SKIP","floor":13},{"not_picked":["Reboot","Rainbow"],"picked":"Buffer","floor":16},{"not_picked":["Static Discharge","Blizzard+1"],"picked":"Gash+1","floor":18},{"not_picked":["Rebound","Go for the Eyes"],"picked":"Chaos+1","floor":21},{"not_picked":["Streamline","Coolheaded+1"],"picked":"FTL","floor":22},{"not_picked":["Hologram","Beam Cell"],"picked":"Gash","floor":24},{"not_picked":["Hello World","Beam Cell","Force Field"],"picked":"SKIP","floor":29},{"not_picked":["Stack","Go for the Eyes"],"picked":"White Noise","floor":30}],"player_experience":782275,"relics_obtained":[{"floor":9,"key":"Boot"},{"floor":26,"key":"Orichalcum"}],"event_choices":[{"damage_healed":0,"gold_gain":0,"player_choice":"Success","damage_taken":33,"relics_obtained":["Mercury Hourglass"],"max_hp_gain":0,"max_hp_loss":0,"event_name":"Scrap Ooze","floor":2,"gold_loss":0},{"damage_healed":0,"gold_gain":0,"cards_transformed":["Strike_B"],"player_choice":"Transformed","damage_taken":0,"max_hp_gain":0,"max_hp_loss":0,"event_name":"Transmorgrifier","floor":3,"gold_loss":0,"cards_obtained":["Redo"]},{"damage_healed":0,"gold_gain":0,"player_choice":"Ignored","damage_taken":0,"max_hp_gain":0,"max_hp_loss":0,"event_name":"Shining Light","floor":7,"gold_loss":0},{"damage_healed":0,"gold_gain":0,"player_choice":"Left Gold","damage_taken":0,"max_hp_gain":0,"max_hp_loss":0,"event_name":"World of Goop","floor":14,"gold_loss":27},{"damage_healed":0,"gold_gain":0,"cards_transformed":["Strike_B"],"player_choice":"Transformed","damage_taken":0,"max_hp_gain":0,"max_hp_loss":0,"event_name":"Transmorgrifier","floor":19,"gold_loss":0,"cards_obtained":["Chaos"]},{"damage_healed":0,"gold_gain":0,"player_choice":"Smashed Altar","damage_taken":0,"max_hp_gain":0,"max_hp_loss":0,"event_name":"Forgotten Altar","floor":28,"gold_loss":0,"cards_obtained":["Decay"]},{"damage_healed":0,"gold_gain":99,"player_choice":"Stole From Cult","damage_taken":0,"max_hp_gain":0,"max_hp_loss":0,"event_name":"Nest","floor":31,"gold_loss":0}],"is_beta":false,"boss_relics":[{"not_picked":["Runic Dome","Ectoplasm"],"picked":"Black Star"}],"items_purged_floors":[4],"is_endless":false,"potions_floor_spawned":[5,16,21,24],"killed_by":"Automaton","ascension_level":5}