{"gold_per_floor":[12,12,12,27,27,57,57,74,97,97,122,155,167,183,183,285,585,617,639,52,52,71,71,85,112,161,161,181,199,199,199,199,199],"floor_reached":33,"playtime":2009,"items_purged":["Pain"],"score":441,"play_id":"5a156cdd-6f1a-4065-91f5-4d6cf9337f63","local_time":"20190330222553","is_ascension_mode":true,"campfire_choices":[{"data":"Apotheosis","floor":7,"key":"SMITH"},{"floor":15,"key":"REST"},{"floor":23,"key":"REST"},{"floor":27,"key":"REST"},{"floor":30,"key":"REST"},{"data":"Adrenaline","floor":32,"key":"SMITH"}],"neow_cost":"NO_GOLD","seed_source_timestamp":354403004077100,"circlet_count":0,"master_deck":["AscendersBane","Defend_G","Defend_G","Defend_G","Defend_G","Defend_G","Strike_G","Strike_G","Strike_G","Strike_G","Survivor","Neutralize","Apotheosis+1","Expertise","Caltrops","Flying Knee","Backstab","Footwork","PiercingWail","Burst","Adrenaline+1","Writhe","Decay","Dagger Throw","Blur+1","Sadistic Nature+1","Dagger Spray","Distraction+1","Quick Slash","Dagger Throw+1","Footwork+1"],"relics":["Ring of the Snake","Strawberry","Pen Nib","Vajra","PreservedInsect","Centennial Puzzle","Calling Bell","MawBank","Frozen Egg 2","Old Coin","Pear","Boot","Orichalcum"],"potions_floor_usage":[12,16,19,24,25,29,33],"damage_taken":[{"damage":0,"enemies":"Small Slimes","floor":1,"turns":3},{"damage":1,"enemies":"2 Louse","floor":4,"turns":4},{"damage":7,"enemies":"Lagavulin","floor":6,"turns":8},{"damage":0,"enemies":"Cultist","floor":8,"turns":3},{"damage":6,"enemies":"Gremlin Nob","floor":12,"turns":3},{"damage":14,"enemies":"Red Slaver","floor":13,"turns":2},{"damage":10,"enemies":"Gremlin Gang","floor":14,"turns":4},{"damage":14,"enemies":"The Guardian","floor":16,"turns":10},{"damage":14,"enemies":"Chosen","floor":18,"turns":6},{"damage":15,"enemies":"3 Byrds","floor":19,"turns":4},{"damage":10,"enemies":"Snake Plant","floor":22,"turns":5},{"damage":18,"enemies":"Centurion and Healer","floor":24,"turns":10},{"damage":5,"enemies":"Slavers","floor":25,"turns":4},{"damage":8,"enemies":"Cultist and Chosen","floor":28,"turns":7},{"damage":19,"enemies":"Snecko","floor":29,"turns":5},{"damage":13,"enemies":"Colosseum Slavers","floor":31,"turns":4},{"damage":65,"enemies":"Champ","floor":33,"turns":15}],"seed_played":"2002303930090297695","potions_obtained":[{"floor":6,"key":"GamblersBrew"},{"floor":8,"key":"PowerPotion"},{"floor":13,"key":"Explosive Potion"},{"floor":19,"key":"GhostInAJar"},{"floor":22,"key":"AttackPotion"},{"floor":28,"key":"SteroidPotion"}],"is_trial":false,"path_per_floor":["M","?","$","M","?","E","R","M","T","$","T","E","M","M","R","B",null,"M","M","$","?","M","R","M","E","T","R","M","M","R","?","R","B"],"character_chosen":"THE_SILENT","items_purchased":["Fruit Juice","Sadistic Nature+1","Pear"],"campfire_rested":4,"item_purchase_floors":[20,20,20],"current_hp_per_floor":[63,37,37,36,77,70,70,70,70,70,70,64,50,40,63,49,70,56,41,51,51,41,67,49,44,44,70,62,43,69,56,56,0],"gold":199,"neow_bonus":"RANDOM_COLORLESS_2","is_prod":false,"is_daily":false,"chose_seed":false,"campfire_upgraded":2,"win_rate":0,"timestamp":1553981153,"path_taken":["M","?","$","M","?","E","R","?","T","$","?","E","?","M","R","BOSS","M","M","$","?","M","R","?","E","T","R","M","M","R","?","R","BOSS"],"build_version":"2019-01-23","purchased_purges":1,"victory":false,"max_hp_per_floor":[70,77,77,77,77,77,77,77,77,77,77,77,77,77,77,77,77,77,77,87,87,87,87,87,87,87,87,87,87,87,87,87,92],"card_choices":[{"not_picked":["Acrobatics","Blade Dance"],"picked":"Expertise","floor":1},{"not_picked":["Dagger Spray","Slice"],"picked":"Caltrops","floor":4},{"not_picked":["Grand Finale","Outmaneuver"],"picked":"Flying Knee","floor":6},{"not_picked":["Riddle With Holes","Slice"],"picked":"Backstab","floor":8},{"not_picked":["Blade Dance","Riddle With Holes"],"picked":"Footwork","floor":12},{"not_picked":["Escape Plan","Backflip"],"picked":"PiercingWail","floor":13},{"not_picked":["Flechettes","Underhanded Strike"],"picked":"Burst","floor":14},{"not_picked":["Burst","After Image"],"picked":"Adrenaline","floor":16},{"not_picked":["Poisoned Stab","Finisher"],"picked":"Dagger Throw","floor":18},{"not_picked":["Cloak And Dagger","Poisoned Stab"],"picked":"Blur+1","floor":19},{"not_picked":["Tactician","Caltrops+1"],"picked":"Distraction+1","floor":22},{"not_picked":["Backflip","Concentrate"],"picked":"Quick Slash","floor":24},{"not_picked":["Blade Dance","Blur"],"picked":"Dagger Throw+1","floor":25},{"not_picked":["Dagger Spray","Flying Knee"],"picked":"Footwork+1","floor":28},{"not_picked":["Concentrate","PiercingWail","Predator+1"],"picked":"SKIP","floor":29}],"player_experience":1583791,"relics_obtained":[{"floor":6,"key":"Pen Nib"},{"floor":9,"key":"Vajra"},{"floor":11,"key":"PreservedInsect"},{"floor":12,"key":"Centennial Puzzle"},{"floor":17,"key":"MawBank"},{"floor":17,"key":"Frozen Egg 2"},{"floor":17,"key":"Old Coin"},{"floor":25,"key":"Boot"},{"floor":26,"key":"Orichalcum"}],"event_choices":[{"damage_healed":0,"gold_gain":0,"player_choice":"Success","damage_taken":33,"relics_obtained":["Strawberry"],"max_hp_gain":0,"max_hp_loss":0,"event_name":"Scrap Ooze","floor":2,"gold_loss":0},{"cards_removed":["Mind Blast"],"damage_healed":41,"gold_gain":0,"player_choice":"Offered Uncommon","damage_taken":0,"max_hp_gain":0,"max_hp_loss":0,"event_name":"Bonfire Elementals","floor":5,"gold_loss":0},{"damage_healed":0,"gold_gain":0,"cards_transformed":["Strike_G"],"player_choice":"Transformed","damage_taken":0,"max_hp_gain":0,"max_hp_loss":0,"event_name":"Transmorgrifier","floor":21,"gold_loss":0,"cards_obtained":["Dagger Spray"]},{"damage_healed":0,"gold_gain":0,"player_choice":"Fight","damage_taken":0,"max_hp_gain":0,"max_hp_loss":0,"event_name":"Colosseum","floor":31,"gold_loss":0},{"damage_healed":0,"gold_gain":0,"player_choice":"Fled From Nobs","damage_taken":0,"max_hp_gain":0,"max_hp_loss":0,"event_name":"Colosseum","floor":31,"gold_loss":0}],"is_beta":false,"boss_relics":[{"not_picked":["Busted Crown","Black Star"],"picked":"Calling Bell"}],"items_purged_floors":[20],"is_endless":false,"potions_floor_spawned":[6,8,13,19,22,28],"killed_by":"Champ","ascension_level":10}