{"path_per_floor":["M","M","$","?","?","R","M","M","T","M","M","$","R","?","R","B",null,"M","?","?","?","M","R","E","R","T","M"],"character_chosen":"DEFECT","items_purchased":["Gash","Gash"],"gold_per_floor":[110,126,79,79,79,79,103,119,119,142,158,134,134,234,234,360,360,385,385,535,535,555,555,586,586,586,605,605],"floor_reached":28,"campfire_rested":2,"playtime":3712,"item_purchase_floors":[3,12],"current_hp_per_floor":[64,63,63,63,45,67,65,62,62,62,53,53,53,53,53,29,75,67,67,67,67,55,55,35,60,60,53,0],"items_purged":[],"gold":605,"score":251,"play_id":"7d36e92e-84ee-40b2-b5c1-5b5f97909ffe","local_time":"20180609143229","is_prod":false,"is_daily":false,"chose_seed":false,"is_ascension_mode":true,"campfire_upgraded":3,"win_rate":0,"timestamp":1528579949,"campfire_choices":[{"floor":6,"key":"REST"},{"data":"Reinforced Body","floor":13,"key":"SMITH"},{"data":"Zap","floor":15,"key":"SMITH"},{"data":"Beam Cell","floor":23,"key":"SMITH"},{"floor":25,"key":"REST"}],"path_taken":["M","?","$","?","?","R","M","M","T","M","M","$","R","?","R","BOSS","M","?","?","?","M","R","E","R","T","M","E"],"build_version":"2018-06-07v3","seed_source_timestamp":63892059434856,"purchased_purges":0,"victory":false,"master_deck":["Strike_B","Strike_B","Strike_B","Strike_B","Defend_B","Defend_B","Defend_B","Defend_B","Zap+1","Dualcast+1","Leap","Coolheaded","Gash","Beam Cell+1","Reinforced Body+1","Rebound","Conserve Battery","Gash","Creative AI","Gash","Reinforced Body+1","Steam","Leap+1","Seek","Decay","Melter"],"max_hp_per_floor":[75,75,75,75,75,75,75,75,75,75,75,75,75,75,75,75,75,75,75,75,75,75,75,85,85,85,85,85],"relics":["Cracked Core","Golden Idol","Dream Catcher","Cursed Key","Pear","Meat on the Bone"],"card_choices":[{"not_picked":["Barrage","Doom and Gloom"],"picked":"Leap","floor":1},{"not_picked":["Go for the Eyes","Blizzard"],"picked":"Coolheaded","floor":2},{"not_picked":["Coolheaded","Streamline"],"picked":"Beam Cell","floor":7},{"not_picked":["Coolheaded","Stack"],"picked":"Reinforced Body","floor":8},{"not_picked":["Ball Lightning","Compile Driver"],"picked":"Rebound","floor":10},{"not_picked":["Darkness","Redo"],"picked":"Conserve Battery","floor":11},{"not_picked":["Biased Cognition","Meteor Strike"],"picked":"Creative AI","floor":16},{"not_picked":["Rebound","Barrage"],"picked":"Gash","floor":18},{"not_picked":["Leap","Skim"],"picked":"Steam","floor":22},{"not_picked":["Blizzard","Consume"],"picked":"Leap+1","floor":24},{"not_picked":["Static Discharge","Sweeping Beam"],"picked":"Seek","floor":25},{"not_picked":["Coolheaded","Steam Power"],"picked":"Melter","floor":27}],"player_experience":238857,"potions_floor_usage":[28,28,28],"damage_taken":[{"damage":11,"enemies":"Cultist","floor":1,"turns":4},{"damage":1,"enemies":"Small Slimes","floor":2,"turns":3},{"damage":2,"enemies":"2 Louse","floor":7,"turns":3},{"damage":3,"enemies":"2 Fungi Beasts","floor":8,"turns":4},{"damage":0,"enemies":"Looter","floor":10,"turns":3},{"damage":9,"enemies":"Gremlin Gang","floor":11,"turns":6},{"damage":24,"enemies":"The Guardian","floor":16,"turns":14},{"damage":8,"enemies":"Spheric Guardian","floor":18,"turns":6},{"damage":12,"enemies":"3 Byrds","floor":22,"turns":6},{"damage":30,"enemies":"Slavers","floor":24,"turns":8},{"damage":19,"enemies":"Sentry and Sphere","floor":27,"turns":8},{"damage":55,"enemies":"Gremlin Leader","floor":28,"turns":11}],"relics_obtained":[{"floor":9,"key":"Dream Catcher"},{"floor":24,"key":"Pear"},{"floor":26,"key":"Meat on the Bone"}],"event_choices":[{"event_name":"Living Wall","player_choice":"Grow","floor":4,"damage_taken":0},{"event_name":"Golden Idol","player_choice":"Take Damage","floor":5,"damage_taken":0},{"event_name":"Wheel of Change","player_choice":"Gold","floor":14,"damage_taken":0},{"event_name":"Duplicator","player_choice":"One dupe","floor":19,"damage_taken":0},{"event_name":"Nest","player_choice":"Stole From Cult","floor":20,"damage_taken":0},{"event_name":"Cursed Tome","player_choice":"Ignored","floor":21,"damage_taken":0}],"boss_relics":[{"not_picked":["Runic Pyramid","Eternal Feather"],"picked":"Cursed Key"}],"items_purged_floors":[],"potions_floor_spawned":[7,8,10,22,27],"seed_played":"-7384661224227869509","killed_by":"Gremlin Leader","ascension_level":2,"potions_obtained":[{"floor":7,"key":"Fire Potion"},{"floor":8,"key":"SpeedPotion"},{"floor":10,"key":"SkillPotion"}],"is_trial":false}