{"gold_per_floor":[114,64,64,16,16,47,80,80,104,104,129,129,147,165,165,165],"floor_reached":16,"playtime":507,"items_purged":[],"score":282,"play_id":"7d0d770c-233c-4173-9a0f-7b71abd9a783","local_time":"20190509233752","is_ascension_mode":true,"campfire_choices":[{"data":"Bash","floor":8,"key":"SMITH"},{"data":"Cleave","floor":10,"key":"SMITH"},{"floor":12,"key":"REST"},{"data":"Rage","floor":15,"key":"SMITH"}],"neow_cost":"NONE","seed_source_timestamp":189802940759900,"circlet_count":0,"master_deck":["AscendersBane","Strike_R","Strike_R","Strike_R","Defend_R","Defend_R","Defend_R","Defend_R","Bash+1","Warcry","Havoc","Cleave+1","Havoc","True Grit","Rage","Rage+1"],"relics":["Burning Blood","NeowsBlessing","WingedGreaves","Lantern","Dodecahedron","Anchor","Pantograph"],"potions_floor_usage":[11],"damage_taken":[{"damage":0,"enemies":"2 Louse","floor":1,"turns":2},{"damage":0,"enemies":"Lagavulin","floor":6,"turns":1},{"damage":0,"enemies":"Gremlin Nob","floor":7,"turns":1},{"damage":25,"enemies":"3 Sentries","floor":11,"turns":6},{"damage":0,"enemies":"Jaw Worm","floor":13,"turns":2},{"damage":0,"enemies":"Small Slimes","floor":14,"turns":3},{"damage":92,"enemies":"The Guardian","floor":16,"turns":15}],"seed_played":"7212215664314128182","potions_obtained":[{"floor":6,"key":"LiquidBronze"}],"is_trial":false,"path_per_floor":["M","?","?","$","?","E","E","R","T","R","E","R","M","M","R","B"],"character_chosen":"IRONCLAD","items_purchased":["Havoc"],"campfire_rested":1,"item_purchase_floors":[4],"current_hp_per_floor":[74,74,62,62,55,61,67,67,67,67,48,70,75,75,75,0],"gold":165,"neow_bonus":"THREE_ENEMY_KILL","is_prod":false,"is_daily":false,"chose_seed":false,"campfire_upgraded":3,"win_rate":0,"timestamp":1557437872,"path_taken":["M","?","?","$","?","E","E","R","T","R","E","R","M","?","R","BOSS"],"build_version":"2019-01-23","purchased_purges":0,"victory":false,"max_hp_per_floor":[75,75,75,75,75,75,75,75,75,75,75,75,75,75,75,75],"card_choices":[{"not_picked":["Anger","Power Through"],"picked":"Warcry","floor":1},{"not_picked":["Body Slam","Armaments"],"picked":"Cleave","floor":6},{"not_picked":["Anger","Flex"],"picked":"Havoc","floor":7},{"not_picked":["Headbutt","Feed"],"picked":"True Grit","floor":11},{"not_picked":["Headbutt","Twin Strike"],"picked":"Rage","floor":13},{"not_picked":["Havoc","Headbutt"],"picked":"Rage","floor":14}],"player_experience":1828451,"relics_obtained":[{"floor":6,"key":"Lantern"},{"floor":7,"key":"Dodecahedron"},{"floor":9,"key":"Anchor"},{"floor":11,"key":"Pantograph"}],"event_choices":[{"cards_removed":["Strike_R"],"damage_healed":0,"gold_gain":0,"player_choice":"Card Removal","damage_taken":0,"max_hp_gain":0,"max_hp_loss":0,"event_name":"The Cleric","floor":2,"gold_loss":50},{"damage_healed":0,"gold_gain":0,"player_choice":"Success","damage_taken":12,"relics_obtained":["WingedGreaves"],"max_hp_gain":0,"max_hp_loss":0,"event_name":"Scrap Ooze","floor":3,"gold_loss":0},{"cards_removed":["Strike_R"],"damage_healed":0,"gold_gain":0,"player_choice":"Card Removal","damage_taken":7,"max_hp_gain":0,"max_hp_loss":0,"event_name":"Golden Wing","floor":5,"gold_loss":0}],"is_beta":false,"boss_relics":[],"items_purged_floors":[],"is_endless":false,"potions_floor_spawned":[6],"killed_by":"The Guardian","ascension_level":14}