{"gold_per_floor":[110,285,285,285,298,298,373,401,401,431,447,447,465,482,482,586,586,602,620,580,600,619,619],"floor_reached":23,"playtime":2517,"items_purged":[],"score":350,"play_id":"efef354a-6b87-4e4c-9ddb-996ed5859335","local_time":"20190504222536","is_ascension_mode":true,"campfire_choices":[{"floor":6,"key":"REST"},{"floor":12,"key":"REST"},{"floor":15,"key":"REST"}],"neow_cost":"PERCENT_DAMAGE","seed_source_timestamp":90675848053500,"circlet_count":0,"master_deck":["AscendersBane","Zap","Dualcast","Dark Shackles","Blind","Tempest","Turbo","Hyperbeam","Leap","Rebound","Hyperbeam","Lockon","White Noise","Glacier","Seek","Reinforced Body","Double Energy","Storm"],"relics":["Cracked Core","Pear","Mummified Hand","Bronze Scales","Pandora\u0027s Box"],"potions_floor_usage":[8,16,16,20,21,21,22,22],"damage_taken":[{"damage":0,"enemies":"Jaw Worm","floor":1,"turns":4},{"damage":0,"enemies":"Small Slimes","floor":5,"turns":3},{"damage":16,"enemies":"Gremlin Nob","floor":8,"turns":4},{"damage":32,"enemies":"Lagavulin","floor":10,"turns":8},{"damage":0,"enemies":"2 Louse","floor":11,"turns":2},{"damage":0,"enemies":"Exordium Wildlife","floor":13,"turns":2},{"damage":7,"enemies":"3 Louse","floor":14,"turns":3},{"damage":49,"enemies":"Hexaghost","floor":16,"turns":9},{"damage":23,"enemies":"2 Thieves","floor":18,"turns":4},{"damage":10,"enemies":"Shell Parasite","floor":19,"turns":4},{"damage":2,"enemies":"Cultist and Chosen","floor":21,"turns":4},{"damage":18,"enemies":"Chosen and Byrds","floor":22,"turns":2},{"damage":29,"enemies":"Book of Stabbing","floor":23,"turns":3}],"seed_played":"-7230601937586111101","potions_obtained":[{"floor":1,"key":"AttackPotion"},{"floor":10,"key":"FocusPotion"},{"floor":11,"key":"Explosive Potion"},{"floor":19,"key":"Strength Potion"},{"floor":20,"key":"Fruit Juice"},{"floor":20,"key":"EntropicBrew"},{"floor":20,"key":"FairyPotion"},{"floor":21,"key":"Strength Potion"}],"is_trial":false,"path_per_floor":["M","?","?","$","M","R","?","E","T","E","M","R","M","M","R","B",null,"M","M","?","M","M","E"],"character_chosen":"DEFECT","items_purchased":[],"campfire_rested":3,"item_purchase_floors":[],"current_hp_per_floor":[50,50,50,50,50,72,61,55,55,23,23,48,48,41,66,17,68,45,35,40,38,20,0],"gold":619,"neow_bonus":"RANDOM_COLORLESS_2","is_prod":false,"is_daily":false,"chose_seed":false,"campfire_upgraded":0,"win_rate":0,"timestamp":1557001536,"path_taken":["M","?","?","$","M","R","?","E","T","E","M","R","?","M","R","BOSS","M","M","?","?","M","E"],"build_version":"2019-01-23","purchased_purges":0,"victory":false,"max_hp_per_floor":[75,75,75,75,75,75,75,85,85,85,85,85,85,85,85,85,85,85,85,90,90,90,90],"card_choices":[{"not_picked":["Cold Snap","Ball Lightning"],"picked":"Tempest","floor":1},{"not_picked":["Ball Lightning","Leap"],"picked":"Turbo","floor":5},{"not_picked":["Barrage","Skim","Steam Power"],"picked":"SKIP","floor":8},{"not_picked":["Hello World","Chaos","Go for the Eyes"],"picked":"SKIP","floor":10},{"not_picked":["Compile Driver","Scrape","Hologram"],"picked":"SKIP","floor":11},{"not_picked":["FTL","Steam","Steam Power"],"picked":"SKIP","floor":13},{"not_picked":["Compile Driver","Rebound","Heatsinks"],"picked":"SKIP","floor":14},{"not_picked":["Fission","All For One"],"picked":"Hyperbeam","floor":16},{"not_picked":["Gash","Rebound","Lockon"],"picked":"SKIP","floor":18},{"not_picked":["Redo","Scrape"],"picked":"Double Energy","floor":19},{"not_picked":["Rebound","Gash+1"],"picked":"Storm","floor":21},{"not_picked":["Gash","Barrage","Rip and Tear"],"picked":"SKIP","floor":22}],"player_experience":1800724,"relics_obtained":[{"floor":8,"key":"Pear"},{"floor":9,"key":"Mummified Hand"},{"floor":10,"key":"Bronze Scales"}],"event_choices":[{"damage_healed":0,"gold_gain":175,"player_choice":"AGREE","damage_taken":0,"max_hp_gain":0,"max_hp_loss":0,"event_name":"Liars Game","floor":2,"gold_loss":0,"cards_obtained":["Doubt"]},{"cards_removed":["Doubt"],"damage_healed":0,"gold_gain":0,"player_choice":"Forget","damage_taken":0,"max_hp_gain":0,"max_hp_loss":0,"event_name":"Living Wall","floor":3,"gold_loss":0},{"damage_healed":0,"gold_gain":75,"player_choice":"Gather Gold","damage_taken":11,"max_hp_gain":0,"max_hp_loss":0,"event_name":"World of Goop","floor":7,"gold_loss":0},{"damage_healed":0,"gold_gain":0,"player_choice":"Bought 3 Potions","damage_taken":0,"max_hp_gain":0,"max_hp_loss":0,"event_name":"The Woman in Blue","floor":20,"gold_loss":0}],"is_beta":false,"boss_relics":[{"not_picked":["Coffee Dripper","Empty Cage"],"picked":"Pandora\u0027s Box"}],"items_purged_floors":[],"is_endless":false,"potions_floor_spawned":[1,10,11,13,19,21],"killed_by":"Book of Stabbing","ascension_level":12}