{"gold_per_floor":[117,137,151,151,162,162,190,206,206,206,206,224,224,235,235,313,313,325,338,356,356,7,7,26,43,89,116,130,130,130],"floor_reached":30,"playtime":2270,"items_purged":[],"score":447,"play_id":"544dde45-2015-4aea-9d3e-cc448e7ea900","local_time":"20190502165600","is_ascension_mode":true,"campfire_choices":[{"floor":6.0,"key":"REST"},{"floor":11.0,"key":"REST"},{"floor":13.0,"key":"REST"},{"floor":15.0,"key":"REST"},{"floor":23.0,"key":"REST"},{"floor":29.0,"key":"REST"}],"neow_cost":"NONE","seed_source_timestamp":119559773271362,"circlet_count":0,"master_deck":["AscendersBane","Defend_G","Defend_G","Defend_G","Defend_G","Defend_G","Strike_G","Strike_G","Strike_G","Strike_G","Survivor","Neutralize+1","Flechettes","Backflip+1","Footwork","Backstab","A Thousand Cuts","Flechettes","Deadly Poison","Skewer","Well Laid Plans","Leg Sweep","Backflip","Phantasmal Killer","Bouncing Flask","Sucker Punch","A Thousand Cuts+1","Finisher","Corpse Explosion","Backflip","Deflect","Calculated Gamble","Deadly Poison","Flying Knee+1","Crippling Poison+1","Setup","Deadly Poison","Noxious Fumes+1","Footwork+1","Prepared","Footwork+1"],"special_seed":0,"relics":["Calling Bell","Art of War","Matryoshka","Prayer Wheel","FossilizedHelix","Blood Vial","Frozen Egg 2","Runic Pyramid","Bottled Lightning","Snake Skull","Bag of Marbles","Happy Flower"],"potions_floor_usage":[],"damage_taken":[{"damage":12.0,"enemies":"Cultist","floor":1.0,"turns":6.0},{"damage":0.0,"enemies":"2 Louse","floor":2.0,"turns":4.0},{"damage":2.0,"enemies":"Jaw Worm","floor":3.0,"turns":5.0},{"damage":11.0,"enemies":"Red Slaver","floor":5.0,"turns":5.0},{"damage":39.0,"enemies":"Gremlin Nob","floor":7.0,"turns":6.0},{"damage":0.0,"enemies":"Gremlin Gang","floor":8.0,"turns":4.0},{"damage":0.0,"enemies":"Exordium Thugs","floor":12.0,"turns":6.0},{"damage":4.0,"enemies":"Red Slaver","floor":14.0,"turns":5.0},{"damage":24.0,"enemies":"Hexaghost","floor":16.0,"turns":12.0},{"damage":8.0,"enemies":"3 Byrds","floor":18.0,"turns":5.0},{"damage":20.0,"enemies":"Shell Parasite","floor":19.0,"turns":6.0},{"damage":18.0,"enemies":"Snecko","floor":20.0,"turns":8.0},{"damage":15.0,"enemies":"Shelled Parasite and Fungi","floor":24.0,"turns":7.0},{"damage":0.0,"enemies":"Sentry and Sphere","floor":25.0,"turns":4.0},{"damage":21.0,"enemies":"Slavers","floor":27.0,"turns":2.0},{"damage":0.0,"enemies":"Centurion and Healer","floor":28.0,"turns":3.0},{"damage":38,"enemies":"Book of Stabbing","floor":30,"turns":5}],"seed_played":"-7939924489378750136","potions_obtained":[{"floor":3.0,"key":"Dexterity Potion"},{"floor":7.0,"key":"Poison Potion"},{"floor":8.0,"key":"GhostInAJar"},{"floor":16.0,"key":"GhostInAJar"},{"floor":18.0,"key":"Ancient Potion"},{"floor":27.0,"key":"Fire Potion"}],"is_trial":false,"path_per_floor":["M","M","M","?","M","R","E","M","T","?","R","M","R","M","R","B",null,"M","M","M","?","$","R","M","M","T","E","M","R","E"],"character_chosen":"THE_SILENT","items_purchased":["Bottled Lightning","Energy Potion","Energy Potion"],"campfire_rested":6,"item_purchase_floors":[22,22,22],"current_hp_per_floor":[51,51,49,35,24,45,6,6,6,6,27,29,50,48,69,46,64,58,40,24,24,24,44,31,33,33,14,16,36,0],"gold":130,"neow_bonus":"BOSS_RELIC","is_prod":false,"is_daily":false,"chose_seed":false,"campfire_upgraded":0,"win_rate":0,"timestamp":1556841360,"path_taken":["M","M","?","?","M","R","E","M","T","?","R","?","R","M","R","BOSS","M","M","?","?","$","R","M","M","T","E","?","R","E"],"build_version":"2019-01-23","purchased_purges":0,"victory":false,"max_hp_per_floor":[70,70,70,70,70,70,70,70,70,70,70,70,70,70,70,70,70,70,70,70,67,67,67,67,67,67,67,67,67,67],"card_choices":[{"not_picked":["PiercingWail","Terror"],"picked":"Flechettes","floor":1.0},{"not_picked":["Acrobatics","Slice"],"picked":"Backflip","floor":1.0},{"not_picked":["Masterful Stab","Concentrate"],"picked":"Footwork","floor":2.0},{"not_picked":["Deflect","Sucker Punch"],"picked":"Backstab","floor":2.0},{"not_picked":["Terror","Escape Plan"],"picked":"A Thousand Cuts","floor":3.0},{"not_picked":["Flying Knee","Dagger Throw"],"picked":"Flechettes","floor":3.0},{"not_picked":["Quick Slash","Dodge and Roll"],"picked":"Deadly Poison","floor":5.0},{"not_picked":["Dodge and Roll","Terror"],"picked":"Skewer","floor":5.0},{"not_picked":["Dagger Throw","Prepared"],"picked":"Well Laid Plans","floor":7.0},{"not_picked":["Poisoned Stab","Prepared"],"picked":"Leg Sweep","floor":8.0},{"not_picked":["Dagger Throw","Quick Slash"],"picked":"Backflip","floor":8.0},{"not_picked":["Slice","Backflip"],"picked":"Bouncing Flask","floor":12.0},{"not_picked":["Bane","Flying Knee"],"picked":"Sucker Punch","floor":12.0},{"not_picked":["Reflex","Poisoned Stab"],"picked":"A Thousand Cuts+1","floor":14.0},{"not_picked":["Quick Slash","Flying Knee"],"picked":"Finisher","floor":14.0},{"not_picked":["Malaise","Wraith Form v2+1"],"picked":"Corpse Explosion","floor":16.0},{"not_picked":["Acrobatics","Outmaneuver"],"picked":"Backflip","floor":18.0},{"not_picked":["Choke","Finisher"],"picked":"Deflect","floor":18.0},{"not_picked":["Distraction+1","Blade Dance"],"picked":"Calculated Gamble","floor":19.0},{"not_picked":["Sucker Punch","Outmaneuver"],"picked":"Deadly Poison","floor":19.0},{"not_picked":["Poisoned Stab","Masterful Stab"],"picked":"Flying Knee+1","floor":20.0},{"not_picked":["Crippling Poison+1","Blade Dance+1","PiercingWail"],"picked":"SKIP","floor":20.0},{"not_picked":["Prepared","Sucker Punch"],"picked":"Crippling Poison+1","floor":24.0},{"not_picked":["Skewer","All Out Attack"],"picked":"Setup","floor":24.0},{"not_picked":["Prepared","Riddle With Holes"],"picked":"Deadly Poison","floor":25.0},{"not_picked":["Bane","Deadly Poison"],"picked":"Noxious Fumes+1","floor":25.0},{"not_picked":["Die Die Die","Underhanded Strike"],"picked":"Footwork+1","floor":27.0},{"not_picked":["Dagger Throw","Bane"],"picked":"Prepared","floor":28.0},{"not_picked":["Dagger Spray","Tactician"],"picked":"Footwork+1","floor":28.0}],"player_experience":1561224,"relics_obtained":[{"floor":0.0,"key":"Art of War"},{"floor":0.0,"key":"Matryoshka"},{"floor":0.0,"key":"Prayer Wheel"},{"floor":7.0,"key":"FossilizedHelix"},{"floor":9.0,"key":"Blood Vial"},{"floor":9.0,"key":"Frozen Egg 2"},{"floor":26.0,"key":"Snake Skull"},{"floor":26.0,"key":"Bag of Marbles"},{"floor":27.0,"key":"Happy Flower"}],"event_choices":[{"damage_healed":0.0,"max_hp_gain":0.0,"max_hp_loss":0.0,"gold_gain":0.0,"event_name":"Shining Light","player_choice":"Entered Light","floor":4.0,"gold_loss":0.0,"damage_taken":14.0,"cards_upgraded":["Neutralize","Backflip"]},{"damage_healed":0.0,"max_hp_gain":0.0,"max_hp_loss":0.0,"gold_gain":0.0,"cards_transformed":["Strike_G"],"event_name":"Transmorgrifier","player_choice":"Transformed","floor":10.0,"gold_loss":0.0,"damage_taken":0.0,"cards_obtained":["Phantasmal Killer"]},{"cards_removed":["Normality","Regret","Parasite"],"damage_healed":0.0,"max_hp_gain":0.0,"max_hp_loss":0.0,"gold_gain":0.0,"event_name":"Fountain of Cleansing","player_choice":"Removed Curses","floor":21.0,"gold_loss":0.0,"damage_taken":0.0}],"is_beta":false,"boss_relics":[{"not_picked":["WristBlade","White Beast Statue"],"picked":"Runic Pyramid"}],"items_purged_floors":[],"is_endless":false,"potions_floor_spawned":[3,7,8,16,18,24,27],"killed_by":"Book of Stabbing","ascension_level":13}