{"gold_per_floor":[116,116,41,55,55,55,55,55,106,135,135,135,162,177,177,272,272,286,286,286,313,323,323,351,351,351,365,365,5,5,21,21,119,119,130,130],"floor_reached":36,"playtime":1427,"items_purged":["Strike_G"],"score":617,"play_id":"9ced56a9-9cdb-47f0-bf00-956fdf1902d7","local_time":"20190303221658","is_ascension_mode":true,"campfire_choices":[{"data":"Bouncing Flask","floor":6,"key":"SMITH"},{"floor":15,"key":"REST"},{"floor":23,"key":"REST"},{"floor":25,"key":"REST"},{"floor":32,"key":"REST"}],"neow_cost":"PERCENT_DAMAGE","seed_source_timestamp":444789262175500,"circlet_count":0,"master_deck":["AscendersBane","Defend_G","Defend_G","Defend_G","Defend_G","Defend_G","Strike_G","Strike_G","Survivor","Neutralize","Bullet Time","Bouncing Flask+1","Bouncing Flask","Expertise","Caltrops","Burst","Catalyst","Writhe","Crippling Poison","Terror+1","Footwork","A Thousand Cuts"],"relics":["Ring of the Snake","Juzu Bracelet","Snake Skull","Regal Pillow","Pen Nib","Runic Pyramid","Matryoshka","Art of War","Ancient Tea Set","Dream Catcher","Anchor","Bottled Lightning","Blue Candle","Black Star"],"potions_floor_usage":[10,10,18,27,33,36,36],"damage_taken":[{"damage":5,"enemies":"Small Slimes","floor":1,"turns":5},{"damage":14,"enemies":"Cultist","floor":4,"turns":5},{"damage":11,"enemies":"3 Sentries","floor":10,"turns":12},{"damage":17,"enemies":"Lagavulin","floor":13,"turns":6},{"damage":0,"enemies":"Jaw Worm","floor":14,"turns":2},{"damage":36,"enemies":"The Guardian","floor":16,"turns":7},{"damage":32,"enemies":"2 Thieves","floor":18,"turns":4},{"damage":12,"enemies":"3 Byrds","floor":22,"turns":4},{"damage":38,"enemies":"Gremlin Leader","floor":24,"turns":5},{"damage":16,"enemies":"Snake Plant","floor":27,"turns":3},{"damage":0,"enemies":"Snecko","floor":31,"turns":3},{"damage":29,"enemies":"Champ","floor":33,"turns":6},{"damage":10,"enemies":"3 Shapes","floor":35,"turns":4},{"damage":60,"enemies":"2 Orb Walkers","floor":36,"turns":5}],"seed_played":"-308052952755592885","potions_obtained":[{"floor":1,"key":"Fire Potion"},{"floor":4,"key":"AttackPotion"},{"floor":14,"key":"GhostInAJar"},{"floor":24,"key":"PowerPotion"},{"floor":27,"key":"FearPotion"},{"floor":33,"key":"GhostInAJar"}],"is_trial":false,"path_per_floor":["M","?","$","M","?","R","$","?","T","E","T","?","E","M","R","B",null,"M","?","?","T","M","R","E","R","T","M","?","$","?","M","R","B",null,"M","?"],"character_chosen":"THE_SILENT","items_purchased":["Blue Candle","Regen Potion","Footwork"],"campfire_rested":4,"item_purchase_floors":[29,29,29],"current_hp_per_floor":[40,70,70,56,56,56,56,49,49,38,38,38,21,21,57,21,58,26,49,49,49,37,70,32,68,68,52,52,52,52,52,70,55,66,56,0],"gold":130,"neow_bonus":"THREE_RARE_CARDS","is_prod":false,"is_daily":false,"chose_seed":false,"campfire_upgraded":1,"win_rate":0,"timestamp":1551647818,"path_taken":["M","?","$","?","?","R","?","?","T","E","?","?","E","M","R","BOSS","M","?","?","?","M","R","E","R","T","M","?","$","?","M","R","BOSS","M","?"],"build_version":"2019-01-23","purchased_purges":1,"victory":false,"max_hp_per_floor":[70,70,70,70,70,70,70,70,70,70,70,70,70,70,70,70,70,70,70,70,70,70,70,70,70,70,70,70,70,70,70,70,70,70,70,70],"card_choices":[{"not_picked":["Storm of Steel","Glass Knife"],"picked":"Bullet Time","floor":0},{"not_picked":["Acrobatics","Underhanded Strike"],"picked":"Well Laid Plans","floor":1},{"not_picked":["Acrobatics","Outmaneuver"],"picked":"Bouncing Flask","floor":4},{"not_picked":["Acrobatics","Setup"],"picked":"Bouncing Flask","floor":10},{"not_picked":["Outmaneuver","Masterful Stab"],"picked":"Expertise","floor":13},{"not_picked":["Blade Dance","Flying Knee"],"picked":"Caltrops","floor":14},{"not_picked":["Glass Knife","Phantasmal Killer"],"picked":"Burst","floor":16},{"not_picked":["Sucker Punch+1","Caltrops"],"picked":"Catalyst","floor":18},{"not_picked":["Deadly Poison","Prepared+1"],"picked":"Crippling Poison","floor":22},{"not_picked":["Accuracy","Prepared","Slice+1"],"picked":"SKIP","floor":24},{"not_picked":["Poisoned Stab","Bane+1"],"picked":"Terror+1","floor":25},{"not_picked":["Sucker Punch","Blur","Bane"],"picked":"SKIP","floor":27},{"not_picked":["Dagger Spray","Backflip","Expertise"],"picked":"SKIP","floor":31},{"not_picked":["Unload","After Image"],"picked":"A Thousand Cuts","floor":33},{"not_picked":["Sucker Punch+1","Slice","Flechettes"],"picked":"SKIP","floor":35}],"player_experience":1450105,"relics_obtained":[{"floor":9,"key":"Juzu Bracelet"},{"floor":10,"key":"Snake Skull"},{"floor":11,"key":"Regal Pillow"},{"floor":13,"key":"Pen Nib"},{"floor":21,"key":"Art of War"},{"floor":21,"key":"Ancient Tea Set"},{"floor":24,"key":"Dream Catcher"},{"floor":26,"key":"Anchor"},{"floor":26,"key":"Bottled Lightning"}],"event_choices":[{"cards_removed":["Well Laid Plans"],"damage_healed":30,"gold_gain":0,"player_choice":"Offered Uncommon","damage_taken":0,"max_hp_gain":0,"max_hp_loss":0,"event_name":"Bonfire Elementals","floor":2,"gold_loss":0},{"cards_removed":["Strike_G"],"damage_healed":0,"gold_gain":0,"player_choice":"Purged","damage_taken":0,"max_hp_gain":0,"max_hp_loss":0,"event_name":"Purifier","floor":5,"gold_loss":0},{"cards_removed":["Strike_G"],"damage_healed":0,"gold_gain":0,"player_choice":"Card Removal","damage_taken":7,"max_hp_gain":0,"max_hp_loss":0,"event_name":"Golden Wing","floor":8,"gold_loss":0},{"damage_healed":0,"gold_gain":0,"player_choice":"Ignored","damage_taken":0,"max_hp_gain":0,"max_hp_loss":0,"event_name":"Shining Light","floor":12,"gold_loss":0},{"damage_healed":23,"gold_gain":0,"player_choice":"Heal","damage_taken":0,"max_hp_gain":0,"max_hp_loss":0,"event_name":"The Library","floor":19,"gold_loss":0},{"damage_healed":0,"gold_gain":0,"player_choice":"Opened","damage_taken":0,"relics_obtained":["Matryoshka"],"max_hp_gain":0,"max_hp_loss":0,"event_name":"The Mausoleum","floor":20,"gold_loss":0,"cards_obtained":["Writhe"]},{"damage_healed":0,"gold_gain":0,"player_choice":"Smashed Altar","damage_taken":0,"max_hp_gain":0,"max_hp_loss":0,"event_name":"Forgotten Altar","floor":28,"gold_loss":0,"cards_obtained":["Decay"]},{"cards_removed":["Decay"],"damage_healed":0,"gold_gain":0,"player_choice":"Purged","damage_taken":0,"max_hp_gain":0,"max_hp_loss":0,"event_name":"Purifier","floor":30,"gold_loss":0},{"damage_healed":0,"gold_gain":0,"player_choice":"Fight","damage_taken":0,"max_hp_gain":0,"max_hp_loss":0,"event_name":"Mysterious Sphere","floor":36,"gold_loss":0}],"is_beta":false,"boss_relics":[{"not_picked":["Eternal Feather","Ring of the Serpent"],"picked":"Runic Pyramid"},{"not_picked":["Sozu","Pandora\u0027s Box"],"picked":"Black Star"}],"items_purged_floors":[3],"is_endless":false,"potions_floor_spawned":[1,4,14,24,27,33],"killed_by":"2 Orb Walkers","ascension_level":10}