{"gold_per_floor":[109,59,59,6,22,49,64,64,113,128,128,161,175,195,195,294,294,306,306,316,327,27,27],"floor_reached":23,"playtime":3363,"items_purged":[],"score":203,"play_id":"8108243c-f097-4d6f-8785-cdc4c2b0cccd","local_time":"20190509010853","is_ascension_mode":false,"campfire_choices":[{"data":"Dualcast","floor":8,"key":"SMITH"},{"data":"Zap","floor":11,"key":"SMITH"},{"data":"Hologram","floor":15,"key":"SMITH"}],"neow_cost":"NONE","seed_source_timestamp":601138007368960,"circlet_count":0,"master_deck":["Strike_B","Strike_B","Strike_B","Defend_B","Defend_B","Defend_B","Zap+1","Dualcast+1","Skim","Conserve Battery","Steam","Rip and Tear","Leap","Glacier","Hologram+1","Barrage","Fission","Double Energy","Melter","Auto Shields+1","Capacitor"],"relics":["Cracked Core","Bag of Marbles","Pen Nib","Dodecahedron","Black Star","Shuriken"],"potions_floor_usage":[12],"damage_taken":[{"damage":0,"enemies":"2 Louse","floor":1,"turns":2},{"damage":1,"enemies":"Cultist","floor":5,"turns":4},{"damage":22,"enemies":"Lagavulin","floor":6,"turns":9},{"damage":0,"enemies":"Small Slimes","floor":7,"turns":3},{"damage":0,"enemies":"2 Fungi Beasts","floor":10,"turns":3},{"damage":19,"enemies":"Gremlin Nob","floor":12,"turns":4},{"damage":0,"enemies":"Blue Slaver","floor":13,"turns":4},{"damage":0,"enemies":"Red Slaver","floor":14,"turns":3},{"damage":14,"enemies":"Slime Boss","floor":16,"turns":11},{"damage":6,"enemies":"3 Byrds","floor":18,"turns":7},{"damage":1,"enemies":"Chosen","floor":20,"turns":7},{"damage":0,"enemies":"Sentry and Sphere","floor":21,"turns":4},{"damage":90,"enemies":"Gremlin Leader","floor":23,"turns":8}],"seed_played":"-2999969106952056029","potions_obtained":[{"floor":1,"key":"Ancient Potion"},{"floor":6,"key":"Fire Potion"},{"floor":14,"key":"FairyPotion"},{"floor":16,"key":"Block Potion"},{"floor":20,"key":"Fire Potion"}],"is_trial":false,"path_per_floor":["M","?","?","$","M","E","M","R","T","M","R","E","M","M","R","B",null,"M","?","M","M","$","E"],"character_chosen":"DEFECT","items_purchased":["Conserve Battery","Capacitor","Shuriken"],"campfire_rested":0,"item_purchase_floors":[4,22,22],"current_hp_per_floor":[82,82,82,82,81,59,59,59,59,59,59,40,40,40,40,26,82,76,76,75,75,75,0],"gold":27,"neow_bonus":"TEN_PERCENT_HP_BONUS","is_prod":false,"is_daily":false,"chose_seed":false,"campfire_upgraded":3,"win_rate":0.0,"timestamp":1557378533,"path_taken":["M","?","?","$","M","E","M","R","T","M","R","E","M","?","R","BOSS","M","?","M","?","$","E"],"build_version":"2019-01-23","purchased_purges":0,"victory":false,"max_hp_per_floor":[82,82,82,82,82,82,82,82,82,82,82,82,82,82,82,82,82,82,82,82,82,82,82],"card_choices":[{"not_picked":["Scrape","Steam"],"picked":"Skim","floor":1},{"not_picked":["Tempest","Compile Driver"],"picked":"Steam","floor":5},{"not_picked":["Steam","Redo"],"picked":"Rip and Tear","floor":6},{"not_picked":["Coolheaded","Sweeping Beam"],"picked":"Leap","floor":7},{"not_picked":["Steam","Leap"],"picked":"Glacier","floor":10},{"not_picked":["Rip and Tear","Steam"],"picked":"Hologram","floor":12},{"not_picked":["Heatsinks","Ball Lightning","Chaos"],"picked":"SKIP","floor":13},{"not_picked":["Scrape","Gash"],"picked":"Barrage","floor":14},{"not_picked":["Multi-Cast","Rainbow"],"picked":"Fission","floor":16},{"not_picked":["Cold Snap","Coolheaded+1"],"picked":"Double Energy","floor":18},{"not_picked":["Compile Driver","White Noise"],"picked":"Melter","floor":20},{"not_picked":["Sweeping Beam","Double Energy"],"picked":"Auto Shields+1","floor":21}],"player_experience":157315,"relics_obtained":[{"floor":6,"key":"Bag of Marbles"},{"floor":9,"key":"Pen Nib"},{"floor":12,"key":"Dodecahedron"}],"event_choices":[{"cards_removed":["Strike_B"],"damage_healed":0,"gold_gain":0,"player_choice":"Card Removal","damage_taken":0,"max_hp_gain":0,"max_hp_loss":0,"event_name":"The Cleric","floor":2,"gold_loss":50},{"damage_healed":0,"gold_gain":0,"player_choice":"Bought 0 Potions","damage_taken":0,"max_hp_gain":0,"max_hp_loss":0,"event_name":"The Woman in Blue","floor":3,"gold_loss":0},{"cards_removed":["Defend_B"],"damage_healed":0,"gold_gain":0,"player_choice":"Purged","damage_taken":0,"max_hp_gain":0,"max_hp_loss":0,"event_name":"Purifier","floor":19,"gold_loss":0}],"is_beta":false,"boss_relics":[{"not_picked":["Snecko Eye","Astrolabe"],"picked":"Black Star"}],"items_purged_floors":[],"is_endless":false,"potions_floor_spawned":[1,6,14,16,20],"killed_by":"Gremlin Leader","ascension_level":0}