{"gold_per_floor":[110,110,60,73,1,1,17,35,104,104],"floor_reached":10,"playtime":300,"items_purged":[],"score":87,"play_id":"8f1b13d9-c66a-42ac-bc39-697c73ed522e","local_time":"20190426095424","is_ascension_mode":true,"campfire_choices":[{"floor":6,"key":"REST"}],"neow_cost":"NONE","seed_source_timestamp":7608616706820,"circlet_count":0,"master_deck":["AscendersBane","Defend_G","Defend_G","Defend_G","Defend_G","Defend_G","Strike_G","Strike_G","Strike_G","Strike_G+1","Survivor","Neutralize+1","Prepared","PiercingWail","Dodge and Roll","Underhanded Strike","PiercingWail"],"relics":["Ring of the Snake","NeowsBlessing","Singing Bowl","Bag of Marbles"],"potions_floor_usage":[],"damage_taken":[{"damage":0,"enemies":"Cultist","floor":1,"turns":1},{"damage":0,"enemies":"2 Louse","floor":4,"turns":1},{"damage":0,"enemies":"Small Slimes","floor":7,"turns":1},{"damage":4,"enemies":"Blue Slaver","floor":8,"turns":6},{"damage":6,"enemies":"Lagavulin Event","floor":10,"turns":4}],"seed_played":"7395794319800746614","potions_obtained":[{"floor":1,"key":"Weak Potion"}],"is_trial":false,"path_per_floor":["M","?","?","M","$","R","M","M","T","?"],"character_chosen":"THE_SILENT","items_purchased":["Dodge and Roll","PowerPotion"],"campfire_rested":1,"item_purchase_floors":[5,5],"current_hp_per_floor":[63,49,49,49,49,70,70,66,66,60],"gold":104,"neow_bonus":"THREE_ENEMY_KILL","is_prod":false,"is_daily":false,"chose_seed":false,"campfire_upgraded":0,"win_rate":0,"timestamp":1556297664,"path_taken":["M","?","?","M","$","R","M","M","T","?"],"build_version":"2019-01-23","purchased_purges":0,"victory":false,"max_hp_per_floor":[70,70,70,70,70,70,70,70,70,70],"card_choices":[{"not_picked":["Concentrate","Slice"],"picked":"Prepared","floor":1},{"not_picked":["Heel Hook","Quick Slash"],"picked":"PiercingWail","floor":4},{"not_picked":["Blade Dance","Masterful Stab"],"picked":"Underhanded Strike","floor":7},{"not_picked":["Backflip","Flying Knee"],"picked":"PiercingWail","floor":8}],"player_experience":1480410,"relics_obtained":[{"floor":9,"key":"Singing Bowl"}],"event_choices":[{"damage_healed":0,"gold_gain":0,"player_choice":"Entered Light","damage_taken":14,"max_hp_gain":0,"max_hp_loss":0,"event_name":"Shining Light","floor":2,"gold_loss":0,"cards_upgraded":["Strike_G","Neutralize"]},{"cards_removed":["Strike_G"],"damage_healed":0,"gold_gain":0,"player_choice":"Card Removal","damage_taken":0,"max_hp_gain":0,"max_hp_loss":0,"event_name":"The Cleric","floor":3,"gold_loss":50},{"damage_healed":0,"gold_gain":0,"player_choice":"Searched \u00273\u0027 times","damage_taken":0,"relics_obtained":["Bag of Marbles"],"max_hp_gain":0,"max_hp_loss":0,"event_name":"Dead Adventurer","floor":10,"gold_loss":0}],"is_beta":false,"boss_relics":[],"items_purged_floors":[],"is_endless":false,"potions_floor_spawned":[1],"killed_by":"Lagavulin Event","ascension_level":10}