{"gold_per_floor":[113,130,25,43,43,43,108,158,158,41,52,68,85,135,135,212,212,231,206,256,317,132,132],"floor_reached":23,"playtime":4515,"items_purged":["Strike_G","Decay"],"score":348,"play_id":"14ed3fc9-145a-4c66-b82a-6fc9199ab1aa","local_time":"20190510152924","is_ascension_mode":true,"campfire_choices":[{"data":"Noxious Fumes","floor":6,"key":"SMITH"},{"data":"Bouncing Flask","floor":15,"key":"SMITH"}],"neow_cost":"NONE","seed_source_timestamp":32663474992938,"circlet_count":0,"master_deck":["AscendersBane","Defend_G","Defend_G","Defend_G","Defend_G","Defend_G","Strike_G","Strike_G","Strike_G","Strike_G","Survivor","Neutralize","Noxious Fumes+1","Cloak And Dagger","Footwork","Quick Slash","Backflip","Infinite Blades","Caltrops","Bouncing Flask+1","Infinite Blades","Predator","Envenom+1","Parasite","Dagger Spray+1","PiercingWail+1","Cloak And Dagger","Dagger Spray"],"relics":["Ring of the Snake","NeowsBlessing","SsserpentHead","Mummified Hand","Question Card","Letter Opener","Calling Bell","Bronze Scales","Paper Crane","Girya"],"potions_floor_usage":[11,18,23],"damage_taken":[{"damage":0,"enemies":"Small Slimes","floor":1,"turns":1},{"damage":0,"enemies":"Cultist","floor":2,"turns":1},{"damage":0,"enemies":"2 Louse","floor":4,"turns":1},{"damage":0,"enemies":"Red Slaver","floor":7,"turns":4},{"damage":0,"enemies":"2 Fungi Beasts","floor":11,"turns":2},{"damage":4,"enemies":"Exordium Thugs","floor":12,"turns":4},{"damage":0,"enemies":"Looter","floor":13,"turns":3},{"damage":42,"enemies":"Slime Boss","floor":16,"turns":9},{"damage":7,"enemies":"3 Byrds","floor":18,"turns":3},{"damage":36,"enemies":"Shell Parasite","floor":21,"turns":6},{"damage":11,"enemies":"Book of Stabbing","floor":23,"turns":3}],"seed_played":"5423415411852365542","potions_obtained":[{"floor":1,"key":"SpeedPotion"},{"floor":4,"key":"AttackPotion"},{"floor":11,"key":"SteroidPotion"},{"floor":12,"key":"PowerPotion"},{"floor":16,"key":"AttackPotion"},{"floor":18,"key":"PowerPotion"}],"is_trial":false,"path_per_floor":["M","M","$","M","?","R","M","T","T","$","M","M","M","?","R","B",null,"M","?","?","M","$","E"],"character_chosen":"THE_SILENT","items_purchased":["Footwork","Quick Slash","Caltrops","Cloak And Dagger","Dagger Spray"],"campfire_rested":0,"item_purchase_floors":[3,3,10,22,22],"current_hp_per_floor":[59,59,59,59,59,59,59,59,59,59,59,55,55,55,55,13,53,46,46,46,10,10,0],"gold":132,"neow_bonus":"THREE_ENEMY_KILL","is_prod":false,"is_daily":false,"chose_seed":false,"campfire_upgraded":2,"win_rate":0,"timestamp":1557527364,"path_taken":["M","M","$","M","?","R","?","?","T","$","M","M","M","?","R","BOSS","M","?","?","?","$","E"],"build_version":"2019-01-23","purchased_purges":2,"victory":false,"max_hp_per_floor":[66,66,66,66,66,66,66,66,66,66,66,66,66,66,66,66,66,66,66,66,66,66,66],"card_choices":[{"not_picked":["Choke","Cloak And Dagger"],"picked":"Noxious Fumes","floor":1},{"not_picked":["Dodge and Roll","Blade Dance"],"picked":"Cloak And Dagger","floor":2},{"not_picked":["Finisher","Choke"],"picked":"Backflip","floor":4},{"not_picked":["Deflect","Dodge and Roll"],"picked":"Infinite Blades","floor":7},{"not_picked":["Slice","Tactician","Dodge and Roll"],"picked":"Bouncing Flask","floor":11},{"not_picked":["Underhanded Strike","Deadly Poison","Storm of Steel"],"picked":"Infinite Blades","floor":12},{"not_picked":["Dagger Spray","Underhanded Strike","Riddle With Holes"],"picked":"Predator","floor":13},{"not_picked":["Doppelganger","Night Terror","Phantasmal Killer"],"picked":"Envenom","floor":16},{"not_picked":["Setup","Blur","Deadly Poison"],"picked":"Dagger Spray+1","floor":18},{"not_picked":["Sucker Punch","Die Die Die","Catalyst"],"picked":"PiercingWail+1","floor":21}],"player_experience":1682408,"relics_obtained":[{"floor":8,"key":"Mummified Hand"},{"floor":9,"key":"Question Card"},{"floor":17,"key":"Bronze Scales"},{"floor":17,"key":"Paper Crane"},{"floor":17,"key":"Girya"}],"event_choices":[{"damage_healed":0,"gold_gain":0,"player_choice":"Trade","damage_taken":0,"relics_obtained":["SsserpentHead"],"max_hp_gain":0,"max_hp_loss":0,"event_name":"FaceTrader","floor":5,"gold_loss":0},{"damage_healed":0,"gold_gain":0,"player_choice":"Gave Potion","damage_taken":0,"relics_obtained":["Letter Opener"],"max_hp_gain":0,"max_hp_loss":0,"event_name":"WeMeetAgain","floor":14,"gold_loss":0},{"cards_removed":["Shame"],"damage_healed":0,"gold_gain":0,"player_choice":"Gave Gold","damage_taken":0,"max_hp_gain":0,"max_hp_loss":0,"event_name":"Beggar","floor":19,"gold_loss":75},{"damage_healed":0,"gold_gain":0,"player_choice":"Forge","damage_taken":0,"max_hp_gain":0,"max_hp_loss":0,"event_name":"Accursed Blacksmith","floor":20,"gold_loss":0,"cards_upgraded":["Envenom"]}],"is_beta":false,"boss_relics":[{"not_picked":["Ring of the Serpent","Fusion Hammer"],"picked":"Calling Bell"}],"items_purged_floors":[10,22],"is_endless":false,"potions_floor_spawned":[1,4,11,12,16,18],"killed_by":"Book of Stabbing","ascension_level":18}