{"gold_per_floor":[111,111,42,60,73,100,32,32,111,130,130,141,170,28,28,132,132,148,161,161,173,173,173,198,198,221,221,221,240,274,291,291,291],"floor_reached":33,"playtime":1595,"items_purged":["Strike_R"],"score":369,"play_id":"3b18fd03-6c21-4eae-8f95-010b5b1d79f2","local_time":"20190424231912","is_ascension_mode":true,"campfire_choices":[{"data":"Armaments","floor":8,"key":"SMITH"},{"data":"Shrug It Off","floor":11,"key":"SMITH"},{"data":"Rage","floor":15,"key":"SMITH"},{"data":"Limit Break","floor":23,"key":"SMITH"},{"data":"Heavy Blade","floor":25,"key":"SMITH"},{"data":"Metallicize","floor":32,"key":"SMITH"}],"neow_cost":"NONE","seed_source_timestamp":1175090805393600,"circlet_count":0,"master_deck":["Strike_R","Strike_R","Strike_R","Defend_R","Defend_R","Defend_R","Defend_R","Bash","Inflame","Brutality","Twin Strike","Seeing Red","Iron Wave","Headbutt","Armaments+1","Inflame","Shrug It Off+1","Clothesline","Heavy Blade+1","Rage+1","Limit Break+1","Pommel Strike+1","Anger+1","Necronomicurse","Uppercut","RitualDagger","Reaper","Cleave","Spot Weakness+1","Metallicize+1"],"relics":["Burning Blood","NeowsBlessing","Happy Flower","Dodecahedron","Question Card","Sozu","Necronomicon","Red Skull","Potion Belt","Art of War","Darkstone Periapt"],"potions_floor_usage":[24,33],"damage_taken":[{"damage":0,"enemies":"Jaw Worm","floor":1,"turns":1},{"damage":0,"enemies":"Cultist","floor":4,"turns":1},{"damage":0,"enemies":"Small Slimes","floor":5,"turns":1},{"damage":14,"enemies":"Gremlin Nob","floor":6,"turns":4},{"damage":12,"enemies":"Blue Slaver","floor":10,"turns":4},{"damage":2,"enemies":"3 Louse","floor":12,"turns":3},{"damage":30,"enemies":"3 Sentries","floor":13,"turns":8},{"damage":31,"enemies":"Hexaghost","floor":16,"turns":9},{"damage":4,"enemies":"Chosen","floor":18,"turns":4},{"damage":4,"enemies":"3 Byrds","floor":19,"turns":5},{"damage":20,"enemies":"Centurion and Healer","floor":21,"turns":3},{"damage":15,"enemies":"Gremlin Leader","floor":24,"turns":5},{"damage":7,"enemies":"Chosen and Byrds","floor":29,"turns":4},{"damage":17,"enemies":"Book of Stabbing","floor":30,"turns":4},{"damage":11,"enemies":"Cultist and Chosen","floor":31,"turns":5},{"damage":79,"enemies":"Collector","floor":33,"turns":7}],"seed_played":"-2274828909530630445","potions_obtained":[{"floor":1,"key":"PowerPotion"},{"floor":4,"key":"Explosive Potion"},{"floor":5,"key":"Regen Potion"}],"is_trial":false,"path_per_floor":["M","?","$","M","M","E","$","R","T","M","R","M","E","$","R","B",null,"M","M","?","M","?","R","E","R","T","?","?","M","E","M","R","B"],"character_chosen":"IRONCLAD","items_purchased":["Seeing Red","Inflame","Rage"],"campfire_rested":0,"item_purchase_floors":[3,7,14],"current_hp_per_floor":[80,80,80,80,80,72,72,72,72,66,66,70,46,46,46,21,65,67,69,53,39,33,33,24,24,24,24,24,45,46,68,68,0],"gold":291,"neow_bonus":"THREE_ENEMY_KILL","is_prod":false,"is_daily":false,"chose_seed":false,"campfire_upgraded":6,"win_rate":0,"timestamp":1556173152,"path_taken":["M","?","$","?","M","E","$","R","T","M","R","M","E","?","R","BOSS","M","M","?","M","?","R","E","R","T","?","?","?","E","M","R","BOSS"],"build_version":"2019-01-23","purchased_purges":1,"victory":false,"max_hp_per_floor":[80,80,80,80,80,80,80,80,80,80,80,80,80,80,80,80,80,80,80,80,80,80,80,80,80,80,80,80,80,80,80,80,80],"card_choices":[{"not_picked":["Sentinel","Clothesline"],"picked":"Inflame","floor":1},{"not_picked":["Fire Breathing","Body Slam"],"picked":"Iron Wave","floor":4},{"not_picked":["Burning Pact","Pommel Strike"],"picked":"Headbutt","floor":5},{"not_picked":["Bloodletting","Wild Strike"],"picked":"Armaments","floor":6},{"not_picked":["Warcry","Fiend Fire"],"picked":"Shrug It Off","floor":10},{"not_picked":["Armaments","Sentinel"],"picked":"Clothesline","floor":12},{"not_picked":["Iron Wave","Corruption"],"picked":"Heavy Blade","floor":13},{"not_picked":["Reaper","Offering","Berserk"],"picked":"Limit Break","floor":16},{"not_picked":["Entrench","Searing Blow","Heavy Blade"],"picked":"Pommel Strike+1","floor":18},{"not_picked":["Bloodletting","Cleave","Headbutt+1"],"picked":"Anger+1","floor":19},{"not_picked":["Perfected Strike","Warcry","Thunderclap"],"picked":"Uppercut","floor":21},{"not_picked":["Feel No Pain","Entrench","Clothesline"],"picked":"Reaper","floor":24},{"not_picked":["Sever Soul+1","Anger","Perfected Strike+1"],"picked":"Cleave","floor":29},{"not_picked":["Sword Boomerang+1","Clothesline","Iron Wave+1"],"picked":"Spot Weakness+1","floor":30},{"not_picked":["Clothesline","Whirlwind+1","Carnage"],"picked":"Metallicize","floor":31}],"player_experience":355151,"relics_obtained":[{"floor":6,"key":"Happy Flower"},{"floor":9,"key":"Dodecahedron"},{"floor":13,"key":"Question Card"},{"floor":20,"key":"Necronomicon"},{"floor":24,"key":"Red Skull"},{"floor":26,"key":"Potion Belt"},{"floor":30,"key":"Darkstone Periapt"}],"event_choices":[{"damage_healed":0,"gold_gain":0,"player_choice":"2 cards matched","damage_taken":0,"max_hp_gain":0,"max_hp_loss":0,"event_name":"Match and Keep!","floor":2,"gold_loss":0,"cards_obtained":["Brutality","Twin Strike"]},{"damage_healed":0,"gold_gain":0,"player_choice":"Obtained Book","damage_taken":16,"max_hp_gain":0,"max_hp_loss":0,"event_name":"Cursed Tome","floor":20,"gold_loss":0},{"damage_healed":0,"gold_gain":0,"player_choice":"Joined the Cult","damage_taken":6,"max_hp_gain":0,"max_hp_loss":0,"event_name":"Nest","floor":22,"gold_loss":0,"cards_obtained":["RitualDagger"]},{"damage_healed":0,"gold_gain":0,"player_choice":"Opened","damage_taken":0,"relics_obtained":["Art of War"],"max_hp_gain":0,"max_hp_loss":0,"event_name":"The Mausoleum","floor":27,"gold_loss":0},{"cards_removed":["Strike_R"],"damage_healed":0,"gold_gain":0,"player_choice":"Purged","damage_taken":0,"max_hp_gain":0,"max_hp_loss":0,"event_name":"Purifier","floor":28,"gold_loss":0}],"is_beta":false,"boss_relics":[{"not_picked":["Black Star","Orrery"],"picked":"Sozu"}],"items_purged_floors":[14],"is_endless":false,"potions_floor_spawned":[1,4,5,13,24,30,31],"killed_by":"Collector","ascension_level":5}