{"gold_per_floor":[113,113,113,113,137,181,194,194,241,254,254,2,2,43,43,173,173,191,191,205,220,244,244,288,313,392,392,408,94,114,80,80,200,200,214,214,214,239,364,364,379,400,400,400,440,464,464,497,509,521],"floor_reached":50,"playtime":2758,"items_purged":[],"score":992,"play_id":"aa74b3ec-6e01-47e1-a346-f63aacc7bdc3","local_time":"20190126234404","is_ascension_mode":true,"campfire_choices":[{"data":"Flame Barrier","floor":8,"key":"SMITH"},{"data":"Discovery","floor":13,"key":"SMITH"},{"data":"Apotheosis","floor":15,"key":"SMITH"},{"floor":23,"key":"REST"},{"data":"Entrench","floor":27,"key":"SMITH"},{"data":"Demon Form","floor":32,"key":"SMITH"},{"floor":40,"key":"REST"},{"floor":44,"key":"REST"},{"floor":47,"key":"REST"},{"floor":49,"key":"REST"}],"neow_cost":"NONE","seed_source_timestamp":278710005856300,"circlet_count":0,"master_deck":["AscendersBane","Bash","Flex","Spot Weakness","Battle Trance","Flame Barrier+1","Flame Barrier","Apotheosis+1","Discovery+1","Flex+1","Double Tap","Offering","Ghostly Armor","Thunderclap","Ghostly Armor","Warcry+1","Flex","Entrench+1","Heavy Blade+1","Demon Form+1","Entrench","Offering","Injury","Doubt","Shame","Sword Boomerang+1","Body Slam","Iron Wave+1","Body Slam","Body Slam+1","Body Slam+1","Battle Trance+1"],"relics":["Burning Blood","NeowsBlessing","Golden Idol","Centennial Puzzle","Strawberry","Pen Nib","Dream Catcher","Pandora\u0027s Box","Lantern","Blood Vial","Shuriken","Charon\u0027s Ashes","Calling Bell","Happy Flower","Dodecahedron","WingedGreaves","Bag of Preparation","Unceasing Top","Orichalcum","War Paint","MawBank"],"potions_floor_usage":[7,22,39,39,41,41,46],"damage_taken":[{"damage":0,"enemies":"Small Slimes","floor":1,"turns":1},{"damage":0,"enemies":"2 Louse","floor":5,"turns":1},{"damage":0,"enemies":"3 Sentries","floor":6,"turns":2},{"damage":0,"enemies":"Cultist","floor":7,"turns":4},{"damage":1,"enemies":"Looter","floor":10,"turns":4},{"damage":6,"enemies":"Lagavulin","floor":14,"turns":7},{"damage":38,"enemies":"Slime Boss","floor":16,"turns":10},{"damage":28,"enemies":"Shell Parasite","floor":18,"turns":4},{"damage":0,"enemies":"Spheric Guardian","floor":20,"turns":4},{"damage":14,"enemies":"Snake Plant","floor":21,"turns":4},{"damage":2,"enemies":"Cultist and Chosen","floor":22,"turns":3},{"damage":6,"enemies":"Book of Stabbing","floor":24,"turns":3},{"damage":4,"enemies":"Sentry and Sphere","floor":28,"turns":6},{"damage":12,"enemies":"3 Cultists","floor":30,"turns":5},{"damage":26,"enemies":"Collector","floor":33,"turns":5},{"damage":45,"enemies":"3 Darklings","floor":35,"turns":4},{"damage":30,"enemies":"Mind Bloom Boss Battle","floor":39,"turns":7},{"damage":30,"enemies":"Orb Walker","floor":41,"turns":5},{"damage":33,"enemies":"4 Shapes","floor":42,"turns":6},{"damage":6,"enemies":"Reptomancer","floor":45,"turns":2},{"damage":6,"enemies":"Jaw Worm Horde","floor":46,"turns":1},{"damage":60,"enemies":"Giant Head","floor":48,"turns":7},{"damage":51,"enemies":"Time Eater","floor":50,"turns":4}],"seed_played":"-4562331504554100774","potions_obtained":[{"floor":5,"key":"Regen Potion"},{"floor":6,"key":"Poison Potion"},{"floor":7,"key":"Dexterity Potion"},{"floor":18,"key":"Ancient Potion"},{"floor":21,"key":"AttackPotion"},{"floor":24,"key":"FearPotion"},{"floor":35,"key":"GamblersBrew"},{"floor":39,"key":"Swift Potion"},{"floor":45,"key":"PowerPotion"}],"is_trial":false,"path_per_floor":["M","?","?","?","M","E","M","R","T","M","?","$","R","E","R","B",null,"M","?","M","M","M","R","E","T","T","R","M","$","M","$","R","B",null,"M","?","?","T","?","R","M","M","T","R","E","M","R","E","R","B"],"character_chosen":"IRONCLAD","items_purchased":["Apotheosis","Discovery","Charon\u0027s Ashes","Entrench"],"campfire_rested":5,"item_purchase_floors":[12,12,29,31],"current_hp_per_floor":[78,78,78,78,80,87,87,87,87,87,87,87,87,87,87,55,79,57,57,63,55,59,85,85,85,85,85,87,87,81,81,81,63,81,44,44,44,44,37,63,41,16,16,42,44,46,72,20,46,0],"gold":521,"neow_bonus":"THREE_ENEMY_KILL","is_prod":false,"is_daily":false,"chose_seed":false,"campfire_upgraded":5,"win_rate":0,"timestamp":1548542644,"path_taken":["M","?","?","?","?","E","M","R","T","M","?","$","R","E","R","BOSS","M","?","?","M","M","R","E","?","T","R","M","$","M","?","R","BOSS","M","?","?","?","?","R","M","?","T","R","E","M","R","E","R","BOSS"],"build_version":"2019-01-23","purchased_purges":0,"victory":false,"max_hp_per_floor":[80,80,80,80,80,87,87,87,87,87,87,87,87,87,87,87,87,87,87,87,87,87,87,87,87,87,87,87,87,87,87,87,87,87,87,87,87,87,87,87,87,87,87,87,87,87,87,87,87,87],"card_choices":[{"not_picked":["Iron Wave","Armaments"],"picked":"Flex","floor":1},{"not_picked":["Dropkick","Perfected Strike"],"picked":"Spot Weakness","floor":5},{"not_picked":["Rampage","Thunderclap"],"picked":"Battle Trance","floor":6},{"not_picked":["Sword Boomerang","Headbutt"],"picked":"Flame Barrier","floor":7},{"not_picked":["Sword Boomerang","Clothesline"],"picked":"Flame Barrier","floor":10},{"not_picked":["Berserk","Body Slam"],"picked":"Flex","floor":14},{"not_picked":["Brutality","Bludgeon"],"picked":"Double Tap","floor":16},{"not_picked":["Clash","Flame Barrier","Rampage"],"picked":"SKIP","floor":18},{"not_picked":["Thunderclap+1","Warcry+1","Spot Weakness"],"picked":"SKIP","floor":20},{"not_picked":["True Grit","Pommel Strike","Clothesline"],"picked":"SKIP","floor":21},{"not_picked":["Warcry","Second Wind+1","Clothesline"],"picked":"SKIP","floor":22},{"not_picked":["Clash","Twin Strike"],"picked":"Heavy Blade+1","floor":23},{"not_picked":["Clash+1","Cleave","Combust"],"picked":"SKIP","floor":24},{"not_picked":["Twin Strike+1","Shockwave"],"picked":"Demon Form","floor":28},{"not_picked":["Wild Strike","Sword Boomerang+1","Hemokinesis+1"],"picked":"SKIP","floor":30},{"not_picked":["Berserk","Immolate"],"picked":"Offering","floor":33},{"not_picked":["Shrug It Off","Feel No Pain+1","Thunderclap+1"],"picked":"SKIP","floor":35},{"not_picked":["Body Slam","Carnage+1"],"picked":"Sword Boomerang+1","floor":39},{"not_picked":["Rupture","Sword Boomerang"],"picked":"Body Slam","floor":40},{"not_picked":["Flex","Shrug It Off+1","Power Through+1"],"picked":"SKIP","floor":41},{"not_picked":["Double Tap","True Grit"],"picked":"Iron Wave+1","floor":42},{"not_picked":["Uppercut","Brutality"],"picked":"Body Slam","floor":45},{"not_picked":["Perfected Strike","True Grit"],"picked":"Body Slam+1","floor":46},{"not_picked":["Iron Wave","Pummel"],"picked":"Body Slam+1","floor":48},{"not_picked":["Ghostly Armor","Armaments+1"],"picked":"Battle Trance+1","floor":49}],"player_experience":1327215,"relics_obtained":[{"floor":6,"key":"Strawberry"},{"floor":9,"key":"Pen Nib"},{"floor":14,"key":"Dream Catcher"},{"floor":24,"key":"Lantern"},{"floor":25,"key":"Blood Vial"},{"floor":26,"key":"Shuriken"},{"floor":34,"key":"Happy Flower"},{"floor":34,"key":"Dodecahedron"},{"floor":34,"key":"WingedGreaves"},{"floor":38,"key":"Bag of Preparation"},{"floor":39,"key":"Unceasing Top"},{"floor":43,"key":"Orichalcum"},{"floor":45,"key":"War Paint"},{"floor":48,"key":"MawBank"}],"event_choices":[{"damage_healed":0,"gold_gain":0,"player_choice":"Take Wound","damage_taken":0,"relics_obtained":["Golden Idol"],"max_hp_gain":0,"max_hp_loss":0,"event_name":"Golden Idol","floor":2,"gold_loss":0,"cards_obtained":["Injury"]},{"damage_healed":0,"gold_gain":0,"player_choice":"Box","damage_taken":0,"relics_obtained":["Centennial Puzzle"],"max_hp_gain":0,"max_hp_loss":0,"event_name":"Big Fish","floor":3,"gold_loss":0,"cards_obtained":["Regret"]},{"cards_removed":["Regret"],"damage_healed":0,"gold_gain":0,"player_choice":"Purged","damage_taken":0,"max_hp_gain":0,"max_hp_loss":0,"event_name":"Purifier","floor":4,"gold_loss":0},{"cards_removed":["Injury"],"damage_healed":0,"gold_gain":0,"player_choice":"Removed Curses","damage_taken":0,"max_hp_gain":0,"max_hp_loss":0,"event_name":"Fountain of Cleansing","floor":11,"gold_loss":0},{"cards_removed":["Rupture"],"damage_healed":0,"gold_gain":0,"player_choice":"Purged","damage_taken":0,"max_hp_gain":0,"max_hp_loss":0,"event_name":"Purifier","floor":19,"gold_loss":0},{"damage_healed":0,"gold_gain":0,"player_choice":"Ignored","damage_taken":0,"max_hp_gain":0,"max_hp_loss":0,"event_name":"Mysterious Sphere","floor":36,"gold_loss":0},{"cards_removed":["Uppercut"],"damage_healed":0,"gold_gain":0,"player_choice":"Removed Attack","damage_taken":0,"max_hp_gain":0,"max_hp_loss":0,"event_name":"Falling","floor":37,"gold_loss":0},{"damage_healed":0,"gold_gain":0,"player_choice":"Fight","damage_taken":0,"max_hp_gain":0,"max_hp_loss":0,"event_name":"MindBloom","floor":39,"gold_loss":0}],"is_beta":false,"boss_relics":[{"not_picked":["Runic Cube","Runic Dome"],"picked":"Pandora\u0027s Box"},{"not_picked":["Mark of Pain","Runic Pyramid"],"picked":"Calling Bell"}],"items_purged_floors":[],"is_endless":false,"potions_floor_spawned":[5,6,7,18,21,24,35,39,45],"killed_by":"Time Eater","ascension_level":10}