{"gold_per_floor":[110,84,84,84,84,32,66,66,119,119,147,165,16,45,45,147,147,136,153,153,153,78,78],"floor_reached":23,"playtime":779,"items_purged":["Defend_G"],"score":392,"play_id":"0ba8cae4-e378-4a8a-8f8a-c5c39f088f6b","local_time":"20190409151329","is_ascension_mode":true,"campfire_choices":[{"data":"Deadly Poison","floor":8,"key":"SMITH"},{"data":"Survivor","floor":10,"key":"SMITH"},{"data":"Bouncing Flask","floor":15,"key":"SMITH"}],"neow_cost":"NONE","seed_source_timestamp":256814098896400,"circlet_count":0,"master_deck":["AscendersBane","Defend_G","Defend_G","Defend_G","Strike_G","Strike_G","Survivor+1","Neutralize","Deadly Poison+1","Blade Dance","Bouncing Flask+1","Crippling Poison","Crippling Poison","After Image","Malaise+1","Tactician+1","Expertise+1","Blur"],"relics":["Ring of the Snake","NeowsBlessing","The Specimen","Blood Vial","Bird Faced Urn","Tiny Chest","Dodecahedron","Omamori","Darkstone Periapt","Astrolabe","Pantograph","Ginger"],"potions_floor_usage":[14,14,14,23],"damage_taken":[{"damage":0,"enemies":"2 Louse","floor":1,"turns":1},{"damage":0,"enemies":"3 Sentries","floor":7,"turns":2},{"damage":0,"enemies":"Gremlin Nob","floor":11,"turns":1},{"damage":5,"enemies":"Small Slimes","floor":12,"turns":2},{"damage":7,"enemies":"3 Sentries","floor":14,"turns":7},{"damage":12,"enemies":"The Guardian","floor":16,"turns":8},{"damage":20,"enemies":"2 Thieves","floor":18,"turns":4},{"damage":4,"enemies":"3 Byrds","floor":19,"turns":6},{"damage":54,"enemies":"Gremlin Leader","floor":23,"turns":4}],"seed_played":"5099145997329518900","potions_obtained":[{"floor":7,"key":"EntropicBrew"},{"floor":11,"key":"Poison Potion"},{"floor":18,"key":"Energy Potion"}],"is_trial":false,"path_per_floor":["M","?","?","T","?","$","E","R","T","R","E","M","$","E","R","B",null,"M","M","T","T","$","E"],"character_chosen":"THE_SILENT","items_purchased":["Deadly Poison","Omamori"],"campfire_rested":0,"item_purchase_floors":[6,13],"current_hp_per_floor":[63,63,63,63,63,63,65,65,65,65,67,64,64,59,59,49,65,49,49,49,49,49,0],"gold":78,"neow_bonus":"THREE_ENEMY_KILL","is_prod":false,"is_daily":false,"chose_seed":false,"campfire_upgraded":3,"win_rate":0,"timestamp":1554815609,"path_taken":["M","?","?","?","?","$","E","R","T","R","E","?","?","E","R","BOSS","M","M","?","?","$","E"],"build_version":"2019-01-23","purchased_purges":1,"victory":false,"max_hp_per_floor":[70,70,70,70,70,70,70,70,70,70,70,70,70,70,70,70,70,70,70,70,70,70,70],"card_choices":[{"not_picked":["Flying Knee","Dagger Spray"],"picked":"Accuracy","floor":1},{"not_picked":["Tools of the Trade","Acrobatics"],"picked":"Blade Dance","floor":7},{"not_picked":["Accuracy","Dagger Spray"],"picked":"Bouncing Flask","floor":11},{"not_picked":["Masterful Stab","Well Laid Plans"],"picked":"Crippling Poison","floor":12},{"not_picked":["Grand Finale","Bane"],"picked":"Crippling Poison","floor":14},{"not_picked":["Bullet Time","Storm of Steel"],"picked":"After Image","floor":16},{"not_picked":["Eviscerate","Sucker Punch","Leg Sweep+1"],"picked":"SKIP","floor":18},{"not_picked":["Sucker Punch","Poisoned Stab"],"picked":"Blur","floor":19}],"player_experience":1627750,"relics_obtained":[{"floor":4,"key":"The Specimen"},{"floor":7,"key":"Bird Faced Urn"},{"floor":9,"key":"Tiny Chest"},{"floor":11,"key":"Dodecahedron"},{"floor":14,"key":"Darkstone Periapt"},{"floor":20,"key":"Pantograph"},{"floor":21,"key":"Ginger"}],"event_choices":[{"damage_healed":0,"gold_gain":0,"player_choice":"Left Gold","damage_taken":0,"max_hp_gain":0,"max_hp_loss":0,"event_name":"World of Goop","floor":2,"gold_loss":26},{"cards_removed":["Strike_G"],"damage_healed":0,"gold_gain":0,"player_choice":"Forget","damage_taken":0,"max_hp_gain":0,"max_hp_loss":0,"event_name":"Living Wall","floor":3,"gold_loss":0},{"cards_removed":["Accuracy"],"damage_healed":0,"gold_gain":0,"player_choice":"Gave Card","damage_taken":0,"relics_obtained":["Blood Vial"],"max_hp_gain":0,"max_hp_loss":0,"event_name":"WeMeetAgain","floor":5,"gold_loss":0}],"is_beta":false,"boss_relics":[{"not_picked":["Ectoplasm","Velvet Choker"],"picked":"Astrolabe"}],"items_purged_floors":[22],"is_endless":false,"potions_floor_spawned":[7,11,12,18],"killed_by":"Gremlin Leader","ascension_level":11}