{"gold_per_floor":[117,117,117,127,144,178,178,278,305,38,69,69,69,86,86,86],"floor_reached":16,"playtime":1120,"items_purged":["Regret"],"score":108,"play_id":"a6aaac88-6dd1-4056-aa0c-fd9d025c589f","local_time":"20181118182714","is_ascension_mode":false,"campfire_choices":[{"data":"Neutralize","floor":7,"key":"SMITH"},{"floor":12,"key":"REST"},{"data":"Night Terror","floor":15,"key":"SMITH"}],"neow_cost":"NONE","seed_source_timestamp":347122065091100,"circlet_count":0,"master_deck":["Defend_G","Defend_G","Defend_G","Defend_G","Defend_G","Strike_G","Strike_G","Strike_G","Strike_G","Strike_G","Survivor","Neutralize+1","Dagger Throw","Acrobatics","Heel Hook","Venomology","Night Terror+1","Dash"],"relics":["Ring of the Snake","Centennial Puzzle","Oddly Smooth Stone","Strawberry","Potion Belt","Toy Ornithopter","Art of War"],"potions_floor_usage":[11,11,16,16,16,16,16,16],"damage_taken":[{"damage":0,"enemies":"2 Louse","floor":1,"turns":3},{"damage":0,"enemies":"Small Slimes","floor":4,"turns":3},{"damage":1,"enemies":"Cultist","floor":5,"turns":4},{"damage":21,"enemies":"3 Sentries","floor":6,"turns":12},{"damage":30,"enemies":"Lagavulin","floor":11,"turns":9},{"damage":9,"enemies":"2 Fungi Beasts","floor":14,"turns":5},{"damage":83,"enemies":"Hexaghost","floor":16,"turns":18}],"seed_played":"6277611311817245901","potions_obtained":[{"floor":4,"key":"EssenceOfSteel"},{"floor":5,"key":"SteroidPotion"},{"floor":6,"key":"GhostInAJar"},{"floor":14,"key":"Poison Potion"}],"is_trial":false,"path_per_floor":["M","?","?","M","M","E","R","?","T","$","E","R","$","M","R","B"],"character_chosen":"THE_SILENT","items_purchased":["Toy Ornithopter"],"campfire_rested":1,"item_purchase_floors":[10],"current_hp_per_floor":[70,70,70,70,69,55,55,55,55,55,35,58,58,49,49,0],"gold":86,"neow_bonus":"RANDOM_COMMON_RELIC","is_prod":false,"is_daily":false,"chose_seed":false,"campfire_upgraded":2,"win_rate":0,"timestamp":1542562034,"path_taken":["M","?","?","?","M","E","R","?","T","$","E","R","?","M","R","BOSS"],"build_version":"2018-11-15","purchased_purges":1,"victory":false,"max_hp_per_floor":[70,70,70,70,70,77,77,77,77,77,77,77,77,77,77,77],"card_choices":[{"not_picked":["Cloak And Dagger","Finisher"],"picked":"Dagger Throw","floor":1},{"not_picked":["Dodge and Roll","Blade Dance"],"picked":"Acrobatics","floor":4},{"not_picked":["Prepared","Flying Knee"],"picked":"Heel Hook","floor":5},{"not_picked":["PiercingWail","Slice"],"picked":"Venomology","floor":6},{"not_picked":["PiercingWail","Cloak And Dagger"],"picked":"Night Terror","floor":11},{"not_picked":["Sucker Punch","Acrobatics"],"picked":"Dash","floor":14}],"player_experience":931872,"relics_obtained":[{"floor":6,"key":"Strawberry"},{"floor":9,"key":"Potion Belt"},{"floor":11,"key":"Art of War"}],"event_choices":[{"damage_healed":0,"gold_gain":0,"player_choice":"Box","damage_taken":0,"relics_obtained":["Oddly Smooth Stone"],"max_hp_gain":0,"max_hp_loss":0,"event_name":"Big Fish","floor":2,"gold_loss":0,"cards_obtained":["Regret"]},{"damage_healed":0,"gold_gain":0,"player_choice":"0 cards matched","damage_taken":0,"max_hp_gain":0,"max_hp_loss":0,"event_name":"Match and Keep!","floor":3,"gold_loss":0,"cards_obtained":[]},{"damage_healed":0,"gold_gain":100,"player_choice":"Gold","damage_taken":0,"max_hp_gain":0,"max_hp_loss":0,"event_name":"Wheel of Change","floor":8,"gold_loss":0}],"is_beta":false,"boss_relics":[],"items_purged_floors":[10],"is_endless":false,"potions_floor_spawned":[4,5,6,14],"killed_by":"Hexaghost","ascension_level":0}