{"gold_per_floor":[111,111,30,30,54,54,87,112,160,181,181,13,13,26,26,147,147,171,171,171,57,72,72,91,91,164,180,180,191,207,220,220,220],"floor_reached":33,"playtime":1412,"items_purged":["Pain"],"score":386,"play_id":"c01b6e6c-d47f-4d84-b5a1-f136ed538320","local_time":"20190222143402","is_ascension_mode":true,"campfire_choices":[{"floor":6,"key":"REST"},{"floor":11,"key":"REST"},{"floor":15,"key":"REST"},{"floor":25,"key":"REST"},{"data":"Buffer","floor":28,"key":"SMITH"},{"data":"Defragment","floor":32,"key":"SMITH"}],"neow_cost":"NONE","seed_source_timestamp":448805580587200,"circlet_count":0,"master_deck":["Strike_B","Strike_B","Strike_B","Defend_B","Defend_B","Defend_B","Defend_B","Zap","Dualcast","Redo","Injury","Buffer+1","Defragment+1","Double Energy","Self Repair","Double Energy","Turbo","Darkness","Electrodynamics","Leap","Ghostly","Ghostly","Ghostly","Ghostly","Ghostly","Self Repair","Hologram","Redo","Double Energy","Chill","Redo","Doom and Gloom"],"relics":["Cracked Core","Bloody Idol","WarpedTongs","Anchor","Ancient Tea Set","Nuclear Battery","Pen Nib","Bottled Flame"],"potions_floor_usage":[16,16,16,27,29,31,33],"damage_taken":[{"damage":1,"enemies":"Cultist","floor":1,"turns":4},{"damage":14,"enemies":"Jaw Worm","floor":5,"turns":3},{"damage":43,"enemies":"Gremlin Nob","floor":7,"turns":6},{"damage":3,"enemies":"Small Slimes","floor":8,"turns":4},{"damage":11,"enemies":"Exordium Wildlife","floor":10,"turns":4},{"damage":8,"enemies":"Looter","floor":14,"turns":4},{"damage":57,"enemies":"Hexaghost","floor":16,"turns":9},{"damage":39,"enemies":"Spheric Guardian","floor":18,"turns":6},{"damage":18,"enemies":"3 Byrds","floor":22,"turns":3},{"damage":0,"enemies":"Sentry and Sphere","floor":24,"turns":5},{"damage":17,"enemies":"Snake Plant","floor":27,"turns":4},{"damage":14,"enemies":"Shelled Parasite and Fungi","floor":29,"turns":10},{"damage":2,"enemies":"Centurion and Healer","floor":30,"turns":11},{"damage":12,"enemies":"Snake Plant","floor":31,"turns":6},{"damage":56,"enemies":"Collector","floor":33,"turns":3}],"seed_played":"-2720650796120972264","potions_obtained":[{"floor":1,"key":"GamblersBrew"},{"floor":8,"key":"SteroidPotion"},{"floor":10,"key":"LiquidBronze"},{"floor":24,"key":"SteroidPotion"},{"floor":27,"key":"Block Potion"},{"floor":30,"key":"EssenceOfSteel"},{"floor":31,"key":"Regen Potion"}],"is_trial":false,"path_per_floor":["M","?","$","?","M","R","E","M","T","M","R","$","?","M","R","B",null,"M","?","?","$","M","?","M","R","T","M","R","M","M","M","R","B"],"character_chosen":"DEFECT","items_purchased":["Buffer","Self Repair","Double Energy","Turbo","Self Repair"],"campfire_rested":4,"item_purchase_floors":[3,12,12,12,21],"current_hp_per_floor":[67,67,67,67,53,75,32,29,29,18,40,40,40,42,64,14,60,28,28,28,28,15,15,27,37,37,37,37,37,37,37,37,0],"gold":220,"neow_bonus":"REMOVE_CARD","is_prod":false,"is_daily":false,"chose_seed":false,"campfire_upgraded":2,"win_rate":0,"timestamp":1550842442,"path_taken":["M","?","$","?","M","R","E","?","T","M","R","$","?","M","R","BOSS","M","?","?","?","M","?","?","R","T","?","R","M","M","M","R","BOSS"],"build_version":"2019-01-23","purchased_purges":1,"victory":false,"max_hp_per_floor":[75,75,75,75,75,75,75,75,75,75,75,75,75,75,75,75,75,75,75,37,37,37,37,37,37,37,37,37,37,37,37,37,37],"card_choices":[{"not_picked":["Cold Snap","Stack"],"picked":"Redo","floor":1},{"not_picked":["Cold Snap","Barrage","Skim"],"picked":"SKIP","floor":5},{"not_picked":["Beam Cell","Rip and Tear"],"picked":"Defragment","floor":7},{"not_picked":["Go for the Eyes","Hologram"],"picked":"BootSequence","floor":8},{"not_picked":["Reinforced Body","Cold Snap"],"picked":"Double Energy","floor":10},{"not_picked":["Coolheaded","Sweeping Beam"],"picked":"Darkness","floor":14},{"not_picked":["Meteor Strike","Biased Cognition"],"picked":"Electrodynamics","floor":16},{"not_picked":["Gash","Compile Driver"],"picked":"Leap","floor":18},{"not_picked":["Coolheaded","Cold Snap"],"picked":"Hologram","floor":22},{"not_picked":["Lockon","Go for the Eyes"],"picked":"Redo","floor":24},{"not_picked":["BootSequence","Hologram"],"picked":"Double Energy","floor":27},{"not_picked":["FTL","Conserve Battery"],"picked":"Chill","floor":29},{"not_picked":["Streamline","Compile Driver+1"],"picked":"Redo","floor":30},{"not_picked":["Multi-Cast","Genetic Algorithm"],"picked":"Doom and Gloom","floor":31}],"player_experience":1409268,"relics_obtained":[{"floor":7,"key":"Anchor"},{"floor":9,"key":"Ancient Tea Set"},{"floor":26,"key":"Bottled Flame"}],"event_choices":[{"damage_healed":0,"gold_gain":0,"player_choice":"Take Wound","damage_taken":0,"relics_obtained":["Golden Idol"],"max_hp_gain":0,"max_hp_loss":0,"event_name":"Golden Idol","floor":2,"gold_loss":0,"cards_obtained":["Injury"]},{"damage_healed":0,"gold_gain":0,"player_choice":"Rummage","damage_taken":0,"relics_obtained":["WarpedTongs"],"max_hp_gain":0,"max_hp_loss":0,"event_name":"Accursed Blacksmith","floor":4,"gold_loss":0,"cards_obtained":["Pain"]},{"damage_healed":0,"gold_gain":0,"player_choice":"Ignored","damage_taken":0,"max_hp_gain":0,"max_hp_loss":0,"event_name":"Golden Wing","floor":13,"gold_loss":0},{"damage_healed":0,"gold_gain":0,"player_choice":"Gave Idol","damage_taken":0,"relics_obtained":["Bloody Idol"],"max_hp_gain":0,"max_hp_loss":0,"event_name":"Forgotten Altar","floor":19,"relics_lost":["Golden Idol"],"gold_loss":0},{"damage_healed":0,"gold_gain":0,"player_choice":"Became a Ghost","damage_taken":0,"max_hp_gain":0,"max_hp_loss":38,"event_name":"Ghosts","floor":20,"gold_loss":0,"cards_obtained":["Ghostly","Ghostly","Ghostly","Ghostly","Ghostly"]},{"cards_removed":["BootSequence"],"damage_healed":0,"gold_gain":0,"player_choice":"Gave Card","damage_taken":0,"relics_obtained":["Pen Nib"],"max_hp_gain":0,"max_hp_loss":0,"event_name":"WeMeetAgain","floor":23,"gold_loss":0}],"is_beta":false,"boss_relics":[{"not_picked":["Pandora\u0027s Box","Orrery"],"picked":"Nuclear Battery"}],"items_purged_floors":[21],"is_endless":false,"potions_floor_spawned":[1,8,10,24,27,30,31],"killed_by":"Collector","ascension_level":9}