{"gold_per_floor":[110,129,147,72,85,85,111,111,111,129,147,113,133,146,146,246,246,256,18,18,32,44,44,56,56,80,93,93,125,125,152,152,257,257,268,268,104,114,36,365,365,382,382,47,47,64,75,86,86,86],"floor_reached":50,"playtime":2057,"items_purged":[],"score":918,"play_id":"c4e13958-ee10-4453-be7b-401e94b71872","local_time":"20190505025649","is_ascension_mode":true,"campfire_choices":[{"floor":6,"key":"REST"},{"floor":15,"key":"REST"},{"floor":23,"key":"REST"},{"floor":30,"key":"REST"},{"floor":32,"key":"REST"},{"floor":41,"key":"REST"},{"data":"Fission","floor":49,"key":"SMITH"}],"neow_cost":"NONE","seed_source_timestamp":107410452865900,"circlet_count":0,"master_deck":["AscendersBane","Strike_B","Strike_B+1","Strike_B","Strike_B+1","Defend_B","Defend_B","Defend_B","Defend_B","Zap","Dualcast","Electrodynamics","Storm","Storm","Capacitor","Capacitor","Chill","Fission+1","Defragment+1","Reinforced Body","Echo Form","Self Repair","Defragment","Multi-Cast","Machine Learning","Panache","Self Repair","Self Repair","Machine Learning","Defragment","Defragment"],"relics":["Cracked Core","Odd Mushroom","Symbiotic Virus","Lizard Tail","DataDisk","Meat on the Bone","Whetstone","Dodecahedron","Bottled Tornado","Nuclear Battery","Old Coin","Darkstone Periapt","Pear"],"potions_floor_usage":[5,10,13,16,21,24,29,31,33,50],"damage_taken":[{"damage":0,"enemies":"Cultist","floor":1,"turns":3},{"damage":0,"enemies":"2 Louse","floor":2,"turns":2},{"damage":12,"enemies":"Jaw Worm","floor":3,"turns":3},{"damage":8,"enemies":"Red Slaver","floor":5,"turns":3},{"damage":2,"enemies":"The Mushroom Lair","floor":7,"turns":2},{"damage":0,"enemies":"Gremlin Gang","floor":10,"turns":1},{"damage":6,"enemies":"Blue Slaver","floor":11,"turns":2},{"damage":13,"enemies":"3 Louse","floor":13,"turns":2},{"damage":9,"enemies":"Exordium Wildlife","floor":14,"turns":2},{"damage":0,"enemies":"Slime Boss","floor":16,"turns":6},{"damage":24,"enemies":"Shell Parasite","floor":18,"turns":5},{"damage":12,"enemies":"Chosen","floor":21,"turns":5},{"damage":36,"enemies":"Snecko","floor":22,"turns":7},{"damage":32,"enemies":"Cultist and Chosen","floor":24,"turns":5},{"damage":12,"enemies":"Chosen and Byrds","floor":27,"turns":4},{"damage":39,"enemies":"Slavers","floor":29,"turns":4},{"damage":49,"enemies":"Book of Stabbing","floor":31,"turns":5},{"damage":44,"enemies":"Collector","floor":33,"turns":5},{"damage":19,"enemies":"Orb Walker","floor":35,"turns":3},{"damage":19,"enemies":"3 Darklings","floor":38,"turns":2},{"damage":37,"enemies":"Reptomancer","floor":40,"turns":4},{"damage":20,"enemies":"Sphere and 2 Shapes","floor":42,"turns":4},{"damage":39,"enemies":"Spire Growth","floor":46,"turns":4},{"damage":32,"enemies":"Jaw Worm Horde","floor":47,"turns":2},{"damage":5,"enemies":"Sphere and 2 Shapes","floor":48,"turns":4},{"damage":142,"enemies":"Awakened One","floor":50,"turns":6}],"seed_played":"-1224764129378425495","potions_obtained":[{"floor":3,"key":"PowerPotion"},{"floor":7,"key":"AttackPotion"},{"floor":8,"key":"Explosive Potion"},{"floor":10,"key":"GamblersBrew"},{"floor":13,"key":"FocusPotion"},{"floor":16,"key":"Fire Potion"},{"floor":24,"key":"Energy Potion"},{"floor":27,"key":"AttackPotion"},{"floor":31,"key":"Fire Potion"},{"floor":33,"key":"SteroidPotion"},{"floor":38,"key":"SmokeBomb"},{"floor":40,"key":"FocusPotion"}],"is_trial":false,"path_per_floor":["M","M","M","$","M","R","?","?","T","M","M","$","M","M","R","B",null,"M","$","?","M","M","R","M","?","T","M","?","E","R","E","R","B",null,"M","?","$","M","$","E","R","M","T","$","?","M","M","M","R","B"],"character_chosen":"DEFECT","items_purchased":["Capacitor","Defragment","DataDisk","Self Repair","Panache","Self Repair","Pear","Defragment"],"campfire_rested":6,"item_purchase_floors":[4,12,19,19,37,39,44,44],"current_hp_per_floor":[68,68,56,56,48,70,68,68,68,68,62,62,49,40,62,62,72,48,48,48,55,38,60,40,40,40,54,54,34,56,33,55,30,64,45,45,45,45,45,34,56,62,62,72,72,59,46,67,67,0],"gold":86,"neow_bonus":"ONE_RANDOM_RARE_CARD","is_prod":false,"is_daily":false,"chose_seed":false,"campfire_upgraded":1,"win_rate":0,"timestamp":1557017809,"path_taken":["M","M","M","$","M","R","?","?","T","?","M","$","M","M","R","BOSS","M","$","?","M","M","R","M","?","T","?","?","E","R","E","R","BOSS","M","?","$","M","$","E","R","M","T","?","?","M","M","?","R","BOSS"],"build_version":"2019-01-23","purchased_purges":0,"victory":false,"max_hp_per_floor":[75,75,75,75,75,75,75,75,75,75,75,75,75,75,75,75,75,75,75,75,75,75,75,75,75,75,75,75,75,75,75,75,75,75,75,75,75,75,75,75,75,75,75,85,85,85,85,85,85,85],"card_choices":[{"not_picked":["Cold Snap","FTL","Steam"],"picked":"SKIP","floor":1},{"not_picked":["Coolheaded","Ball Lightning"],"picked":"Storm","floor":2},{"not_picked":["Stack","Conserve Battery"],"picked":"Storm","floor":3},{"not_picked":["Beam Cell","Compile Driver","Stack"],"picked":"SKIP","floor":5},{"not_picked":["Ball Lightning","Aggregate"],"picked":"Capacitor","floor":7},{"not_picked":["Steam","Redo"],"picked":"Chill","floor":10},{"not_picked":["Loop","Gash"],"picked":"Fission","floor":11},{"not_picked":["Cold Snap","Barrage"],"picked":"Reinforced Body","floor":13},{"not_picked":["Redo","Leap","Compile Driver"],"picked":"SKIP","floor":14},{"not_picked":["Fission","Amplify"],"picked":"Echo Form","floor":16},{"not_picked":["Go for the Eyes+1","Coolheaded","Undo"],"picked":"SKIP","floor":18},{"not_picked":["Stack","Gash","Doom and Gloom"],"picked":"SKIP","floor":21},{"not_picked":["Reprogram","Gash"],"picked":"Defragment","floor":22},{"not_picked":["Undo","Sweeping Beam","Glacier+1"],"picked":"SKIP","floor":24},{"not_picked":["Rebound","Skim"],"picked":"Multi-Cast","floor":27},{"not_picked":["Barrage","Compile Driver","Recycle+1"],"picked":"SKIP","floor":29},{"not_picked":["Reprogram","Hello World+1","Compile Driver"],"picked":"SKIP","floor":31},{"not_picked":["Electrodynamics","Biased Cognition"],"picked":"Machine Learning","floor":33},{"not_picked":["Force Field","Cold Snap","Sweeping Beam"],"picked":"SKIP","floor":35},{"not_picked":["Steam","Compile Driver","Go for the Eyes"],"picked":"SKIP","floor":38},{"not_picked":["Chaos+1","FTL"],"picked":"Self Repair","floor":40},{"not_picked":["Redo+1","Hologram"],"picked":"Machine Learning","floor":42},{"not_picked":["Barrage","Fusion","Darkness"],"picked":"SKIP","floor":46},{"not_picked":["Fusion","Conserve Battery"],"picked":"Defragment","floor":47},{"not_picked":["Static Discharge+1","Coolheaded","Melter+1"],"picked":"SKIP","floor":48}],"player_experience":1810165,"relics_obtained":[{"floor":7,"key":"Odd Mushroom"},{"floor":9,"key":"Symbiotic Virus"},{"floor":26,"key":"Whetstone"},{"floor":29,"key":"Dodecahedron"},{"floor":31,"key":"Bottled Tornado"},{"floor":40,"key":"Old Coin"},{"floor":43,"key":"Darkstone Periapt"}],"event_choices":[{"damage_healed":0,"gold_gain":0,"player_choice":"Fought Mushrooms","damage_taken":0,"max_hp_gain":0,"max_hp_loss":0,"event_name":"Mushrooms","floor":7,"gold_loss":0},{"damage_healed":0,"gold_gain":0,"player_choice":"Got Potions","damage_taken":0,"max_hp_gain":0,"max_hp_loss":0,"event_name":"Lab","floor":8,"gold_loss":0},{"damage_healed":0,"gold_gain":0,"player_choice":"Stole Relic","damage_taken":0,"relics_obtained":["Meat on the Bone"],"max_hp_gain":0,"max_hp_loss":0,"event_name":"Addict","floor":20,"gold_loss":0,"cards_obtained":["Shame"]},{"damage_healed":0,"gold_gain":0,"player_choice":"Upgraded","damage_taken":0,"max_hp_gain":0,"max_hp_loss":0,"event_name":"Upgrade Shrine","floor":25,"gold_loss":0,"cards_upgraded":["Defragment"]},{"damage_healed":0,"gold_gain":0,"player_choice":"Ignored","damage_taken":0,"max_hp_gain":0,"max_hp_loss":0,"event_name":"Vampires","floor":28,"gold_loss":0},{"damage_healed":0,"gold_gain":0,"player_choice":"Ignored","damage_taken":0,"max_hp_gain":0,"max_hp_loss":0,"event_name":"SecretPortal","floor":36,"gold_loss":0},{"cards_removed":["Shame"],"damage_healed":0,"gold_gain":0,"player_choice":"Removed Curses","damage_taken":0,"max_hp_gain":0,"max_hp_loss":0,"event_name":"Fountain of Cleansing","floor":45,"gold_loss":0}],"is_beta":false,"boss_relics":[{"not_picked":["Runic Dome","Philosopher\u0027s Stone"],"picked":"Lizard Tail"},{"not_picked":["Tiny House","Sozu"],"picked":"Nuclear Battery"}],"items_purged_floors":[],"is_endless":false,"potions_floor_spawned":[3,7,10,13,14,16,24,27,31,33,38,40,42,47],"killed_by":"Awakened One","ascension_level":12}