{"gold_per_floor":[219,219,16,16,32,32,61,61,61,74,74,84,103,119,119,214,214,231,231,163,163,146,176,187,187,187,219,219,245,13,62,62,165,165,185,0,0,18,18,73,123,158,184,184,105,105,105,115,115,115],"floor_reached":51,"playtime":3739,"items_purged":["Normality"],"score":734,"play_id":"5081f6a8-4904-4158-a62d-14cf6b705420","local_time":"20190220204927","is_ascension_mode":false,"campfire_choices":[{"data":"Backstab","floor":6.0,"key":"SMITH"},{"data":"Dodge and Roll","floor":8.0,"key":"SMITH"},{"data":"Infinite Blades","floor":11.0,"key":"SMITH"},{"floor":15.0,"key":"REST"},{"floor":25,"key":"REST"},{"floor":28,"key":"REST"},{"data":"A Thousand Cuts","floor":32,"key":"SMITH"},{"data":"Accuracy","floor":44,"key":"SMITH"},{"data":"Cloak And Dagger","floor":46,"key":"SMITH"},{"floor":49,"key":"REST"}],"neow_cost":"NONE","seed_source_timestamp":0,"circlet_count":0,"master_deck":["Defend_G+1","Defend_G+1","Defend_G+1","Defend_G+1","Strike_G+1","Strike_G+1","Strike_G+1","Survivor","Neutralize","Dodge and Roll+1","Deadly Poison+1","Backstab+1","Blur","Infinite Blades+1","Acrobatics+1","Sucker Punch","Backflip","After Image","Prepared","Well Laid Plans","Heel Hook","Blade Dance+1","Escape Plan","Underhanded Strike","Accuracy+1","Noxious Fumes","Accuracy+1","A Thousand Cuts+1","Adrenaline","Madness","Madness","Accuracy+1","Cloak And Dagger+1"],"special_seed":0,"relics":["Ring of the Snake","Vajra","Pear","Mercury Hourglass","Black Star","Centennial Puzzle","The Courier","Pantograph","Gremlin Horn","Lantern","Ancient Tea Set","Ornamental Fan","War Paint","Cursed Key","Red Mask","Tiny Chest","FossilizedHelix","Gambling Chip","Ninja Scroll","Oddly Smooth Stone","Anchor"],"potions_floor_usage":[50],"damage_taken":[{"damage":0.0,"enemies":"Cultist","floor":1.0,"turns":5.0},{"damage":0.0,"enemies":"2 Louse","floor":5.0,"turns":3.0},{"damage":22.0,"enemies":"Gremlin Nob","floor":7.0,"turns":4.0},{"damage":0.0,"enemies":"Jaw Worm","floor":10.0,"turns":2.0},{"damage":0.0,"enemies":"Large Slime","floor":12.0,"turns":5.0},{"damage":1.0,"enemies":"2 Fungi Beasts","floor":13.0,"turns":2.0},{"damage":1.0,"enemies":"3 Louse","floor":14.0,"turns":2.0},{"damage":25.0,"enemies":"Hexaghost","floor":16.0,"turns":13.0},{"damage":9.0,"enemies":"Shell Parasite","floor":18.0,"turns":6.0},{"damage":8,"enemies":"2 Thieves","floor":22,"turns":4},{"damage":39,"enemies":"Gremlin Leader","floor":23,"turns":12},{"damage":0,"enemies":"Centurion and Healer","floor":24,"turns":8},{"damage":21,"enemies":"Slavers","floor":27,"turns":6},{"damage":1,"enemies":"Book of Stabbing","floor":29,"turns":7},{"damage":35,"enemies":"Champ","floor":33,"turns":10},{"damage":1,"enemies":"3 Darklings","floor":35,"turns":3},{"damage":0,"enemies":"Orb Walker","floor":38,"turns":3},{"damage":15,"enemies":"Giant Head","floor":40,"turns":8},{"damage":0,"enemies":"2 Orb Walkers","floor":41,"turns":5},{"damage":0,"enemies":"Reptomancer","floor":42,"turns":4},{"damage":0,"enemies":"4 Shapes","floor":48,"turns":2},{"damage":11,"enemies":"Donu and Deca","floor":50,"turns":7}],"seed_played":"-5338165839121881574","potions_obtained":[{"floor":1.0,"key":"Regen Potion"},{"floor":7.0,"key":"SmokeBomb"},{"floor":10.0,"key":"SteroidPotion"},{"floor":23,"key":"Strength Potion"},{"floor":24,"key":"Energy Potion"}],"is_trial":false,"path_per_floor":["M","?","$","?","M","R","E","R","T","M","R","M","M","M","R","B",null,"M","?","$","?","M","E","M","R","T","E","R","E","$","T","R","B",null,"M","?","$","M","?","E","?","E","T","R","$","R","?","M","R","B",null],"character_chosen":"THE_SILENT","items_purchased":["Vajra","Deadly Poison","Well Laid Plans","Noxious Fumes","Accuracy","A Thousand Cuts","Cloak And Dagger"],"campfire_rested":4,"item_purchase_floors":[3,3,20,30,30,30,45],"current_hp_per_floor":[70,63,63,63,63,63,51,51,51,51,51,51,50,49,73,48,80,71,71,71,71,63,24,24,48,48,27,51,50,50,50,50,40,80,79,79,79,79,69,54,54,54,54,54,54,54,54,54,78,69],"gold":115,"neow_bonus":"HUNDRED_GOLD","is_prod":false,"is_daily":false,"chose_seed":false,"campfire_upgraded":6,"win_rate":0,"timestamp":1550724567,"path_taken":["M","?","$","?","M","R","E","R","T","M","R","M","M","M","R","BOSS","M","?","?","?","M","E","M","R","T","E","R","E","$","?","R","BOSS","M","?","$","M","?","E","?","E","T","R","?","R","?","?","R","BOSS"],"build_version":"2019-01-23","purchased_purges":1,"victory":true,"max_hp_per_floor":[70,70,70,70,70,70,80,80,80,80,80,80,80,80,80,80,80,80,80,80,80,80,80,80,80,80,80,80,80,80,80,80,80,80,80,80,80,80,80,80,80,80,80,80,80,80,80,80,80,80],"card_choices":[{"not_picked":["Concentrate","Poisoned Stab"],"picked":"Dodge and Roll","floor":1.0},{"not_picked":["Bane","Backflip"],"picked":"Backstab","floor":5.0},{"not_picked":["Night Terror","Skewer"],"picked":"Blur","floor":7.0},{"not_picked":["Sucker Punch","Outmaneuver"],"picked":"Infinite Blades","floor":10.0},{"not_picked":["Quick Slash","Finisher"],"picked":"Acrobatics","floor":12.0},{"not_picked":["PiercingWail","Tactician"],"picked":"Sucker Punch","floor":13.0},{"not_picked":["Well Laid Plans","Outmaneuver"],"picked":"Backflip","floor":14.0},{"not_picked":["Grand Finale","Die Die Die"],"picked":"After Image","floor":16.0},{"not_picked":["Eviscerate","Dagger Throw+1"],"picked":"Prepared","floor":18.0},{"not_picked":["Endless Agony","Masterful Stab"],"picked":"Heel Hook","floor":22},{"not_picked":["Underhanded Strike","Dagger Throw+1"],"picked":"Blade Dance+1","floor":23},{"not_picked":["Setup","Predator+1"],"picked":"Escape Plan","floor":24},{"not_picked":["Caltrops+1","Blur"],"picked":"Underhanded Strike","floor":27},{"not_picked":["Distraction","Reflex+1"],"picked":"Accuracy+1","floor":29},{"not_picked":["Night Terror","Glass Knife"],"picked":"Adrenaline","floor":33},{"not_picked":["Skewer+1","Dagger Throw+1","PiercingWail"],"picked":"SKIP","floor":35},{"not_picked":["Deadly Poison+1","Eviscerate","Dagger Spray"],"picked":"SKIP","floor":38},{"not_picked":["Heel Hook","Concentrate","Skewer"],"picked":"SKIP","floor":40},{"not_picked":["Bouncing Flask","Eviscerate"],"picked":"Accuracy+1","floor":42},{"not_picked":["Bane","Backflip","PiercingWail+1"],"picked":"SKIP","floor":48}],"player_experience":208953,"relics_obtained":[{"floor":7.0,"key":"Pear"},{"floor":9.0,"key":"Mercury Hourglass"},{"floor":23,"key":"Centennial Puzzle"},{"floor":23,"key":"The Courier"},{"floor":26,"key":"Pantograph"},{"floor":27,"key":"Gremlin Horn"},{"floor":27,"key":"Lantern"},{"floor":29,"key":"Ancient Tea Set"},{"floor":29,"key":"Ornamental Fan"},{"floor":31,"key":"War Paint"},{"floor":40,"key":"Tiny Chest"},{"floor":40,"key":"FossilizedHelix"},{"floor":41,"key":"Gambling Chip"},{"floor":42,"key":"Ninja Scroll"},{"floor":42,"key":"Oddly Smooth Stone"},{"floor":43,"key":"Anchor"}],"event_choices":[{"cards_removed":["Strike_G"],"damage_healed":0.0,"max_hp_gain":0.0,"max_hp_loss":0.0,"gold_gain":0.0,"event_name":"Golden Wing","player_choice":"Card Removal","floor":2.0,"gold_loss":0.0,"damage_taken":7.0},{"damage_healed":0.0,"max_hp_gain":0.0,"max_hp_loss":0.0,"gold_gain":0.0,"event_name":"NoteForYourself","player_choice":"Ignored","floor":4.0,"gold_loss":0.0,"damage_taken":0.0},{"cards_removed":["Strike_G"],"damage_healed":0.0,"max_hp_gain":0.0,"max_hp_loss":0.0,"gold_gain":0.0,"event_name":"Purifier","player_choice":"Purged","floor":19.0,"gold_loss":0.0,"damage_taken":0.0},{"damage_healed":0.0,"max_hp_gain":0.0,"max_hp_loss":0.0,"gold_gain":0.0,"event_name":"Back to Basics","player_choice":"Simplicity","floor":21.0,"gold_loss":0.0,"damage_taken":0.0,"cards_upgraded":["Defend_G","Defend_G","Defend_G","Defend_G","Defend_G","Strike_G","Strike_G","Strike_G"]},{"damage_healed":0,"gold_gain":0,"player_choice":"Paid","damage_taken":0,"relics_obtained":["Red Mask"],"max_hp_gain":0,"max_hp_loss":0,"event_name":"Tomb of Lord Red Mask","floor":36,"gold_loss":185},{"damage_healed":0,"gold_gain":0,"player_choice":"Embrace Madness","damage_taken":10,"max_hp_gain":0,"max_hp_loss":0,"event_name":"Winding Halls","floor":39,"gold_loss":0,"cards_obtained":["Madness","Madness"]},{"damage_healed":0,"gold_gain":0,"player_choice":"Fight","damage_taken":0,"max_hp_gain":0,"max_hp_loss":0,"event_name":"Mysterious Sphere","floor":41,"gold_loss":0},{"cards_removed":["Defend_G"],"damage_healed":0,"gold_gain":0,"player_choice":"Card Removal","damage_taken":0,"max_hp_gain":0,"max_hp_loss":0,"event_name":"Wheel of Change","floor":47,"gold_loss":0}],"is_beta":false,"boss_relics":[{"not_picked":["Velvet Choker","Ring of the Serpent"],"picked":"Black Star"},{"not_picked":["Empty Cage","Lizard Tail"],"picked":"Cursed Key"}],"items_purged_floors":[45],"is_endless":false,"potions_floor_spawned":[1,7,10,23,24,35,42,48],"ascension_level":0}