{"gold_per_floor":[110,110,185,205,10,37,37,67,124,139,139,165,165,194,194,269,269,281,298,82,82,151,151,151],"floor_reached":24,"playtime":578,"items_purged":["Strike_B"],"score":474,"play_id":"a3248360-b523-4ab3-8f1a-e7de3a5d3b86","local_time":"20190513204319","is_ascension_mode":true,"campfire_choices":[{"data":"Chaos","floor":7,"key":"SMITH"},{"data":"Fusion","floor":13,"key":"SMITH"},{"data":"Darkness","floor":15,"key":"SMITH"},{"floor":23,"key":"REST"}],"neow_cost":"NONE","seed_source_timestamp":278919383141015,"circlet_count":0,"master_deck":["AscendersBane","Strike_B","Strike_B","Defend_B","Defend_B","Defend_B","Defend_B","Zap","Dualcast","BootSequence","Skim","Ball Lightning","Chaos+1","Self Repair","Compile Driver","Turbo","Fusion+1","Darkness+1","Core Surge","Redo","Reinforced Body","Ball Lightning","Auto Shields"],"relics":["Cracked Core","NeowsBlessing","Potion Belt","Calipers","Tiny Chest","Gambling Chip","Regal Pillow","Orichalcum","Sozu","SsserpentHead"],"potions_floor_usage":[8,16,16,16],"damage_taken":[{"damage":0,"enemies":"Cultist","floor":1,"turns":1},{"damage":0,"enemies":"2 Louse","floor":4,"turns":1},{"damage":0,"enemies":"3 Sentries","floor":6,"turns":1},{"damage":11,"enemies":"Gremlin Nob","floor":8,"turns":3},{"damage":2,"enemies":"Jaw Worm","floor":10,"turns":3},{"damage":30,"enemies":"3 Sentries","floor":14,"turns":7},{"damage":15,"enemies":"Hexaghost","floor":16,"turns":9},{"damage":23,"enemies":"2 Thieves","floor":18,"turns":5},{"damage":1,"enemies":"Spheric Guardian","floor":19,"turns":3},{"damage":34,"enemies":"Shelled Parasite and Fungi","floor":22,"turns":7},{"damage":67,"enemies":"Book of Stabbing","floor":24,"turns":5}],"seed_played":"5143194481891683163","potions_obtained":[{"floor":1,"key":"FearPotion"},{"floor":4,"key":"SneckoOil"},{"floor":6,"key":"SpeedPotion"},{"floor":14,"key":"AttackPotion"},{"floor":16,"key":"FocusPotion"}],"is_trial":false,"path_per_floor":["M","?","?","M","$","E","R","E","T","M","?","T","R","E","R","B",null,"M","M","$","?","M","R","E"],"character_chosen":"DEFECT","items_purchased":["Ball Lightning","Chaos","Self Repair","Reinforced Body","Ball Lightning"],"campfire_rested":1,"item_purchase_floors":[5,5,5,20,20],"current_hp_per_floor":[64,57,46,46,46,46,46,42,42,47,42,42,42,19,19,11,56,40,46,46,46,19,55,0],"gold":151,"neow_bonus":"THREE_ENEMY_KILL","is_prod":false,"is_daily":false,"chose_seed":false,"campfire_upgraded":3,"win_rate":0,"timestamp":1557751399,"path_taken":["M","?","?","M","$","E","R","E","T","M","?","?","R","E","R","BOSS","M","M","$","?","?","R","E"],"build_version":"2019-01-23","purchased_purges":1,"victory":false,"max_hp_per_floor":[71,71,71,71,71,71,71,71,71,71,71,71,71,71,71,71,71,71,71,71,71,71,71,71],"card_choices":[{"not_picked":["Blizzard","Reprogram"],"picked":"BootSequence","floor":1},{"not_picked":["Heatsinks","Conserve Battery"],"picked":"Skim","floor":4},{"not_picked":["Sweeping Beam","Rebound"],"picked":"Compile Driver","floor":6},{"not_picked":["Chill","Streamline"],"picked":"Turbo","floor":8},{"not_picked":["Sweeping Beam","Steam"],"picked":"Fusion","floor":10},{"not_picked":["Self Repair","Streamline"],"picked":"Darkness","floor":14},{"not_picked":["Fission","Seek"],"picked":"Core Surge","floor":16},{"not_picked":["Beam Cell","Turbo","Gash"],"picked":"SKIP","floor":18},{"not_picked":["Sweeping Beam","Turbo"],"picked":"Redo","floor":19},{"not_picked":["Storm","Barrage"],"picked":"Auto Shields","floor":22}],"player_experience":1652363,"relics_obtained":[{"floor":6,"key":"Potion Belt"},{"floor":8,"key":"Calipers"},{"floor":9,"key":"Tiny Chest"},{"floor":12,"key":"Regal Pillow"},{"floor":14,"key":"Orichalcum"}],"event_choices":[{"cards_removed":["Strike_B"],"damage_healed":0,"gold_gain":0,"player_choice":"Card Removal","damage_taken":7,"max_hp_gain":0,"max_hp_loss":0,"event_name":"Golden Wing","floor":2,"gold_loss":0},{"damage_healed":0,"gold_gain":75,"player_choice":"Gather Gold","damage_taken":11,"max_hp_gain":0,"max_hp_loss":0,"event_name":"World of Goop","floor":3,"gold_loss":0},{"damage_healed":0,"gold_gain":0,"player_choice":"Success","damage_taken":5,"relics_obtained":["Gambling Chip"],"max_hp_gain":0,"max_hp_loss":0,"event_name":"Scrap Ooze","floor":11,"gold_loss":0},{"damage_healed":0,"gold_gain":0,"player_choice":"Trade","damage_taken":0,"relics_obtained":["SsserpentHead"],"max_hp_gain":0,"max_hp_loss":0,"event_name":"FaceTrader","floor":21,"gold_loss":0}],"is_beta":false,"boss_relics":[{"not_picked":["Fusion Hammer","Busted Crown"],"picked":"Sozu"}],"items_purged_floors":[20],"is_endless":false,"potions_floor_spawned":[1,4,6,14,16,19,22],"killed_by":"Book of Stabbing","ascension_level":20}