{"gold_per_floor":[115,42,42,19,19,53,53,81,81,81,98,273,273,293,293,370,370],"floor_reached":17,"playtime":1009,"items_purged":[],"score":348,"play_id":"acccb5b5-69e1-41a4-86f8-34378bb2060b","local_time":"20190429155857","is_ascension_mode":true,"campfire_choices":[{"data":"Sucker Punch","floor":7,"key":"SMITH"},{"data":"Footwork","floor":10,"key":"SMITH"},{"data":"Sucker Punch","floor":15,"key":"SMITH"}],"neow_cost":"NONE","seed_source_timestamp":33033118775148,"circlet_count":0,"master_deck":["AscendersBane","Defend_G","Defend_G","Defend_G+1","Defend_G","Defend_G","Strike_G","Strike_G","Strike_G","Strike_G+1","Survivor","Neutralize","PiercingWail","Backstab","Sucker Punch+1","Regret","Dash","Footwork+1","Sucker Punch+1","Doubt","Quick Slash","A Thousand Cuts","Footwork","Eviscerate","Deflect","Caltrops","Noxious Fumes"],"relics":["Ring of the Snake","NeowsBlessing","Shuriken","Regal Pillow","Pocketwatch","Tingsha","Orrery"],"potions_floor_usage":[16,16],"damage_taken":[{"damage":0,"enemies":"Jaw Worm","floor":1,"turns":1},{"damage":0,"enemies":"Gremlin Nob","floor":6,"turns":1},{"damage":0,"enemies":"Lagavulin","floor":8,"turns":1},{"damage":3,"enemies":"Cultist","floor":11,"turns":3},{"damage":0,"enemies":"2 Louse","floor":14,"turns":2},{"damage":51,"enemies":"Slime Boss","floor":16,"turns":13}],"seed_played":"6181853577796393745","potions_obtained":[{"floor":1,"key":"Poison Potion"},{"floor":8,"key":"Regen Potion"},{"floor":11,"key":"Explosive Potion"}],"is_trial":false,"path_per_floor":["M","$","?","$","?","E","R","E","T","R","M","?","?","M","R","B",null],"character_chosen":"THE_SILENT","items_purchased":["Backstab","Sucker Punch"],"campfire_rested":0,"item_purchase_floors":[2,4],"current_hp_per_floor":[63,63,63,63,63,63,63,63,63,63,60,60,46,46,46,10,10],"gold":370,"neow_bonus":"THREE_ENEMY_KILL","is_prod":false,"is_daily":false,"chose_seed":false,"campfire_upgraded":3,"win_rate":0,"timestamp":1556578737,"path_taken":["M","$","?","?","?","E","R","E","T","R","?","?","?","M","R","BOSS"],"build_version":"2019-01-23","purchased_purges":0,"victory":false,"max_hp_per_floor":[70,70,70,70,70,70,70,70,70,70,70,70,70,70,70,70,70],"card_choices":[{"not_picked":["All Out Attack","Dagger Spray"],"picked":"PiercingWail","floor":1},{"not_picked":["Blur","Dagger Throw"],"picked":"Dash","floor":6},{"not_picked":["Setup","Concentrate"],"picked":"Footwork","floor":8},{"not_picked":["Bane","Backflip"],"picked":"Sucker Punch","floor":11},{"not_picked":["Flying Knee","Underhanded Strike"],"picked":"Quick Slash","floor":14},{"not_picked":["Wraith Form v2","Die Die Die"],"picked":"A Thousand Cuts","floor":16},{"not_picked":["Quick Slash","Eviscerate"],"picked":"Footwork","floor":17},{"not_picked":["Bane","Flying Knee"],"picked":"Eviscerate","floor":17},{"not_picked":["Outmaneuver","Flying Knee"],"picked":"Deflect","floor":17},{"not_picked":["Slice","Finisher"],"picked":"Caltrops","floor":17},{"not_picked":["Reflex","Dodge and Roll"],"picked":"Noxious Fumes","floor":17}],"player_experience":1517126,"relics_obtained":[{"floor":6,"key":"Regal Pillow"},{"floor":8,"key":"Pocketwatch"},{"floor":9,"key":"Tingsha"}],"event_choices":[{"cards_removed":["Strike_G"],"damage_healed":0,"gold_gain":0,"player_choice":"Purged","damage_taken":0,"max_hp_gain":0,"max_hp_loss":0,"event_name":"Purifier","floor":3,"gold_loss":0},{"damage_healed":0,"gold_gain":0,"player_choice":"Box","damage_taken":0,"relics_obtained":["Shuriken"],"max_hp_gain":0,"max_hp_loss":0,"event_name":"Big Fish","floor":5,"gold_loss":0,"cards_obtained":["Regret"]},{"damage_healed":0,"gold_gain":175,"player_choice":"AGREE","damage_taken":0,"max_hp_gain":0,"max_hp_loss":0,"event_name":"Liars Game","floor":12,"gold_loss":0,"cards_obtained":["Doubt"]},{"damage_healed":0,"gold_gain":0,"player_choice":"Entered Light","damage_taken":14,"max_hp_gain":0,"max_hp_loss":0,"event_name":"Shining Light","floor":13,"gold_loss":0,"cards_upgraded":["Strike_G","Defend_G"]}],"is_beta":false,"boss_relics":[{"not_picked":["Eternal Feather","White Beast Statue"],"picked":"Orrery"}],"items_purged_floors":[],"is_endless":false,"potions_floor_spawned":[1,8,11],"ascension_level":13}