{"gold_per_floor":[211,21,35,35,45,73,73,86,86,100,112,112,112,147,147,222,222,237,237,4,16,16,16],"floor_reached":23,"playtime":877,"items_purged":["Regret"],"score":342,"play_id":"1ce1bcd2-328b-4d43-9305-4df9a44a03fb","local_time":"20190413171222","is_ascension_mode":true,"campfire_choices":[{"floor":7,"key":"REST"},{"data":"Enlightenment","floor":13,"key":"SMITH"},{"data":"Evolve","floor":15,"key":"SMITH"}],"neow_cost":"NONE","seed_source_timestamp":232303737005500,"circlet_count":0,"master_deck":["AscendersBane","Strike_R","Strike_R","Strike_R","Strike_R","Strike_R","Defend_R","Defend_R","Defend_R","Defend_R","Bash","Headbutt","Enlightenment+1","Blood for Blood","Clothesline","Ghostly Armor","Trip","Bash","Carnage","Evolve+1","Immolate+1","Clumsy","Writhe","Headbutt+1","Battle Trance+1"],"relics":["Burning Blood","Calipers","Mango","Toxic Egg 2","Calling Bell","Bag of Preparation","Matryoshka","Magic Flower","Membership Card"],"potions_floor_usage":[14,18,23],"damage_taken":[{"damage":4,"enemies":"Small Slimes","floor":1,"turns":4},{"damage":6,"enemies":"Cultist","floor":3,"turns":3},{"damage":10,"enemies":"Jaw Worm","floor":5,"turns":5},{"damage":34,"enemies":"Gremlin Nob","floor":6,"turns":5},{"damage":6,"enemies":"Red Slaver","floor":8,"turns":3},{"damage":12,"enemies":"Exordium Wildlife","floor":10,"turns":2},{"damage":4,"enemies":"2 Fungi Beasts","floor":11,"turns":3},{"damage":25,"enemies":"3 Sentries","floor":14,"turns":7},{"damage":49,"enemies":"Slime Boss","floor":16,"turns":10},{"damage":39,"enemies":"Shell Parasite","floor":18,"turns":7},{"damage":25,"enemies":"Spheric Guardian","floor":21,"turns":5},{"damage":30,"enemies":"Gremlin Leader","floor":23,"turns":2}],"seed_played":"-4813385552503538296","potions_obtained":[{"floor":5,"key":"SpeedPotion"},{"floor":10,"key":"Block Potion"},{"floor":21,"key":"SteroidPotion"}],"is_trial":false,"path_per_floor":["M","$","M","?","M","E","R","M","T","M","M","$","R","E","R","B",null,"M","?","$","M","$","E"],"character_chosen":"IRONCLAD","items_purchased":["Enlightenment","Blood for Blood","Clothesline","Membership Card"],"campfire_rested":1,"item_purchase_floors":[2,2,2,20],"current_hp_per_floor":[70,70,70,70,66,38,60,60,74,68,70,70,70,51,51,8,69,39,39,39,23,23,0],"gold":16,"neow_bonus":"HUNDRED_GOLD","is_prod":false,"is_daily":false,"chose_seed":false,"campfire_upgraded":2,"win_rate":0,"timestamp":1555168342,"path_taken":["M","$","M","?","M","E","R","M","T","M","?","$","R","E","R","BOSS","M","?","$","?","$","E"],"build_version":"2019-01-23","purchased_purges":1,"victory":false,"max_hp_per_floor":[75,75,75,75,75,75,75,75,89,89,89,89,89,89,89,89,89,89,89,89,89,89,89],"card_choices":[{"not_picked":["Havoc","Perfected Strike"],"picked":"Headbutt","floor":1},{"not_picked":["Bloodletting","Armaments"],"picked":"Ghostly Armor","floor":3},{"not_picked":["Warcry","Thunderclap","Wild Strike"],"picked":"SKIP","floor":5},{"not_picked":["Sever Soul","Sentinel"],"picked":"Carnage","floor":6},{"not_picked":["Headbutt","Pummel"],"picked":"Evolve","floor":8},{"not_picked":["Disarm","Flex","Bloodletting"],"picked":"SKIP","floor":10},{"not_picked":["Reckless Charge","Evolve","Flex"],"picked":"SKIP","floor":11},{"not_picked":["Heavy Blade","Ghostly Armor","Warcry"],"picked":"SKIP","floor":14},{"not_picked":["Berserk","Feed"],"picked":"Immolate","floor":16},{"not_picked":["Sword Boomerang","Corruption"],"picked":"Headbutt+1","floor":18},{"not_picked":["Twin Strike","Sentinel+1"],"picked":"Battle Trance+1","floor":21}],"player_experience":1688123,"relics_obtained":[{"floor":6,"key":"Calipers"},{"floor":9,"key":"Mango"},{"floor":14,"key":"Toxic Egg 2"},{"floor":17,"key":"Bag of Preparation"},{"floor":17,"key":"Matryoshka"},{"floor":17,"key":"Magic Flower"}],"event_choices":[{"damage_healed":0,"gold_gain":0,"player_choice":"2 cards matched","damage_taken":0,"max_hp_gain":0,"max_hp_loss":0,"event_name":"Match and Keep!","floor":4,"gold_loss":0,"cards_obtained":["Trip","Bash"]},{"damage_healed":0,"gold_gain":0,"player_choice":"Upgraded","damage_taken":0,"max_hp_gain":0,"max_hp_loss":0,"event_name":"Upgrade Shrine","floor":19,"gold_loss":0,"cards_upgraded":["Immolate"]}],"is_beta":false,"boss_relics":[{"not_picked":["Velvet Choker","Runic Dome"],"picked":"Calling Bell"}],"items_purged_floors":[20],"is_endless":false,"potions_floor_spawned":[5,10,11,21],"killed_by":"Gremlin Leader","ascension_level":14}