{"gold_per_floor":[17,17,67,83,95,95,121,135,135,135,60,76,76,76],"floor_reached":14,"playtime":279,"items_purged":[],"score":180,"play_id":"cfe961c0-6e86-4257-9b91-b3784042641a","local_time":"20190514031746","is_ascension_mode":true,"campfire_choices":[{"data":"Consume","floor":6.0,"key":"SMITH"},{"data":"Zap","floor":10.0,"key":"SMITH"}],"neow_cost":"NO_GOLD","seed_source_timestamp":302823941508032,"circlet_count":0,"master_deck":["AscendersBane","Strike_B","Defend_B","Defend_B","Defend_B","Zap+1","Dualcast","Skim","Heatsinks","Consume+1","Coolheaded","Coolheaded","Ball Lightning","Recycle"],"special_seed":0,"relics":["Cracked Core","Sundial","Bird Faced Urn","Emotion Chip"],"potions_floor_usage":[],"damage_taken":[{"damage":2.0,"enemies":"Jaw Worm","floor":1.0,"turns":3.0},{"damage":0.0,"enemies":"2 Louse","floor":4.0,"turns":3.0},{"damage":2.0,"enemies":"Cultist","floor":5.0,"turns":4.0},{"damage":25.0,"enemies":"Lagavulin","floor":7.0,"turns":7.0},{"damage":7.0,"enemies":"3 Louse","floor":8.0,"turns":5.0},{"damage":7.0,"enemies":"Exordium Thugs","floor":12.0,"turns":3.0},{"damage":46,"enemies":"Gremlin Nob","floor":14,"turns":3}],"seed_played":"6094922840412166173","potions_obtained":[{"floor":1.0,"key":"Energy Potion"},{"floor":4.0,"key":"PowerPotion"},{"floor":12.0,"key":"Fire Potion"}],"is_trial":false,"path_per_floor":["M","?","?","M","M","R","E","M","T","R","?","M","?","E"],"character_chosen":"DEFECT","items_purchased":[],"campfire_rested":0,"item_purchase_floors":[],"current_hp_per_floor":[62,51,51,51,49,49,24,19,19,19,19,16,16,0],"gold":76,"neow_bonus":"REMOVE_TWO","is_prod":false,"is_daily":false,"chose_seed":false,"campfire_upgraded":2,"win_rate":0,"timestamp":1557775066,"path_taken":["M","?","?","M","M","R","E","?","T","R","?","M","?","E"],"build_version":"2019-01-23","purchased_purges":0,"victory":false,"max_hp_per_floor":[71,71,71,71,71,71,71,71,71,71,71,71,71,71],"card_choices":[{"not_picked":["Double Energy","Barrage"],"picked":"Skim","floor":1.0},{"not_picked":["Redo","Undo"],"picked":"Heatsinks","floor":4.0},{"not_picked":["Gash","Storm"],"picked":"Consume","floor":5.0},{"not_picked":["Blizzard","Skim"],"picked":"Coolheaded","floor":7.0},{"not_picked":["Redo","Hello World"],"picked":"Coolheaded","floor":8.0},{"not_picked":["Auto Shields","Rip and Tear"],"picked":"Ball Lightning","floor":12.0}],"player_experience":1669859,"relics_obtained":[{"floor":7.0,"key":"Bird Faced Urn"},{"floor":9.0,"key":"Emotion Chip"}],"event_choices":[{"damage_healed":0.0,"max_hp_gain":0.0,"max_hp_loss":0.0,"gold_gain":0.0,"event_name":"Scrap Ooze","player_choice":"Success","floor":2.0,"gold_loss":0.0,"damage_taken":11.0,"relics_obtained":["Sundial"]},{"damage_healed":0.0,"max_hp_gain":0.0,"max_hp_loss":0.0,"gold_gain":50.0,"event_name":"Golden Shrine","player_choice":"Pray","floor":3.0,"gold_loss":0.0,"damage_taken":0.0},{"cards_removed":["Defend_B"],"damage_healed":0.0,"max_hp_gain":0.0,"max_hp_loss":0.0,"gold_gain":0.0,"event_name":"The Cleric","player_choice":"Card Removal","floor":11.0,"gold_loss":75.0,"damage_taken":0.0},{"damage_healed":0,"gold_gain":0,"cards_transformed":["Strike_B"],"player_choice":"Transformed","damage_taken":0,"max_hp_gain":0,"max_hp_loss":0,"event_name":"Transmorgrifier","floor":13,"gold_loss":0,"cards_obtained":["Recycle"]}],"is_beta":false,"boss_relics":[],"items_purged_floors":[],"is_endless":false,"potions_floor_spawned":[1,4,7,12],"killed_by":"Gremlin Nob","ascension_level":20}