{"gold_per_floor":[110,285,1,14,14,43,43,70,70,70,102,102,202,216,216,216],"floor_reached":16,"playtime":649,"items_purged":[],"score":143,"play_id":"cabeb63c-903b-49e4-a5c8-5dfa8419f0a7","local_time":"20181209190209","is_ascension_mode":true,"campfire_choices":[{"floor":7,"key":"REST"},{"floor":10,"key":"RECALL"},{"floor":15,"key":"REST"}],"neow_cost":"NONE","seed_source_timestamp":1238281966049700,"circlet_count":0,"master_deck":["Strike_R","Strike_R","Strike_R","Strike_R","Strike_R","Defend_R","Defend_R","Defend_R","Defend_R","Bash","Whirlwind","Doubt","Inflame","Twin Strike+1","Heavy Blade+1","Seeing Red","Pummel+1"],"relics":["Burning Blood","Vajra","Toolbox","Molten Egg 2","Odd Mushroom","Matryoshka"],"potions_floor_usage":[8],"damage_taken":[{"damage":0,"enemies":"Small Slimes","floor":1,"turns":3},{"damage":4,"enemies":"Jaw Worm","floor":4,"turns":4},{"damage":40,"enemies":"Gremlin Nob","floor":6,"turns":5},{"damage":10,"enemies":"The Mushroom Lair","floor":8,"turns":4},{"damage":20,"enemies":"3 Sentries","floor":11,"turns":4},{"damage":0,"enemies":"Cultist","floor":14,"turns":2},{"damage":82,"enemies":"Hexaghost","floor":16,"turns":9}],"seed_played":"2812956504393578128","potions_obtained":[{"floor":1,"key":"SpeedPotion"},{"floor":6,"key":"Poison Potion"}],"is_trial":false,"path_per_floor":["M","?","$","M","?","E","R","?","T","R","E","?","?","M","R","B"],"character_chosen":"IRONCLAD","items_purchased":["Toolbox","Inflame"],"campfire_rested":2,"item_purchase_floors":[3,3],"current_hp_per_floor":[78,78,78,80,80,46,70,66,66,66,52,52,52,58,80,0],"gold":216,"neow_bonus":"RANDOM_COMMON_RELIC","is_prod":false,"is_daily":false,"chose_seed":false,"campfire_upgraded":0,"win_rate":0,"timestamp":1544378529,"path_taken":["M","?","$","M","?","E","R","?","T","R","E","?","?","?","R","BOSS"],"build_version":"2018-12-06","purchased_purges":0,"victory":false,"max_hp_per_floor":[80,80,80,80,80,80,80,80,80,80,80,80,80,80,80,80],"card_choices":[{"not_picked":["Thunderclap","Perfected Strike"],"picked":"Whirlwind","floor":1},{"not_picked":["True Grit","Reckless Charge","Thunderclap"],"picked":"SKIP","floor":4},{"not_picked":["Battle Trance","Clothesline"],"picked":"Twin Strike","floor":6},{"not_picked":["Second Wind","Entrench"],"picked":"Heavy Blade+1","floor":8},{"not_picked":["Impervious","Havoc"],"picked":"Seeing Red","floor":11},{"not_picked":["Heavy Blade+1","Iron Wave+1"],"picked":"Pummel+1","floor":14}],"player_experience":1040572,"relics_obtained":[{"floor":6,"key":"Molten Egg 2"},{"floor":8,"key":"Odd Mushroom"},{"floor":11,"key":"Matryoshka"}],"event_choices":[{"damage_healed":0,"gold_gain":175,"player_choice":"AGREE","damage_taken":0,"max_hp_gain":0,"max_hp_loss":0,"event_name":"Liars Game","floor":2,"gold_loss":0,"cards_obtained":["Doubt"]},{"damage_healed":0,"gold_gain":0,"player_choice":"Leave","damage_taken":0,"max_hp_gain":0,"max_hp_loss":0,"event_name":"The Cleric","floor":5,"gold_loss":0},{"damage_healed":0,"gold_gain":0,"player_choice":"Fought Mushrooms","damage_taken":0,"max_hp_gain":0,"max_hp_loss":0,"event_name":"Mushrooms","floor":8,"gold_loss":0},{"damage_healed":0,"gold_gain":0,"player_choice":"Fled","damage_taken":0,"max_hp_gain":0,"max_hp_loss":0,"event_name":"Scrap Ooze","floor":12,"gold_loss":0},{"damage_healed":0,"gold_gain":100,"player_choice":"Pray","damage_taken":0,"max_hp_gain":0,"max_hp_loss":0,"event_name":"Golden Shrine","floor":13,"gold_loss":0}],"is_beta":false,"boss_relics":[],"items_purged_floors":[],"is_endless":false,"potions_floor_spawned":[1,6],"killed_by":"Hexaghost","ascension_level":7}