{"gold_per_floor":[117,134,134,134,150,150,175,125,125,50,50,50,70,70,70,167,167,185,110,120,20,33,33,58,58,83,83,98,98,98,118,118,222,222,242,242,256,50,63,63,97,97,124,124,140,140,154,164,164,164],"floor_reached":51,"playtime":4230,"items_purged":["Strike_R","Strike_R","Bash"],"score":720,"play_id":"b3577b6e-e081-4066-8ce3-87db5eeb0b90","local_time":"20181027091756","is_ascension_mode":false,"campfire_choices":[{"data":"Forethought","floor":12,"key":"SMITH"},{"data":"Rampage","floor":15,"key":"SMITH"},{"floor":23,"key":"REST"},{"floor":29,"key":"REST"},{"floor":32,"key":"REST"},{"floor":40,"key":"REST"},{"data":"Discovery","floor":44,"key":"SMITH"},{"floor":49,"key":"REST"}],"neow_cost":"NONE","seed_source_timestamp":160926906733900,"circlet_count":0,"master_deck":["Bash","Forethought+1","Shockwave","Rampage+1","Bloodletting","Pommel Strike","Headbutt","Reaper","Dual Wield","Blood for Blood","Blood for Blood","Fiend Fire","Dual Wield","Pommel Strike","Armaments","Warcry","Entrench","Discovery+1","Transmutation","Apotheosis","True Grit+1","Corruption","Berserk","Madness","Madness","Spot Weakness+1"],"relics":["Burning Blood","Question Card","Self Forming Clay","Meat on the Bone","Singing Bowl","Lizard Tail","PreservedInsect","Pen Nib","Dead Branch","CultistMask","Pandora\u0027s Box","Shuriken","Bronze Scales"],"potions_floor_usage":[7,16,22,31,33,39,41,41,45,50,50],"damage_taken":[{"damage":3,"enemies":"Jaw Worm","floor":1,"turns":4},{"damage":6,"enemies":"Cultist","floor":2,"turns":4},{"damage":0,"enemies":"2 Louse","floor":5,"turns":4},{"damage":43,"enemies":"3 Sentries","floor":7,"turns":7},{"damage":13,"enemies":"2 Fungi Beasts","floor":13,"turns":4},{"damage":25,"enemies":"Hexaghost","floor":16,"turns":11},{"damage":27,"enemies":"Spheric Guardian","floor":18,"turns":5},{"damage":39,"enemies":"3 Byrds","floor":20,"turns":8},{"damage":49,"enemies":"Snecko","floor":22,"turns":8},{"damage":43,"enemies":"Book of Stabbing","floor":24,"turns":6},{"damage":9,"enemies":"Snake Plant","floor":28,"turns":4},{"damage":55,"enemies":"Cultist and Chosen","floor":31,"turns":8},{"damage":80,"enemies":"Collector","floor":33,"turns":12},{"damage":28,"enemies":"3 Shapes","floor":35,"turns":4},{"damage":25,"enemies":"Orb Walker","floor":37,"turns":3},{"damage":33,"enemies":"4 Shapes","floor":39,"turns":4},{"damage":22,"enemies":"Giant Head","floor":41,"turns":6},{"damage":19,"enemies":"Writhing Mass","floor":45,"turns":3},{"damage":19,"enemies":"Spire Growth","floor":47,"turns":3},{"damage":32,"enemies":"Sphere and 2 Shapes","floor":48,"turns":5},{"damage":102,"enemies":"Donu and Deca","floor":50,"turns":6}],"seed_played":"3119239569439824390","potions_obtained":[{"floor":2,"key":"Fire Potion"},{"floor":13,"key":"Weak Potion"},{"floor":20,"key":"BloodPotion"},{"floor":24,"key":"Swift Potion"},{"floor":31,"key":"Fire Potion"},{"floor":33,"key":"Strength Potion"},{"floor":35,"key":"Regen Potion"},{"floor":39,"key":"Strength Potion"},{"floor":41,"key":"Fire Potion"},{"floor":47,"key":"Regen Potion"},{"floor":48,"key":"EssenceOfSteel"}],"is_trial":false,"path_per_floor":["M","M","?","?","M","?","E","?","T","$","$","R","M","T","R","B",null,"M","?","M","$","M","R","E","$","T","T","M","R","?","M","R","B",null,"M","?","M","$","M","R","E","$","T","R","M","?","M","M","R","B"],"character_chosen":"IRONCLAD","items_purchased":["Corruption"],"campfire_rested":5,"item_purchase_floors":[38],"current_hp_per_floor":[80,80,80,73,79,79,42,42,42,42,42,42,47,47,47,40,80,61,61,46,46,31,55,36,36,36,36,47,72,72,37,62,24,86,66,56,49,49,48,75,86,86,86,86,75,63,64,58,86,50],"gold":164,"neow_bonus":"RANDOM_COLORLESS","is_prod":false,"is_daily":false,"chose_seed":false,"campfire_upgraded":3,"win_rate":0,"timestamp":1540624676,"path_taken":["M","M","?","?","?","?","E","?","T","?","$","R","M","?","R","BOSS","M","?","M","$","?","R","E","$","T","?","M","R","?","M","R","BOSS","M","?","?","$","M","R","E","$","T","R","M","?","M","?","R","BOSS"],"build_version":"2018-10-18","purchased_purges":3,"victory":true,"max_hp_per_floor":[80,80,80,80,80,80,80,80,80,80,80,80,80,80,80,80,80,80,80,80,80,82,82,82,82,82,82,84,84,84,86,86,86,86,88,88,88,88,90,90,90,90,90,90,92,92,94,94,94,94],"card_choices":[{"not_picked":["Iron Wave","Havoc"],"picked":"Shockwave","floor":1},{"not_picked":["Shockwave","Warcry"],"picked":"Rampage","floor":2},{"not_picked":["Iron Wave","Body Slam"],"picked":"Pommel Strike","floor":5},{"not_picked":["Heavy Blade","Metallicize","Shockwave","Burning Pact"],"picked":"SKIP","floor":7},{"not_picked":["Bloodletting","Sword Boomerang","Pummel"],"picked":"Headbutt","floor":13},{"not_picked":["Berserk","Immolate","Offering"],"picked":"Reaper","floor":16},{"not_picked":["Armaments+1","True Grit","Havoc+1"],"picked":"Dual Wield","floor":18},{"not_picked":["Intimidate+1","Feel No Pain+1","Wild Strike+1"],"picked":"Blood for Blood","floor":20},{"not_picked":["Anger","True Grit","Armaments","Dark Embrace"],"picked":"Singing Bowl","floor":22},{"not_picked":["Reckless Charge","Shockwave+1","Carnage"],"picked":"Blood for Blood","floor":24},{"not_picked":["Fire Breathing","Cleave","Pommel Strike+1","Twin Strike+1"],"picked":"Singing Bowl","floor":28},{"not_picked":["Combust+1","Clash","Flex","Anger"],"picked":"Singing Bowl","floor":31},{"not_picked":["Double Tap","Brutality","Bludgeon"],"picked":"Fiend Fire","floor":33},{"not_picked":["Havoc","Pommel Strike","Clash+1","Wild Strike"],"picked":"Singing Bowl","floor":35},{"not_picked":["Finesse","Magnetism","Purity"],"picked":"Discovery","floor":36},{"not_picked":["Good Instincts","Impatience","Flash of Steel"],"picked":"Transmutation","floor":36},{"not_picked":["Transmutation","The Bomb","Flash of Steel"],"picked":"Apotheosis","floor":36},{"not_picked":["Warcry+1","Shrug It Off","Clothesline+1"],"picked":"True Grit+1","floor":37},{"not_picked":["Cleave","Flex","Heavy Blade","Twin Strike+1"],"picked":"Singing Bowl","floor":39},{"not_picked":["Warcry+1","Dual Wield+1","Flex+1"],"picked":"Berserk","floor":41},{"not_picked":["Dropkick+1","Flex+1","Heavy Blade+1","Entrench+1"],"picked":"Singing Bowl","floor":45},{"not_picked":["Power Through","Body Slam","Dropkick+1","Pommel Strike+1"],"picked":"Singing Bowl","floor":47},{"not_picked":["Twin Strike","Clothesline+1","Flex+1"],"picked":"Spot Weakness+1","floor":48}],"player_experience":768034,"relics_obtained":[{"floor":7,"key":"Self Forming Clay"},{"floor":9,"key":"Meat on the Bone"},{"floor":14,"key":"Singing Bowl"},{"floor":24,"key":"PreservedInsect"},{"floor":26,"key":"Pen Nib"},{"floor":27,"key":"Dead Branch"},{"floor":41,"key":"Shuriken"},{"floor":43,"key":"Bronze Scales"}],"event_choices":[{"damage_healed":0,"gold_gain":0,"player_choice":"2 cards matched","damage_taken":0,"max_hp_gain":0,"max_hp_loss":0,"event_name":"Match and Keep!","floor":3,"gold_loss":0,"cards_obtained":["Bash","Bloodletting"]},{"cards_removed":["Strike_R"],"damage_healed":0,"gold_gain":0,"player_choice":"Card Removal","damage_taken":7,"max_hp_gain":0,"max_hp_loss":0,"event_name":"Golden Wing","floor":4,"gold_loss":0},{"damage_healed":0,"gold_gain":0,"player_choice":"Box","damage_taken":0,"relics_obtained":["Question Card"],"max_hp_gain":0,"max_hp_loss":0,"event_name":"Big Fish","floor":6,"gold_loss":0,"cards_obtained":["Regret"]},{"cards_removed":["Regret"],"damage_healed":0,"gold_gain":0,"player_choice":"Card Removal","damage_taken":0,"max_hp_gain":0,"max_hp_loss":0,"event_name":"The Cleric","floor":8,"gold_loss":50},{"cards_removed":["Strike_R"],"damage_healed":0,"gold_gain":0,"player_choice":"Gave Gold","damage_taken":0,"max_hp_gain":0,"max_hp_loss":0,"event_name":"Beggar","floor":19,"gold_loss":75},{"damage_healed":0,"gold_gain":0,"player_choice":"Trade","damage_taken":0,"relics_obtained":["CultistMask"],"max_hp_gain":0,"max_hp_loss":0,"event_name":"FaceTrader","floor":30,"gold_loss":0},{"damage_healed":0,"gold_gain":0,"player_choice":"Memory 3","damage_taken":10,"max_hp_gain":0,"max_hp_loss":0,"event_name":"SensoryStone","floor":36,"gold_loss":0},{"damage_healed":0,"gold_gain":0,"player_choice":"Embrace Madness","damage_taken":12,"max_hp_gain":0,"max_hp_loss":0,"event_name":"Winding Halls","floor":46,"gold_loss":0,"cards_obtained":["Madness","Madness"]}],"is_beta":false,"boss_relics":[{"not_picked":["Philosopher\u0027s Stone","Runic Cube"],"picked":"Lizard Tail"},{"not_picked":["Runic Dome","Tiny House"],"picked":"Pandora\u0027s Box"}],"items_purged_floors":[10,21,38],"is_endless":false,"potions_floor_spawned":[2,13,20,24,31,33,35,39,41,47,48],"ascension_level":0}