{"gold_per_floor":[117,133,147,247,29,60,60,60,60,90,109,120,146,163,163,163],"floor_reached":16,"playtime":679,"items_purged":[],"score":140,"play_id":"334a6204-24b2-4813-ae67-395de2586c12","local_time":"20190405232142","is_ascension_mode":true,"campfire_choices":[{"data":"Backstab","floor":8,"key":"SMITH"},{"floor":15,"key":"REST"}],"neow_cost":"NONE","seed_source_timestamp":441187458774900,"circlet_count":0,"master_deck":["Defend_G","Defend_G","Defend_G","Defend_G","Defend_G","Strike_G","Strike_G","Strike_G","Strike_G","Strike_G","Survivor","Neutralize","Flying Knee","Footwork","Backstab","Skewer","Backstab+1","Slice","Deadly Poison","Deflect"],"relics":["Ring of the Snake","NeowsBlessing","Anchor","Letter Opener","Art of War","Lantern","Bag of Marbles"],"potions_floor_usage":[13,16],"damage_taken":[{"damage":0,"enemies":"Cultist","floor":1,"turns":1},{"damage":0,"enemies":"2 Louse","floor":2,"turns":1},{"damage":0,"enemies":"Jaw Worm","floor":3,"turns":1},{"damage":15,"enemies":"Lagavulin","floor":6,"turns":8},{"damage":18,"enemies":"3 Sentries","floor":10,"turns":10},{"damage":0,"enemies":"Exordium Thugs","floor":11,"turns":4},{"damage":0,"enemies":"Lots of Slimes","floor":12,"turns":2},{"damage":25,"enemies":"Lagavulin","floor":13,"turns":6},{"damage":0,"enemies":"Large Slime","floor":14,"turns":1},{"damage":33,"enemies":"Slime Boss","floor":16,"turns":8}],"seed_played":"-8127263177467554106","potions_obtained":[{"floor":2,"key":"SteroidPotion"},{"floor":3,"key":"LiquidBronze"},{"floor":12,"key":"Block Potion"},{"floor":14,"key":"Block Potion"}],"is_trial":false,"path_per_floor":["M","M","M","?","$","E","$","R","T","E","M","M","E","M","R","B"],"character_chosen":"THE_SILENT","items_purchased":["Anchor","Skewer"],"campfire_rested":1,"item_purchase_floors":[5,5],"current_hp_per_floor":[70,70,70,70,70,55,55,55,55,37,37,37,12,12,33,0],"gold":163,"neow_bonus":"THREE_ENEMY_KILL","is_prod":false,"is_daily":false,"chose_seed":false,"campfire_upgraded":1,"win_rate":0,"timestamp":1554531702,"path_taken":["M","?","M","?","$","E","?","R","T","E","?","M","E","M","R","BOSS"],"build_version":"2019-01-23","purchased_purges":0,"victory":false,"max_hp_per_floor":[70,70,70,70,70,70,70,70,70,70,70,70,70,70,70,70],"card_choices":[{"not_picked":["Poisoned Stab","Terror"],"picked":"Flying Knee","floor":1},{"not_picked":["Blade Dance","Blur"],"picked":"Footwork","floor":2},{"not_picked":["Poisoned Stab","Slice"],"picked":"Backstab","floor":3},{"not_picked":["Dodge and Roll","Storm of Steel"],"picked":"Backstab","floor":6},{"not_picked":["Flying Knee","Terror","Catalyst"],"picked":"SKIP","floor":10},{"not_picked":["Backflip","Sucker Punch"],"picked":"Slice","floor":11},{"not_picked":["Slice","Flechettes","Poisoned Stab"],"picked":"SKIP","floor":12},{"not_picked":["Expertise","Dagger Throw"],"picked":"Deadly Poison","floor":13},{"not_picked":["Terror","Burst"],"picked":"Deflect","floor":14}],"player_experience":290578,"relics_obtained":[{"floor":6,"key":"Letter Opener"},{"floor":9,"key":"Art of War"},{"floor":10,"key":"Lantern"},{"floor":13,"key":"Bag of Marbles"}],"event_choices":[{"damage_healed":0,"gold_gain":100,"player_choice":"Pray","damage_taken":0,"max_hp_gain":0,"max_hp_loss":0,"event_name":"Golden Shrine","floor":4,"gold_loss":0}],"is_beta":false,"boss_relics":[],"items_purged_floors":[],"is_endless":false,"potions_floor_spawned":[2,3,12,14],"killed_by":"Slime Boss","ascension_level":3}