{"gold_per_floor":[109,109,120,120,45,102,102,128,128,147,180,226,226,236,236,331,331,347,97,113,126,225,225,425,441,441,451,471,211,211,228,228,324,324,343,343,361,361,10,10],"floor_reached":40,"playtime":1850,"items_purged":["Pain"],"score":674,"play_id":"ef87274d-84f6-4f67-9f3c-3b79ef959ef4","local_time":"20190505013917","is_ascension_mode":true,"campfire_choices":[{"data":"Capacitor","floor":7,"key":"SMITH"},{"floor":13,"key":"REST"},{"floor":15,"key":"REST"},{"floor":23,"key":"REST"},{"floor":30,"key":"REST"},{"floor":32,"key":"REST"}],"neow_cost":"NONE","seed_source_timestamp":102963547336900,"circlet_count":0,"master_deck":["AscendersBane","Strike_B","Strike_B","Strike_B","Defend_B","Defend_B","Defend_B","Defend_B","Zap","Dualcast","Consume","Capacitor+1","Turbo","Sunder","Chaos","Chaos","Chaos","Multi-Cast","Echo Form","Fission","Madness","Madness","Capacitor"],"relics":["FrozenCore","NeowsBlessing","WarpedTongs","Lantern","Tiny Chest","Odd Mushroom","Happy Flower","Pear","Centennial Puzzle","Fusion Hammer","Symbiotic Virus","Mummified Hand","Meat on the Bone","Emotion Chip"],"potions_floor_usage":[8,16,21,25,27,28,31,40],"damage_taken":[{"damage":0,"enemies":"Small Slimes","floor":1,"turns":1},{"damage":0,"enemies":"Cultist","floor":3,"turns":1},{"damage":0,"enemies":"Gremlin Nob","floor":6,"turns":1},{"damage":16,"enemies":"The Mushroom Lair","floor":8,"turns":5},{"damage":1,"enemies":"2 Louse","floor":10,"turns":3},{"damage":15,"enemies":"3 Sentries","floor":11,"turns":7},{"damage":20,"enemies":"Large Slime","floor":14,"turns":5},{"damage":10,"enemies":"The Guardian","floor":16,"turns":8},{"damage":3,"enemies":"Spheric Guardian","floor":18,"turns":3},{"damage":29,"enemies":"2 Thieves","floor":20,"turns":3},{"damage":24,"enemies":"Cultist and Chosen","floor":21,"turns":5},{"damage":11,"enemies":"Snecko","floor":25,"turns":5},{"damage":4,"enemies":"Snake Plant","floor":27,"turns":2},{"damage":12,"enemies":"Cultist and Chosen","floor":28,"turns":4},{"damage":5,"enemies":"Snecko","floor":31,"turns":3},{"damage":69,"enemies":"Champ","floor":33,"turns":8},{"damage":49,"enemies":"3 Darklings","floor":35,"turns":8},{"damage":5,"enemies":"3 Shapes","floor":37,"turns":7},{"damage":37,"enemies":"Nemesis","floor":40,"turns":3}],"seed_played":"-6435897859016065640","potions_obtained":[{"floor":3,"key":"Weak Potion"},{"floor":10,"key":"Poison Potion"},{"floor":11,"key":"Regen Potion"},{"floor":20,"key":"Dexterity Potion"},{"floor":21,"key":"Block Potion"},{"floor":25,"key":"FearPotion"},{"floor":27,"key":"GamblersBrew"},{"floor":37,"key":"Dexterity Potion"}],"is_trial":false,"path_per_floor":["M","?","M","?","$","E","R","?","T","M","E","T","R","M","R","B",null,"M","$","M","M","?","R","?","M","T","M","M","$","R","M","R","B",null,"M","?","M","?","$","E"],"character_chosen":"DEFECT","items_purchased":["Symbiotic Virus","Meat on the Bone","Emotion Chip","Capacitor"],"campfire_rested":5,"item_purchase_floors":[19,29,39,39],"current_hp_per_floor":[68,68,68,61,61,61,61,45,45,44,39,39,64,44,69,59,79,76,76,47,37,37,62,62,51,51,47,35,35,60,55,80,23,70,33,33,40,29,29,0],"gold":10,"neow_bonus":"THREE_ENEMY_KILL","is_prod":false,"is_daily":false,"chose_seed":false,"campfire_upgraded":1,"win_rate":0,"timestamp":1557013157,"path_taken":["M","?","?","?","$","E","R","?","T","M","E","?","R","M","R","BOSS","M","$","M","M","?","R","?","M","T","?","?","?","R","M","R","BOSS","M","?","M","?","$","E"],"build_version":"2019-01-23","purchased_purges":1,"victory":false,"max_hp_per_floor":[75,75,75,75,75,75,75,75,75,75,85,85,85,85,85,85,85,85,85,85,85,85,85,85,85,85,85,85,85,85,85,85,85,85,85,85,85,85,85,85],"card_choices":[{"not_picked":["Beam Cell","Turbo"],"picked":"Consume","floor":1},{"not_picked":["Consume","Compile Driver"],"picked":"Capacitor","floor":3},{"not_picked":["Stack","Beam Cell"],"picked":"Turbo","floor":6},{"not_picked":["Doom and Gloom","FTL"],"picked":"Sunder","floor":8},{"not_picked":["Redo","Steam"],"picked":"Chaos","floor":10},{"not_picked":["Reinforced Body","Genetic Algorithm"],"picked":"Chaos","floor":11},{"not_picked":["Barrage","Streamline"],"picked":"Chaos","floor":14},{"not_picked":["Machine Learning","Reboot"],"picked":"Multi-Cast","floor":16},{"not_picked":["Genetic Algorithm","Stack+1","Leap"],"picked":"SKIP","floor":18},{"not_picked":["Cold Snap+1","Scrape+1","Blizzard"],"picked":"SKIP","floor":20},{"not_picked":["Sweeping Beam+1","Gash","Melter"],"picked":"SKIP","floor":21},{"not_picked":["Turbo","Ball Lightning","Rebound"],"picked":"SKIP","floor":25},{"not_picked":["Stack","Compile Driver","Ball Lightning"],"picked":"SKIP","floor":27},{"not_picked":["Conserve Battery","Undo"],"picked":"Echo Form","floor":28},{"not_picked":["Streamline","Go for the Eyes","Gash"],"picked":"SKIP","floor":31},{"not_picked":["Amplify","Biased Cognition"],"picked":"Fission","floor":33},{"not_picked":["Hello World","Sweeping Beam","Barrage"],"picked":"SKIP","floor":35},{"not_picked":["Turbo","Stack","Cold Snap"],"picked":"SKIP","floor":37}],"player_experience":1805789,"relics_obtained":[{"floor":6,"key":"Tiny Chest"},{"floor":8,"key":"Odd Mushroom"},{"floor":9,"key":"Happy Flower"},{"floor":11,"key":"Pear"},{"floor":12,"key":"Centennial Puzzle"},{"floor":26,"key":"Mummified Hand"}],"event_choices":[{"damage_healed":0,"gold_gain":0,"player_choice":"Rummage","damage_taken":0,"relics_obtained":["WarpedTongs"],"max_hp_gain":0,"max_hp_loss":0,"event_name":"Accursed Blacksmith","floor":2,"gold_loss":0,"cards_obtained":["Pain"]},{"damage_healed":0,"gold_gain":0,"player_choice":"Success","damage_taken":7,"relics_obtained":["Lantern"],"max_hp_gain":0,"max_hp_loss":0,"event_name":"Scrap Ooze","floor":4,"gold_loss":0},{"damage_healed":0,"gold_gain":0,"player_choice":"Fought Mushrooms","damage_taken":0,"max_hp_gain":0,"max_hp_loss":0,"event_name":"Mushrooms","floor":8,"gold_loss":0},{"damage_healed":0,"gold_gain":99,"player_choice":"Stole From Cult","damage_taken":0,"max_hp_gain":0,"max_hp_loss":0,"event_name":"Nest","floor":22,"gold_loss":0},{"damage_healed":0,"gold_gain":250,"player_choice":"Bet on Owner","damage_taken":0,"max_hp_gain":0,"max_hp_loss":0,"event_name":"The Joust","floor":24,"gold_loss":50},{"cards_removed":["Strike_B"],"damage_healed":0,"gold_gain":0,"player_choice":"Removed Attack","damage_taken":0,"max_hp_gain":0,"max_hp_loss":0,"event_name":"Falling","floor":36,"gold_loss":0},{"damage_healed":0,"gold_gain":0,"player_choice":"Embrace Madness","damage_taken":11,"max_hp_gain":0,"max_hp_loss":0,"event_name":"Winding Halls","floor":38,"gold_loss":0,"cards_obtained":["Madness","Madness"]}],"is_beta":false,"boss_relics":[{"not_picked":["Busted Crown","Tiny House"],"picked":"Fusion Hammer"},{"not_picked":["Coffee Dripper","Runic Pyramid"],"picked":"FrozenCore"}],"items_purged_floors":[5],"is_endless":false,"potions_floor_spawned":[3,10,11,14,20,21,25,27,37],"killed_by":"Nemesis","ascension_level":12}