{"gold_per_floor":[112,112,131,131,141,141,171,182,182,457,457,490,490,505,505,579,579,590,590,590,31,49,77,77,104,129,155,167,11,110,25,25,25],"floor_reached":33,"playtime":1488,"items_purged":["Regret"],"score":520,"play_id":"01392803-e894-4a73-85b8-c2e13dede2fd","local_time":"20190510220643","is_ascension_mode":true,"campfire_choices":[{"data":"Double Tap","floor":6,"key":"SMITH"},{"floor":11,"key":"REST"},{"floor":13,"key":"REST"},{"floor":15,"key":"REST"},{"floor":24,"key":"REST"},{"floor":28,"key":"REST"},{"data":"Rage","floor":32,"key":"SMITH"}],"neow_cost":"NONE","seed_source_timestamp":269752227607499,"circlet_count":0,"master_deck":["AscendersBane","Defend_R","Defend_R","Defend_R","Defend_R","Bash","Double Tap+1","Pommel Strike","Rage+1","Spot Weakness","Pommel Strike","Headbutt","Battle Trance","Impervious","Immolate","Anger","Bite","Bite","Bite","Bite","Bite","Sadistic Nature","Mayhem"],"relics":["Burning Blood","Juzu Bracelet","Red Skull","Self Forming Clay","Busted Crown","MutagenicStrength","Thread and Needle","Oddly Smooth Stone","Boot","MawBank","Gremlin Horn"],"potions_floor_usage":[7,8,16,16,25],"damage_taken":[{"damage":3,"enemies":"2 Louse","floor":1,"turns":4},{"damage":1,"enemies":"Cultist","floor":3,"turns":3},{"damage":5,"enemies":"Small Slimes","floor":5,"turns":3},{"damage":31,"enemies":"3 Sentries","floor":7,"turns":9},{"damage":7,"enemies":"Gremlin Gang","floor":8,"turns":6},{"damage":55,"enemies":"Lagavulin","floor":12,"turns":6},{"damage":26,"enemies":"Large Slime","floor":14,"turns":5},{"damage":44,"enemies":"The Guardian","floor":16,"turns":10},{"damage":5,"enemies":"3 Byrds","floor":18,"turns":5},{"damage":3,"enemies":"Chosen","floor":22,"turns":3},{"damage":28,"enemies":"Gremlin Leader","floor":23,"turns":7},{"damage":28,"enemies":"Slavers","floor":25,"turns":4},{"damage":11,"enemies":"Snecko","floor":27,"turns":4},{"damage":68,"enemies":"Champ","floor":33,"turns":10}],"seed_played":"-121837098373390855","potions_obtained":[{"floor":5,"key":"AttackPotion"},{"floor":7,"key":"GamblersBrew"},{"floor":8,"key":"LiquidBronze"},{"floor":12,"key":"GamblersBrew"},{"floor":23,"key":"Block Potion"}],"is_trial":false,"path_per_floor":["M","?","M","$","M","R","E","M","T","?","R","E","R","M","R","B",null,"M","?","?","$","M","E","R","E","T","M","R","$","?","?","R","B"],"character_chosen":"IRONCLAD","items_purchased":["Sadistic Nature","Thread and Needle","Mayhem"],"campfire_rested":5,"item_purchase_floors":[21,21,29],"current_hp_per_floor":[71,71,75,75,75,75,50,49,49,49,71,22,44,24,46,8,58,59,52,52,52,52,35,50,40,40,43,52,52,52,52,52,0],"gold":25,"neow_bonus":"ONE_RANDOM_RARE_CARD","is_prod":false,"is_daily":false,"chose_seed":false,"campfire_upgraded":2,"win_rate":0,"timestamp":1557518803,"path_taken":["M","?","M","$","?","R","E","M","T","?","R","E","R","M","R","BOSS","M","?","?","$","M","E","R","E","T","M","R","$","?","?","R","BOSS"],"build_version":"2019-01-23","purchased_purges":1,"victory":false,"max_hp_per_floor":[75,75,75,75,75,75,75,75,75,75,75,75,75,75,75,75,75,75,52,52,52,52,52,52,52,52,52,52,52,52,52,52,52],"card_choices":[{"not_picked":["Havoc","Sword Boomerang"],"picked":"Pommel Strike","floor":1},{"not_picked":["Flex","Dual Wield"],"picked":"Rage","floor":3},{"not_picked":["Warcry","Sword Boomerang"],"picked":"Spot Weakness","floor":5},{"not_picked":["Clash","Blood for Blood"],"picked":"Pommel Strike","floor":7},{"not_picked":["True Grit","Feel No Pain"],"picked":"Headbutt","floor":8},{"not_picked":["Shrug It Off","Twin Strike"],"picked":"Battle Trance","floor":12},{"not_picked":["Warcry","Blood for Blood"],"picked":"Impervious","floor":14},{"not_picked":["Offering","Brutality"],"picked":"Immolate","floor":16},{"not_picked":[],"picked":"Anger","floor":18},{"not_picked":["Iron Wave"],"picked":"SKIP","floor":22},{"not_picked":["Rupture"],"picked":"SKIP","floor":23},{"not_picked":["Clash"],"picked":"SKIP","floor":25},{"not_picked":["Clash"],"picked":"SKIP","floor":27}],"player_experience":1836992,"relics_obtained":[{"floor":7,"key":"Juzu Bracelet"},{"floor":9,"key":"Red Skull"},{"floor":12,"key":"Self Forming Clay"},{"floor":23,"key":"Oddly Smooth Stone"},{"floor":25,"key":"Boot"},{"floor":26,"key":"MawBank"}],"event_choices":[{"cards_removed":["Strike_R"],"damage_healed":0,"gold_gain":0,"player_choice":"Offered Basic","damage_taken":0,"max_hp_gain":0,"max_hp_loss":0,"event_name":"Bonfire Elementals","floor":2,"gold_loss":0},{"damage_healed":0,"gold_gain":275,"player_choice":"Desecrate","damage_taken":0,"max_hp_gain":0,"max_hp_loss":0,"event_name":"Golden Shrine","floor":10,"gold_loss":0,"cards_obtained":["Regret"]},{"damage_healed":0,"gold_gain":0,"player_choice":"Became a vampire","damage_taken":0,"max_hp_gain":0,"max_hp_loss":23,"event_name":"Vampires","floor":19,"gold_loss":0,"cards_obtained":["Bite","Bite","Bite","Bite","Bite"]},{"damage_healed":0,"gold_gain":0,"player_choice":"Inject Mutagens","damage_taken":0,"relics_obtained":["MutagenicStrength"],"max_hp_gain":0,"max_hp_loss":0,"event_name":"Drug Dealer","floor":20,"gold_loss":0},{"damage_healed":0,"gold_gain":99,"player_choice":"Stole From Cult","damage_taken":0,"max_hp_gain":0,"max_hp_loss":0,"event_name":"Nest","floor":30,"gold_loss":0},{"damage_healed":0,"gold_gain":0,"player_choice":"Obtained Relic","damage_taken":0,"relics_obtained":["Gremlin Horn"],"max_hp_gain":0,"max_hp_loss":0,"event_name":"Addict","floor":31,"gold_loss":85}],"is_beta":false,"boss_relics":[{"not_picked":["Philosopher\u0027s Stone","Coffee Dripper"],"picked":"Busted Crown"}],"items_purged_floors":[21],"is_endless":false,"potions_floor_spawned":[5,7,8,12,23],"killed_by":"Champ","ascension_level":14}