{"gold_per_floor":[119,194,213,213,223,255,255,288,288,288,301,301,312,339,339,441,441,458,476,476,235,48,80,97,107,161,161,161],"floor_reached":28,"playtime":12698,"items_purged":["Strike_B"],"score":310,"play_id":"7681155b-fd0b-4ca5-ba19-c3c447e006c5","local_time":"20181230171816","is_ascension_mode":true,"campfire_choices":[{"floor":7,"key":"REST"},{"floor":10,"key":"REST"},{"data":"Buffer","floor":12,"key":"SMITH"},{"floor":15,"key":"REST"},{"floor":27,"key":"REST"}],"neow_cost":"NONE","seed_source_timestamp":260808841775449,"circlet_count":0,"master_deck":["Strike_B","Strike_B","Strike_B","Defend_B","Defend_B","Defend_B","Defend_B","Zap","Dualcast","Recycle","Sweeping Beam","Sunder","Buffer+1","Recycle","Melter+1","Skim","Barrage+1","Machine Learning+1","Turbo","Stack","Steam Power","Tempest","Conserve Battery","Seek","Sweeping Beam+1","Violence","Transmutation","Sweeping Beam+1","Streamline+1","Hologram"],"relics":["Sozu","Kunai","Lantern","Molten Egg 2","Pear","Sundial","Orrery","Blood Vial"],"potions_floor_usage":[],"damage_taken":[{"damage":6,"enemies":"Cultist","floor":1,"turns":4},{"damage":7,"enemies":"Jaw Worm","floor":3,"turns":3},{"damage":2,"enemies":"Small Slimes","floor":5,"turns":4},{"damage":31,"enemies":"Lagavulin","floor":6,"turns":7},{"damage":17,"enemies":"3 Sentries","floor":8,"turns":6},{"damage":18,"enemies":"Exordium Wildlife","floor":11,"turns":6},{"damage":2,"enemies":"Red Slaver","floor":13,"turns":4},{"damage":15,"enemies":"Lagavulin","floor":14,"turns":6},{"damage":40,"enemies":"Slime Boss","floor":16,"turns":12},{"damage":10,"enemies":"Chosen","floor":18,"turns":5},{"damage":0,"enemies":"Spheric Guardian","floor":19,"turns":2},{"damage":25,"enemies":"Gremlin Leader","floor":23,"turns":6},{"damage":47,"enemies":"Shelled Parasite and Fungi","floor":24,"turns":6},{"damage":0,"enemies":"Centurion and Healer","floor":25,"turns":4},{"damage":41,"enemies":"Snake Plant","floor":28,"turns":5}],"seed_played":"-1823054996099729268","potions_obtained":[],"is_trial":false,"path_per_floor":["M","?","M","?","M","E","R","E","T","R","M","R","M","E","R","B",null,"M","M","?","$","$","E","M","M","T","R","M"],"character_chosen":"DEFECT","items_purchased":["Violence","Transmutation"],"campfire_rested":4,"item_purchase_floors":[21,22],"current_hp_per_floor":[69,58,51,48,46,15,37,20,30,55,37,37,35,20,45,5,85,75,75,75,75,75,50,5,7,7,32,0],"gold":161,"neow_bonus":"BOSS_RELIC","is_prod":false,"is_daily":false,"chose_seed":false,"campfire_upgraded":1,"win_rate":0,"timestamp":1546219096,"path_taken":["M","?","M","?","M","E","R","E","T","R","M","R","M","E","R","BOSS","M","M","?","?","$","E","M","M","T","R","M"],"build_version":"2018-12-20","purchased_purges":1,"victory":false,"max_hp_per_floor":[75,75,75,75,75,75,75,75,85,85,85,85,85,85,85,85,85,85,85,85,85,85,85,85,85,85,85,85],"card_choices":[{"not_picked":["Leap","Gash"],"picked":"Recycle","floor":1},{"not_picked":["Chill","Tempest"],"picked":"Sweeping Beam","floor":3},{"not_picked":["Turbo","Rebound"],"picked":"Sunder","floor":5},{"not_picked":["Gash","Darkness"],"picked":"Buffer","floor":6},{"not_picked":["Compile Driver","Stack"],"picked":"Recycle","floor":8},{"not_picked":["Ball Lightning+1","Reprogram"],"picked":"Melter+1","floor":11},{"not_picked":["Conserve Battery","Compile Driver+1"],"picked":"Skim","floor":13},{"not_picked":["Self Repair","Ball Lightning+1"],"picked":"Barrage+1","floor":14},{"not_picked":["Amplify","Multi-Cast"],"picked":"Machine Learning","floor":16},{"not_picked":["Beam Cell+1","Auto Shields"],"picked":"Turbo","floor":17},{"not_picked":["Defragment","Ball Lightning+1"],"picked":"Stack","floor":17},{"not_picked":["Darkness","Beam Cell+1"],"picked":"Steam Power","floor":17},{"not_picked":["Stack","Beam Cell+1"],"picked":"Tempest","floor":17},{"not_picked":["Self Repair","Reprogram"],"picked":"Conserve Battery","floor":17},{"not_picked":["Cold Snap+1","Skim"],"picked":"Seek","floor":18},{"not_picked":["Ball Lightning+1","Capacitor"],"picked":"Sweeping Beam+1","floor":19},{"not_picked":["Coolheaded","Genetic Algorithm"],"picked":"Sweeping Beam+1","floor":23},{"not_picked":["Stack","Leap"],"picked":"Streamline+1","floor":24},{"not_picked":["Compile Driver+1","Aggregate"],"picked":"Hologram","floor":25}],"player_experience":251094,"relics_obtained":[{"floor":6,"key":"Lantern"},{"floor":8,"key":"Molten Egg 2"},{"floor":9,"key":"Pear"},{"floor":14,"key":"Sundial"},{"floor":23,"key":"Blood Vial"}],"event_choices":[{"damage_healed":0,"gold_gain":75,"player_choice":"Gather Gold","damage_taken":11,"max_hp_gain":0,"max_hp_loss":0,"event_name":"World of Goop","floor":2,"gold_loss":0},{"damage_healed":0,"gold_gain":0,"player_choice":"Success","damage_taken":3,"relics_obtained":["Kunai"],"max_hp_gain":0,"max_hp_loss":0,"event_name":"Scrap Ooze","floor":4,"gold_loss":0},{"damage_healed":0,"gold_gain":0,"player_choice":"Upgraded","damage_taken":0,"max_hp_gain":0,"max_hp_loss":0,"event_name":"Upgrade Shrine","floor":20,"gold_loss":0,"cards_upgraded":["Machine Learning"]}],"is_beta":false,"boss_relics":[{"not_picked":["White Beast Statue","Empty Cage"],"picked":"Orrery"}],"items_purged_floors":[21],"is_endless":false,"potions_floor_spawned":[6,13,16,18,25],"killed_by":"Snake Plant","ascension_level":4}