{"gold_per_floor":[112,112,125,75,87,115,115,127,127,153,153,36,52,3,3,102,102,102,102,121,121,140,140,169,179,179,179,52,65,79,106,106,202,202,216,234,248,248,248,263,263,263,263,98,98,98],"floor_reached":46,"playtime":2824,"items_purged":["Regret"],"score":494,"play_id":"853bef55-6450-49cd-94e5-0701002feef4","local_time":"20181122220203","is_ascension_mode":true,"campfire_choices":[{"floor":7,"key":"REST"},{"floor":15,"key":"REST"},{"floor":23,"key":"REST"},{"floor":27,"key":"REST"},{"floor":32,"key":"REST"},{"data":"Burst","floor":42,"key":"SMITH"},{"floor":45,"key":"DIG"}],"neow_cost":"NONE","seed_source_timestamp":703906532150900,"circlet_count":0,"master_deck":["Defend_G","Defend_G","Defend_G","Defend_G","Strike_G","Strike_G","Strike_G","Survivor","Neutralize","Well Laid Plans","Glass Knife","PiercingWail","Skewer","Malaise","Bouncing Flask","Madness","Deadly Poison","Catalyst","PiercingWail","Burst+1","RitualDagger","Calculated Gamble+1","Bane","Die Die Die","Outmaneuver+1","Doubt","Transmutation"],"relics":["Ring of the Snake","Kunai","Ginger","Unceasing Top","Ornamental Fan","Busted Crown","The Specimen","Singing Bowl","Blood Vial","Sozu","Shovel","Centennial Puzzle"],"potions_floor_usage":[6,16,18,20,20,22,24,25,29,31,31],"damage_taken":[{"damage":0,"enemies":"Cultist","floor":1,"turns":4},{"damage":0,"enemies":"Small Slimes","floor":3,"turns":3},{"damage":0,"enemies":"2 Louse","floor":5,"turns":2},{"damage":24,"enemies":"Lagavulin","floor":6,"turns":6},{"damage":0,"enemies":"Blue Slaver","floor":8,"turns":4},{"damage":18,"enemies":"Gremlin Nob","floor":10,"turns":5},{"damage":9,"enemies":"Looter","floor":13,"turns":3},{"damage":16,"enemies":"The Guardian","floor":16,"turns":7},{"damage":0,"enemies":"3 Byrds","floor":18,"turns":2},{"damage":26,"enemies":"Spheric Guardian","floor":20,"turns":5},{"damage":22,"enemies":"Chosen and Byrds","floor":22,"turns":7},{"damage":13,"enemies":"Book of Stabbing","floor":24,"turns":5},{"damage":9,"enemies":"3 Cultists","floor":25,"turns":4},{"damage":2,"enemies":"Cultist and Chosen","floor":29,"turns":6},{"damage":0,"enemies":"Snecko","floor":30,"turns":4},{"damage":32,"enemies":"Slavers","floor":31,"turns":8},{"damage":44,"enemies":"Champ","floor":33,"turns":15},{"damage":11,"enemies":"3 Shapes","floor":35,"turns":6},{"damage":24,"enemies":"3 Darklings","floor":36,"turns":7},{"damage":4,"enemies":"4 Shapes","floor":37,"turns":6},{"damage":18,"enemies":"Sphere and 2 Shapes","floor":40,"turns":6},{"damage":94,"enemies":"2 Orb Walkers","floor":46,"turns":5}],"seed_played":"-5940223079541149235","potions_obtained":[{"floor":0,"key":"SteroidPotion"},{"floor":0,"key":"EntropicBrew"},{"floor":0,"key":"SmokeBomb"},{"floor":8,"key":"GamblersBrew"},{"floor":21,"key":"LiquidBronze"},{"floor":22,"key":"SkillPotion"},{"floor":24,"key":"FearPotion"},{"floor":30,"key":"Dexterity Potion"}],"is_trial":false,"path_per_floor":["M","?","M","?","M","E","R","M","T","E","?","$","M","$","R","B",null,"M","?","M","?","M","R","E","M","T","R","$","M","M","E","R","B",null,"M","M","M","?","?","M","?","R","T","$","R","?"],"character_chosen":"THE_SILENT","items_purchased":["Madness","Deadly Poison","PiercingWail","PowerPotion","Transmutation"],"campfire_rested":5,"item_purchase_floors":[12,12,14,28,44],"current_hp_per_floor":[70,70,70,70,70,46,67,67,67,49,49,49,40,40,61,45,70,70,64,38,38,16,37,24,15,15,36,36,36,38,8,30,7,76,67,45,45,45,45,31,82,82,82,82,82,0],"gold":98,"neow_bonus":"THREE_SMALL_POTIONS","is_prod":false,"is_daily":false,"chose_seed":false,"campfire_upgraded":1,"win_rate":0,"timestamp":1542920523,"path_taken":["M","?","?","?","M","E","R","M","T","E","?","$","M","?","R","BOSS","M","?","M","?","M","R","E","M","T","R","$","M","M","E","R","BOSS","M","M","?","?","?","M","?","R","T","$","R","?"],"build_version":"2018-11-15","purchased_purges":1,"victory":false,"max_hp_per_floor":[70,70,70,70,70,70,70,70,70,70,70,70,70,70,70,70,70,70,70,70,70,70,70,70,70,70,70,70,72,74,76,76,76,76,78,78,80,80,80,82,82,82,82,82,82,82],"card_choices":[{"not_picked":["All Out Attack","Backflip"],"picked":"Well Laid Plans","floor":1},{"not_picked":["Underhanded Strike","Expertise","Dagger Throw"],"picked":"SKIP","floor":3},{"not_picked":["Poisoned Stab","Setup"],"picked":"PiercingWail","floor":5},{"not_picked":["Dagger Spray","Dagger Throw"],"picked":"Skewer","floor":6},{"not_picked":["Outmaneuver","Calculated Gamble"],"picked":"Malaise","floor":8},{"not_picked":["Choke","Prepared"],"picked":"Bouncing Flask","floor":10},{"not_picked":["Poisoned Stab","Deflect"],"picked":"Catalyst","floor":13},{"not_picked":["Die Die Die","Bullet Time"],"picked":"Burst","floor":16},{"not_picked":[],"picked":"Calculated Gamble+1","floor":20},{"not_picked":["Acrobatics"],"picked":"SKIP","floor":22},{"not_picked":[],"picked":"Bane","floor":24},{"not_picked":["Accuracy"],"picked":"SKIP","floor":25},{"not_picked":["Backflip"],"picked":"Singing Bowl","floor":29},{"not_picked":["Dagger Throw"],"picked":"Singing Bowl","floor":30},{"not_picked":["Escape Plan"],"picked":"Singing Bowl","floor":31},{"not_picked":[],"picked":"Die Die Die","floor":33},{"not_picked":["Footwork+1"],"picked":"Singing Bowl","floor":35},{"not_picked":[],"picked":"Outmaneuver+1","floor":36},{"not_picked":["Cloak And Dagger"],"picked":"Singing Bowl","floor":37},{"not_picked":["Dodge and Roll+1"],"picked":"Singing Bowl","floor":40}],"player_experience":1018158,"relics_obtained":[{"floor":6,"key":"Kunai"},{"floor":9,"key":"Ginger"},{"floor":10,"key":"Unceasing Top"},{"floor":24,"key":"The Specimen"},{"floor":26,"key":"Singing Bowl"},{"floor":31,"key":"Blood Vial"},{"floor":43,"key":"Shovel"},{"floor":45,"key":"Centennial Puzzle"}],"event_choices":[{"damage_healed":0,"gold_gain":0,"cards_transformed":["Strike_G"],"player_choice":"Transformed","damage_taken":0,"max_hp_gain":0,"max_hp_loss":0,"event_name":"Transmorgrifier","floor":2,"gold_loss":0,"cards_obtained":["Glass Knife"]},{"cards_removed":["Defend_G"],"damage_healed":0,"gold_gain":0,"player_choice":"Card Removal","damage_taken":0,"max_hp_gain":0,"max_hp_loss":0,"event_name":"The Cleric","floor":4,"gold_loss":50},{"damage_healed":0,"gold_gain":0,"player_choice":"Box","damage_taken":0,"relics_obtained":["Ornamental Fan"],"max_hp_gain":0,"max_hp_loss":0,"event_name":"Big Fish","floor":11,"gold_loss":0,"cards_obtained":["Regret"]},{"damage_healed":0,"gold_gain":0,"player_choice":"Joined the Cult","damage_taken":6,"max_hp_gain":0,"max_hp_loss":0,"event_name":"Nest","floor":19,"gold_loss":0,"cards_obtained":["RitualDagger"]},{"damage_healed":0,"gold_gain":0,"player_choice":"Got Potions","damage_taken":0,"max_hp_gain":0,"max_hp_loss":0,"event_name":"Lab","floor":21,"gold_loss":0},{"damage_healed":0,"gold_gain":0,"player_choice":"Ignored","damage_taken":0,"max_hp_gain":0,"max_hp_loss":0,"event_name":"Tomb of Lord Red Mask","floor":38,"gold_loss":0},{"cards_removed":["Strike_G"],"damage_healed":0,"gold_gain":0,"player_choice":"Removed Attack","damage_taken":0,"max_hp_gain":0,"max_hp_loss":0,"event_name":"Falling","floor":39,"gold_loss":0},{"damage_healed":51,"gold_gain":0,"player_choice":"Heal","damage_taken":0,"max_hp_gain":0,"max_hp_loss":0,"event_name":"MindBloom","floor":41,"gold_loss":0,"cards_obtained":["Doubt"]},{"damage_healed":0,"gold_gain":0,"player_choice":"Fight","damage_taken":0,"max_hp_gain":0,"max_hp_loss":0,"event_name":"Mysterious Sphere","floor":46,"gold_loss":0}],"is_beta":false,"boss_relics":[{"not_picked":["Tiny House","Runic Dome"],"picked":"Busted Crown"},{"not_picked":["Runic Pyramid","Empty Cage"],"picked":"Sozu"}],"items_purged_floors":[28],"is_endless":false,"potions_floor_spawned":[8,10,18,22,24,30,35],"killed_by":"2 Orb Walkers","ascension_level":1}