{"gold_per_floor":[114,114,39,39,54,54,54,54,54,69,69,144,6,21,21,121,121,136,136,136,151,151,151,166,181,231,231,81,81,6,6],"floor_reached":31,"playtime":1615,"items_purged":["Strike_G","Strike_G"],"score":246,"play_id":"0e86d738-1c4c-4d9c-982f-3d8081975787","local_time":"20181227171544","daily_mods":["Specialized","Flight","Lethality"],"is_ascension_mode":false,"campfire_choices":[{"data":"Prepared","floor":6,"key":"SMITH"},{"data":"Concentrate","floor":7,"key":"SMITH"},{"data":"Survivor","floor":8,"key":"SMITH"},{"data":"Defend_G","floor":15,"key":"SMITH"},{"data":"Defend_G","floor":23,"key":"SMITH"}],"neow_cost":"","seed_source_timestamp":11939737863876,"circlet_count":0,"master_deck":["Defend_G","Defend_G","Defend_G","Defend_G+1","Defend_G+1","Survivor+1","Grand Finale","Grand Finale","Grand Finale","Grand Finale","Grand Finale","Escape Plan","Dash+1","Riddle With Holes+1","Caltrops+1","Concentrate+1","Calculated Gamble","Night Terror","Tactician"],"special_seed":17893,"relics":["Ring of the Snake","Unceasing Top","Potion Belt","Molten Egg 2","Astrolabe","Ornamental Fan","Bag of Marbles","Bronze Scales"],"potions_floor_usage":[5,16,16],"damage_taken":[{"damage":8,"enemies":"Small Slimes","floor":1,"turns":3},{"damage":0,"enemies":"Jaw Worm","floor":5,"turns":2},{"damage":1,"enemies":"Cultist","floor":10,"turns":3},{"damage":0,"enemies":"Exordium Thugs","floor":14,"turns":3},{"damage":36,"enemies":"Slime Boss","floor":16,"turns":7},{"damage":32,"enemies":"2 Thieves","floor":18,"turns":3},{"damage":0,"enemies":"Chosen","floor":21,"turns":3},{"damage":23,"enemies":"Snake Plant","floor":24,"turns":4},{"damage":13,"enemies":"Snecko","floor":25,"turns":5},{"damage":48,"enemies":"Shelled Parasite and Fungi","floor":31,"turns":4}],"seed_played":"-53600940269430925","potions_obtained":[{"floor":1,"key":"Explosive Potion"},{"floor":10,"key":"Regen Potion"},{"floor":14,"key":"Explosive Potion"},{"floor":21,"key":"FairyPotion"}],"is_trial":false,"path_per_floor":["M","?","$","?","M","R","R","R","T","M","T","?","$","M","R","B",null,"M","?","$","M","T","R","M","M","T","?","$","?","$","M"],"character_chosen":"THE_SILENT","items_purchased":["Dash+1","Bronze Scales","GamblersBrew"],"campfire_rested":0,"item_purchase_floors":[13,28,30],"current_hp_per_floor":[62,62,62,44,44,44,44,44,44,43,43,32,32,32,32,10,70,38,61,61,61,61,61,38,25,25,25,25,25,25,0],"gold":6,"neow_bonus":"","is_prod":false,"is_daily":true,"chose_seed":false,"campfire_upgraded":5,"win_rate":0,"timestamp":1545959744,"path_taken":["M","?","$","?","?","R","R","R","T","?","?","?","$","M","R","BOSS","M","?","$","M","?","R","M","M","T","?","$","?","?","?"],"build_version":"2018-12-20","purchased_purges":2,"victory":false,"max_hp_per_floor":[70,70,70,70,70,70,70,70,70,70,70,70,70,70,70,70,70,70,70,70,70,70,70,70,70,70,70,70,70,70,70],"card_choices":[{"not_picked":["PiercingWail","Slice"],"picked":"Prepared","floor":1},{"not_picked":["PiercingWail","Underhanded Strike"],"picked":"Concentrate","floor":5},{"not_picked":["Reflex","Slice","Distraction"],"picked":"SKIP","floor":10},{"not_picked":["Grand Finale+1","Outmaneuver","Underhanded Strike+1"],"picked":"SKIP","floor":14},{"not_picked":["Eviscerate+1","Blade Dance+1","Slice+1"],"picked":"SKIP","floor":18},{"not_picked":["Underhanded Strike+1","Prepared","Flying Knee+1"],"picked":"SKIP","floor":21},{"not_picked":["Blur","Escape Plan"],"picked":"Calculated Gamble","floor":24},{"not_picked":["Dagger Spray+1","Bane+1","Dash+1"],"picked":"SKIP","floor":25}],"player_experience":130911,"relics_obtained":[{"floor":9,"key":"Potion Belt"},{"floor":11,"key":"Molten Egg 2"},{"floor":22,"key":"Ornamental Fan"},{"floor":26,"key":"Bag of Marbles"}],"event_choices":[{"damage_healed":0,"gold_gain":0,"cards_transformed":["Strike_G"],"player_choice":"Change","damage_taken":0,"max_hp_gain":0,"max_hp_loss":0,"event_name":"Living Wall","floor":2,"gold_loss":0,"cards_obtained":["Escape Plan"]},{"damage_healed":0,"gold_gain":0,"player_choice":"Success","damage_taken":18,"relics_obtained":["Unceasing Top"],"max_hp_gain":0,"max_hp_loss":0,"event_name":"Scrap Ooze","floor":4,"gold_loss":0},{"damage_healed":0,"gold_gain":75,"player_choice":"Gather Gold","damage_taken":11,"max_hp_gain":0,"max_hp_loss":0,"event_name":"World of Goop","floor":12,"gold_loss":0},{"damage_healed":23,"gold_gain":0,"player_choice":"Heal","damage_taken":0,"max_hp_gain":0,"max_hp_loss":0,"event_name":"The Library","floor":19,"gold_loss":0},{"damage_healed":0,"gold_gain":0,"player_choice":"Ignored","damage_taken":0,"max_hp_gain":0,"max_hp_loss":0,"event_name":"The Mausoleum","floor":27,"gold_loss":0},{"damage_healed":0,"gold_gain":0,"cards_transformed":["Prepared","Concentrate"],"player_choice":"Became Test Subject","damage_taken":0,"max_hp_gain":0,"max_hp_loss":0,"event_name":"Drug Dealer","floor":29,"gold_loss":0,"cards_obtained":["Night Terror","Tactician"]}],"is_beta":false,"boss_relics":[{"not_picked":["Black Star","Philosopher\u0027s Stone"],"picked":"Astrolabe"}],"items_purged_floors":[3,13],"is_endless":false,"potions_floor_spawned":[1,10,14,21],"killed_by":"Shelled Parasite and Fungi","ascension_level":0}