{"gold_per_floor":[114,130,55,155,5,5,39,39,39,50,83,93,122,122,122,122],"floor_reached":16,"playtime":887,"items_purged":["Strike_R"],"score":164,"play_id":"7d61326d-6249-41bf-86ff-bed672e09f77","local_time":"20190510185556","is_ascension_mode":true,"campfire_choices":[{"data":"Bash","floor":6,"key":"SMITH"},{"data":"Searing Blow","floor":8,"key":"SMITH"},{"floor":15,"key":"REST"}],"neow_cost":"NONE","seed_source_timestamp":1901231145041169,"circlet_count":0,"master_deck":["Strike_R","Strike_R","Strike_R","Strike_R","Defend_R","Defend_R","Defend_R","Defend_R","Bash+1","Searing Blow+1","Pommel Strike","Inflame","Headbutt","Rage","Havoc"],"relics":["Burning Blood","NeowsBlessing","Anchor","Lantern","Bird Faced Urn","Art of War","Blue Candle","Potion Belt"],"potions_floor_usage":[12,12,16],"damage_taken":[{"damage":0,"enemies":"Small Slimes","floor":1,"turns":1},{"damage":0,"enemies":"Cultist","floor":2,"turns":1},{"damage":0,"enemies":"Gremlin Nob","floor":7,"turns":1},{"damage":1,"enemies":"2 Louse","floor":10,"turns":3},{"damage":20,"enemies":"3 Sentries","floor":11,"turns":6},{"damage":8,"enemies":"Exordium Thugs","floor":12,"turns":5},{"damage":32,"enemies":"Gremlin Nob","floor":13,"turns":4},{"damage":71,"enemies":"The Guardian","floor":16,"turns":9}],"seed_played":"3531458202747633845","potions_obtained":[{"floor":1,"key":"SpeedPotion"},{"floor":11,"key":"Energy Potion"},{"floor":12,"key":"EssenceOfSteel"},{"floor":13,"key":"Explosive Potion"}],"is_trial":false,"path_per_floor":["M","M","$","?","$","R","E","R","T","M","E","M","E","?","R","B"],"character_chosen":"IRONCLAD","items_purchased":["Anchor"],"campfire_rested":1,"item_purchase_floors":[5],"current_hp_per_floor":[80,80,80,80,80,80,80,80,80,80,66,66,42,39,63,0],"gold":122,"neow_bonus":"THREE_ENEMY_KILL","is_prod":false,"is_daily":false,"chose_seed":false,"campfire_upgraded":2,"win_rate":0,"timestamp":1557532556,"path_taken":["M","M","$","?","?","R","E","R","T","M","E","M","E","?","R","BOSS"],"build_version":"2019-01-23","purchased_purges":1,"victory":false,"max_hp_per_floor":[80,80,80,80,80,80,80,80,80,80,80,80,80,80,80,80],"card_choices":[{"not_picked":["Cleave","Armaments"],"picked":"Searing Blow","floor":1},{"not_picked":["Sever Soul","Perfected Strike"],"picked":"Pommel Strike","floor":2},{"not_picked":["Searing Blow","Feel No Pain"],"picked":"Inflame","floor":7},{"not_picked":["Sever Soul","Pommel Strike","Clash"],"picked":"SKIP","floor":10},{"not_picked":["Wild Strike","Clothesline"],"picked":"Headbutt","floor":11},{"not_picked":["Body Slam","Thunderclap"],"picked":"Rage","floor":12},{"not_picked":["Clash","Uppercut"],"picked":"Havoc","floor":13}],"player_experience":263323,"relics_obtained":[{"floor":7,"key":"Lantern"},{"floor":9,"key":"Bird Faced Urn"},{"floor":11,"key":"Art of War"},{"floor":13,"key":"Blue Candle"}],"event_choices":[{"damage_healed":0,"gold_gain":100,"player_choice":"Pray","damage_taken":0,"max_hp_gain":0,"max_hp_loss":0,"event_name":"Golden Shrine","floor":4,"gold_loss":0},{"damage_healed":0,"gold_gain":0,"player_choice":"Success","damage_taken":3,"relics_obtained":["Potion Belt"],"max_hp_gain":0,"max_hp_loss":0,"event_name":"Scrap Ooze","floor":14,"gold_loss":0}],"is_beta":false,"boss_relics":[],"items_purged_floors":[3],"is_endless":false,"potions_floor_spawned":[1,11,12,13],"killed_by":"The Guardian","ascension_level":3}