{"gold_per_floor":[112,112,132,11,11,11,11,11,11,34,67,167,191,210,210,210],"floor_reached":16,"playtime":697,"items_purged":[],"score":110,"play_id":"eab67e12-c757-4666-b449-4e6deed3ed0f","local_time":"20190403171901","is_ascension_mode":true,"campfire_choices":[{"data":"Zap","floor":6,"key":"SMITH"},{"data":"Go for the Eyes","floor":8,"key":"SMITH"},{"data":"Defragment","floor":15,"key":"SMITH"}],"neow_cost":"NONE","seed_source_timestamp":246605025102500,"circlet_count":0,"master_deck":["Strike_B","Strike_B","Strike_B","Defend_B","Defend_B","Defend_B","Defend_B","Zap+1","Dualcast","Leap","Go for the Eyes+1","BootSequence","Coolheaded","Compile Driver","Loop","Turbo","Defragment+1"],"relics":["Cracked Core","Art of War","Golden Idol","Strawberry","Omamori"],"potions_floor_usage":[],"damage_taken":[{"damage":2,"enemies":"Jaw Worm","floor":1,"turns":3},{"damage":1,"enemies":"Cultist","floor":3,"turns":3},{"damage":0,"enemies":"Small Slimes","floor":10,"turns":2},{"damage":9,"enemies":"3 Sentries","floor":11,"turns":8},{"damage":1,"enemies":"Gremlin Gang","floor":13,"turns":6},{"damage":3,"enemies":"Looter","floor":14,"turns":3},{"damage":54,"enemies":"Slime Boss","floor":16,"turns":12}],"seed_played":"954438528706493458","potions_obtained":[{"floor":3,"key":"FearPotion"},{"floor":14,"key":"SmokeBomb"}],"is_trial":false,"path_per_floor":["M","?","M","$","?","R","$","R","T","M","E","?","M","M","R","B"],"character_chosen":"DEFECT","items_purchased":["BootSequence","Coolheaded"],"campfire_rested":0,"item_purchase_floors":[4,4],"current_hp_per_floor":[73,55,54,54,54,54,54,54,61,61,52,52,51,48,48,0],"gold":210,"neow_bonus":"RANDOM_COMMON_RELIC","is_prod":false,"is_daily":false,"chose_seed":false,"campfire_upgraded":3,"win_rate":0,"timestamp":1554337141,"path_taken":["M","?","M","$","?","R","$","R","T","?","E","?","?","M","R","BOSS"],"build_version":"2019-01-23","purchased_purges":0,"victory":false,"max_hp_per_floor":[75,75,75,75,75,75,75,75,82,82,82,82,82,82,82,82],"card_choices":[{"not_picked":["Stack","Turbo"],"picked":"Leap","floor":1},{"not_picked":["Gash","Beam Cell"],"picked":"Go for the Eyes","floor":3},{"not_picked":["Chaos","Coolheaded"],"picked":"Compile Driver","floor":10},{"not_picked":["Heatsinks","Gash"],"picked":"Loop","floor":11},{"not_picked":["Barrage","Sweeping Beam"],"picked":"Turbo","floor":13},{"not_picked":["Fission","Sweeping Beam"],"picked":"Defragment","floor":14}],"player_experience":269070,"relics_obtained":[{"floor":9,"key":"Strawberry"},{"floor":11,"key":"Omamori"}],"event_choices":[{"damage_healed":0,"gold_gain":0,"player_choice":"Take Damage","damage_taken":18,"relics_obtained":["Golden Idol"],"max_hp_gain":0,"max_hp_loss":0,"event_name":"Golden Idol","floor":2,"gold_loss":0},{"cards_removed":["Strike_B"],"damage_healed":0,"gold_gain":0,"player_choice":"Purged","damage_taken":0,"max_hp_gain":0,"max_hp_loss":0,"event_name":"Purifier","floor":5,"gold_loss":0},{"damage_healed":0,"gold_gain":100,"player_choice":"Pray","damage_taken":0,"max_hp_gain":0,"max_hp_loss":0,"event_name":"Golden Shrine","floor":12,"gold_loss":0}],"is_beta":false,"boss_relics":[],"items_purged_floors":[],"is_endless":false,"potions_floor_spawned":[3,14],"killed_by":"Slime Boss","ascension_level":2}