{"gold_per_floor":[114,114,68,85,103,103,103,121,121,138,59,73,73,73,73,73],"floor_reached":16,"playtime":648,"items_purged":[],"score":115,"play_id":"a43d2eea-5896-49f1-b3cc-7c5d5d772b35","local_time":"20181105004455","is_ascension_mode":true,"campfire_choices":[{"floor":6,"key":"REST"},{"data":"Armaments","floor":13,"key":"SMITH"},{"data":"Armaments","floor":15,"key":"SMITH"}],"neow_cost":"NONE","seed_source_timestamp":531029761082700,"circlet_count":0,"master_deck":["Strike_R","Strike_R","Strike_R+1","Strike_R","Strike_R+1","Defend_R","Defend_R","Defend_R","Defend_R","Bash","Rage","Flex","Armaments+1","Blood for Blood","Armaments+1","Entrench","Battle Trance","Rage","Regret"],"relics":["Burning Blood","Orichalcum","Ornamental Fan","Dodecahedron","Unceasing Top"],"potions_floor_usage":[16,16,16],"damage_taken":[{"damage":9,"enemies":"2 Louse","floor":1,"turns":4},{"damage":0,"enemies":"Cultist","floor":4,"turns":3},{"damage":7,"enemies":"Jaw Worm","floor":5,"turns":4},{"damage":11,"enemies":"Large Slime","floor":8,"turns":4},{"damage":3,"enemies":"Looter","floor":10,"turns":5},{"damage":12,"enemies":"Exordium Wildlife","floor":12,"turns":7},{"damage":74,"enemies":"Hexaghost","floor":16,"turns":11}],"seed_played":"8712252110832505653","potions_obtained":[{"floor":1,"key":"Strength Potion"},{"floor":4,"key":"FearPotion"},{"floor":8,"key":"Strength Potion"},{"floor":12,"key":"SkillPotion"}],"is_trial":false,"path_per_floor":["M","?","$","M","M","R","?","M","T","M","$","M","R","?","R","B"],"character_chosen":"IRONCLAD","items_purchased":["Flex","Battle Trance"],"campfire_rested":1,"item_purchase_floors":[3,11],"current_hp_per_floor":[77,61,61,67,66,80,80,75,75,78,78,72,72,72,72,0],"gold":73,"neow_bonus":"RANDOM_COMMON_RELIC","is_prod":false,"is_daily":false,"chose_seed":false,"campfire_upgraded":2,"win_rate":0,"timestamp":1541375095,"path_taken":["M","?","$","M","M","R","?","M","T","?","$","M","R","?","R","BOSS"],"build_version":"2018-11-01","purchased_purges":0,"victory":false,"max_hp_per_floor":[80,80,80,80,80,80,80,80,80,80,80,80,80,80,80,80],"card_choices":[{"not_picked":["Shockwave","Pommel Strike"],"picked":"Rage","floor":1},{"not_picked":["Shrug It Off","Clothesline"],"picked":"Armaments","floor":4},{"not_picked":["Headbutt","Flex"],"picked":"Blood for Blood","floor":5},{"not_picked":["Burning Pact","Power Through"],"picked":"Armaments","floor":8},{"not_picked":["Second Wind","Ghostly Armor"],"picked":"Entrench","floor":10},{"not_picked":["True Grit","Barricade"],"picked":"Rage","floor":12}],"player_experience":847087,"relics_obtained":[{"floor":9,"key":"Dodecahedron"}],"event_choices":[{"damage_healed":0,"gold_gain":0,"player_choice":"Entered Light","damage_taken":16,"max_hp_gain":0,"max_hp_loss":0,"event_name":"Shining Light","floor":2,"gold_loss":0,"cards_upgraded":["Strike_R","Strike_R"]},{"damage_healed":0,"gold_gain":0,"player_choice":"Gave Potion","damage_taken":0,"relics_obtained":["Ornamental Fan"],"max_hp_gain":0,"max_hp_loss":0,"event_name":"WeMeetAgain","floor":7,"gold_loss":0},{"damage_healed":0,"gold_gain":0,"player_choice":"Box","damage_taken":0,"relics_obtained":["Unceasing Top"],"max_hp_gain":0,"max_hp_loss":0,"event_name":"Big Fish","floor":14,"gold_loss":0,"cards_obtained":["Regret"]}],"is_beta":false,"boss_relics":[],"items_purged_floors":[],"is_endless":false,"potions_floor_spawned":[1,4,8,12],"killed_by":"Hexaghost","ascension_level":5}