{"gold_per_floor":[109,125,75,95,115,143,190,190,190,206,206,206,216,95,95,95],"floor_reached":16,"playtime":590,"items_purged":["Strike_G"],"score":112,"play_id":"7c70dc23-7b7a-4feb-951b-c630d9c8192c","local_time":"20190514055716","is_ascension_mode":true,"campfire_choices":[{"floor":12,"key":"REST"},{"floor":15,"key":"REST"}],"neow_cost":"NONE","seed_source_timestamp":147608796015681,"circlet_count":0,"master_deck":["Defend_G","Defend_G","Defend_G","Defend_G","Defend_G","Strike_G","Strike_G","Strike_G","Survivor","Neutralize","Deadly Poison","Bane","Sucker Punch","Skewer","Backstab","Distraction","Cloak And Dagger"],"relics":["Ring of the Snake","Darkstone Periapt","Bag of Preparation","Meat on the Bone","NlothsMask"],"potions_floor_usage":[],"damage_taken":[{"damage":1,"enemies":"2 Louse","floor":1,"turns":3},{"damage":3,"enemies":"Jaw Worm","floor":2,"turns":4},{"damage":0,"enemies":"Cultist","floor":4,"turns":4},{"damage":2,"enemies":"2 Fungi Beasts","floor":5,"turns":5},{"damage":49,"enemies":"Lagavulin","floor":6,"turns":6},{"damage":17,"enemies":"Gremlin Gang","floor":10,"turns":7},{"damage":12,"enemies":"Large Slime","floor":13,"turns":6},{"damage":65,"enemies":"The Guardian","floor":16,"turns":10}],"seed_played":"6163222929538328309","potions_obtained":[{"floor":1,"key":"EntropicBrew"},{"floor":2,"key":"AttackPotion"},{"floor":8,"key":"LiquidBronze"},{"floor":8,"key":"SmokeBomb"}],"is_trial":false,"path_per_floor":["M","M","?","M","M","E","T","?","T","M","?","R","M","$","R","B"],"character_chosen":"THE_SILENT","items_purchased":["Cloak And Dagger"],"campfire_rested":2,"item_purchase_floors":[14],"current_hp_per_floor":[76,73,73,73,71,22,22,22,22,17,17,40,40,40,63,0],"gold":95,"neow_bonus":"TEN_PERCENT_HP_BONUS","is_prod":false,"is_daily":false,"chose_seed":false,"campfire_upgraded":0,"win_rate":0,"timestamp":1557827836,"path_taken":["M","M","?","M","M","E","?","?","T","?","?","R","M","$","R","BOSS"],"build_version":"2019-01-23","purchased_purges":1,"victory":false,"max_hp_per_floor":[77,77,77,77,77,77,77,77,77,77,77,77,77,77,77,77],"card_choices":[{"not_picked":["Calculated Gamble","Endless Agony"],"picked":"Deadly Poison","floor":1},{"not_picked":["Acrobatics","Prepared","Flying Knee"],"picked":"SKIP","floor":2},{"not_picked":["Slice","Choke"],"picked":"Bane","floor":4},{"not_picked":["Dash","Heel Hook"],"picked":"Sucker Punch","floor":5},{"not_picked":["Quick Slash","Unload"],"picked":"Skewer","floor":6},{"not_picked":["Distraction","Backflip"],"picked":"Backstab","floor":10},{"not_picked":["Escape Plan","Bane"],"picked":"Distraction","floor":13}],"player_experience":75907,"relics_obtained":[{"floor":6,"key":"Darkstone Periapt"},{"floor":7,"key":"Bag of Preparation"},{"floor":9,"key":"Meat on the Bone"}],"event_choices":[{"cards_removed":["Strike_G"],"damage_healed":0,"gold_gain":0,"player_choice":"Card Removal","damage_taken":0,"max_hp_gain":0,"max_hp_loss":0,"event_name":"The Cleric","floor":3,"gold_loss":50},{"damage_healed":0,"gold_gain":0,"player_choice":"Got Potions","damage_taken":0,"max_hp_gain":0,"max_hp_loss":0,"event_name":"Lab","floor":8,"gold_loss":0},{"damage_healed":0,"gold_gain":0,"player_choice":"Trade","damage_taken":0,"relics_obtained":["NlothsMask"],"max_hp_gain":0,"max_hp_loss":0,"event_name":"FaceTrader","floor":11,"gold_loss":0}],"is_beta":false,"boss_relics":[],"items_purged_floors":[14],"is_endless":false,"potions_floor_spawned":[1,2,13],"killed_by":"The Guardian","ascension_level":2}