{"gold_per_floor":[113,113,76,151,151,151,164,175,175,191,223,223,223,65,65,142,142,113,78,78,78,78,78,3,18,18,37,55,55,55],"floor_reached":30,"playtime":1097,"items_purged":["Decay"],"score":373,"play_id":"223418f0-9f3d-4961-87db-67fc0f422b6d","local_time":"20190322003131","is_ascension_mode":true,"campfire_choices":[{"floor":6,"key":"REST"},{"floor":13,"key":"REST"},{"floor":15,"key":"REST"},{"floor":23,"key":"REST"}],"neow_cost":"NONE","seed_source_timestamp":127084165633600,"circlet_count":0,"master_deck":["AscendersBane","Strike_R+1","Strike_R+1","Strike_R+1","Strike_R+1","Strike_R+1","Defend_R+1","Defend_R+1","Defend_R+1","Defend_R+1","Bash","Blind","Combust","Blood for Blood","Metallicize","Evolve","Evolve","Double Tap","Blind","Double Tap","Feel No Pain","Intimidate","Evolve","Iron Wave","Battle Trance","Carnage","Rage","Infernal Blade"],"relics":["Burning Blood","Dodecahedron","Bottled Flame","Lantern","Orrery","Singing Bowl"],"potions_floor_usage":[11,28,30],"damage_taken":[{"damage":4,"enemies":"Small Slimes","floor":1,"turns":4},{"damage":9,"enemies":"2 Louse","floor":7,"turns":3},{"damage":18,"enemies":"Jaw Worm","floor":8,"turns":5},{"damage":25,"enemies":"Exordium Thugs","floor":10,"turns":5},{"damage":32,"enemies":"Gremlin Nob","floor":11,"turns":5},{"damage":58,"enemies":"The Guardian","floor":16,"turns":19},{"damage":33,"enemies":"2 Thieves","floor":18,"turns":5},{"damage":25,"enemies":"3 Byrds","floor":25,"turns":6},{"damage":17,"enemies":"Shelled Parasite and Fungi","floor":27,"turns":9},{"damage":27,"enemies":"Snecko","floor":28,"turns":7},{"damage":16,"enemies":"3 Cultists","floor":30,"turns":4}],"seed_played":"-2801112207305461536","potions_obtained":[{"floor":10,"key":"FearPotion"},{"floor":25,"key":"Block Potion"},{"floor":28,"key":"Swift Potion"}],"is_trial":false,"path_per_floor":["M","?","$","?","?","R","M","M","T","M","E","?","R","$","R","B",null,"M","$","?","?","?","R","$","M","T","M","M","$","M"],"character_chosen":"IRONCLAD","items_purchased":["Blood for Blood","Double Tap","Blind","Rage"],"campfire_rested":4,"item_purchase_floors":[3,14,14,19],"current_hp_per_floor":[74,58,58,47,47,71,68,56,56,37,11,11,35,35,59,7,62,35,35,35,35,35,59,59,40,40,31,10,10,0],"gold":55,"neow_bonus":"RANDOM_COLORLESS","is_prod":false,"is_daily":false,"chose_seed":false,"campfire_upgraded":0,"win_rate":0,"timestamp":1553211091,"path_taken":["M","?","$","?","?","R","?","M","T","M","E","?","R","$","R","BOSS","M","$","?","?","?","R","?","M","T","M","?","?","M"],"build_version":"2019-01-23","purchased_purges":1,"victory":false,"max_hp_per_floor":[80,80,80,80,80,80,80,80,80,80,80,80,80,80,80,80,80,80,80,80,80,80,80,80,80,80,82,82,82,82],"card_choices":[{"not_picked":["Twin Strike","Wild Strike"],"picked":"Combust","floor":1},{"not_picked":["Sentinel","Fire Breathing","Warcry"],"picked":"SKIP","floor":7},{"not_picked":["Thunderclap","Perfected Strike"],"picked":"Metallicize","floor":8},{"not_picked":["Perfected Strike","Dropkick"],"picked":"Evolve","floor":10},{"not_picked":["Uppercut","Warcry"],"picked":"Evolve","floor":11},{"not_picked":["Fiend Fire","Juggernaut"],"picked":"Double Tap","floor":16},{"not_picked":["Searing Blow","Clash"],"picked":"Feel No Pain","floor":17},{"not_picked":["Anger","Twin Strike"],"picked":"Intimidate","floor":17},{"not_picked":["Fire Breathing","Wild Strike"],"picked":"Evolve","floor":17},{"not_picked":["Dropkick","Warcry"],"picked":"Iron Wave","floor":17},{"not_picked":["Cleave","Armaments"],"picked":"Battle Trance","floor":17},{"not_picked":["Shrug It Off+1","Flex+1"],"picked":"Carnage","floor":18},{"not_picked":["Flex","Anger","Intimidate"],"picked":"SKIP","floor":25},{"not_picked":["Rampage","Bloodletting","Shrug It Off"],"picked":"Singing Bowl","floor":27},{"not_picked":["Thunderclap","Offering"],"picked":"Infernal Blade","floor":28}],"player_experience":1560670,"relics_obtained":[{"floor":9,"key":"Bottled Flame"},{"floor":11,"key":"Lantern"},{"floor":26,"key":"Singing Bowl"}],"event_choices":[{"damage_healed":0,"gold_gain":0,"player_choice":"Entered Light","damage_taken":16,"max_hp_gain":0,"max_hp_loss":0,"event_name":"Shining Light","floor":2,"gold_loss":0,"cards_upgraded":["Defend_R","Defend_R"]},{"damage_healed":0,"gold_gain":75,"player_choice":"Gather Gold","damage_taken":11,"max_hp_gain":0,"max_hp_loss":0,"event_name":"World of Goop","floor":4,"gold_loss":0},{"damage_healed":0,"gold_gain":0,"player_choice":"Box","damage_taken":0,"relics_obtained":["Dodecahedron"],"max_hp_gain":0,"max_hp_loss":0,"event_name":"Big Fish","floor":5,"gold_loss":0,"cards_obtained":["Regret"]},{"cards_removed":["Regret"],"damage_healed":0,"gold_gain":0,"player_choice":"Removed Curses","damage_taken":0,"max_hp_gain":0,"max_hp_loss":0,"event_name":"Fountain of Cleansing","floor":12,"gold_loss":0},{"damage_healed":0,"gold_gain":0,"player_choice":"Simplicity","damage_taken":0,"max_hp_gain":0,"max_hp_loss":0,"event_name":"Back to Basics","floor":20,"gold_loss":0,"cards_upgraded":["Strike_R","Strike_R","Strike_R","Strike_R","Strike_R","Defend_R","Defend_R"]},{"damage_healed":0,"gold_gain":0,"player_choice":"Smashed Altar","damage_taken":0,"max_hp_gain":0,"max_hp_loss":0,"event_name":"Forgotten Altar","floor":21,"gold_loss":0,"cards_obtained":["Decay"]},{"damage_healed":0,"gold_gain":0,"player_choice":"Ignored","damage_taken":0,"max_hp_gain":0,"max_hp_loss":0,"event_name":"Vampires","floor":22,"gold_loss":0}],"is_beta":false,"boss_relics":[{"not_picked":["Snecko Eye","Sozu"],"picked":"Orrery"}],"items_purged_floors":[24],"is_endless":false,"potions_floor_spawned":[10,25,28],"killed_by":"3 Cultists","ascension_level":13}