{"gold_per_floor":[116,46,56,16,16,16,49,65,65,99,99,119,137,166,166,271,271,281,291,291,15,15,15,15,50,50,61,61,79,90,108,108,108],"floor_reached":33,"playtime":7621,"items_purged":["Strike_G"],"score":468,"play_id":"dd98f13f-610c-4a63-8648-3f9685fbc377","local_time":"20190308220206","is_ascension_mode":true,"campfire_choices":[{"floor":6,"key":"REST"},{"floor":11,"key":"REST"},{"data":"Accuracy","floor":15,"key":"SMITH"},{"data":"Cloak And Dagger","floor":23,"key":"SMITH"},{"floor":28,"key":"REST"},{"floor":32,"key":"REST"}],"neow_cost":"PERCENT_DAMAGE","seed_source_timestamp":77986485307000,"circlet_count":0,"master_deck":["AscendersBane","Defend_G","Defend_G","Defend_G","Defend_G","Defend_G","Strike_G","Strike_G","Strike_G","Survivor","Neutralize+1","Accuracy+1","Infinite Blades","Dash","Quick Slash+1","Blade Dance","Cloak And Dagger+1","Infinite Blades","Blade Dance","Bullet Time","PiercingWail","Prepared","Cloak And Dagger","Acrobatics"],"relics":["Ring of the Snake","Thread and Needle","Matryoshka","Pen Nib","Blue Candle","Snake Skull","Smiling Mask","Philosopher\u0027s Stone","Meat on the Bone","Omamori","Whetstone","Dream Catcher","Letter Opener"],"potions_floor_usage":[7,10,10,14,16,16,25,29,30],"damage_taken":[{"damage":3,"enemies":"Small Slimes","floor":1,"turns":5},{"damage":6,"enemies":"Cultist","floor":3,"turns":4},{"damage":21,"enemies":"Gremlin Nob","floor":7,"turns":6},{"damage":0,"enemies":"2 Louse","floor":8,"turns":3},{"damage":0,"enemies":"3 Sentries","floor":10,"turns":8},{"damage":0,"enemies":"Blue Slaver","floor":12,"turns":5},{"damage":0,"enemies":"Exordium Thugs","floor":13,"turns":6},{"damage":3,"enemies":"Lagavulin","floor":14,"turns":7},{"damage":3,"enemies":"Hexaghost","floor":16,"turns":9},{"damage":4,"enemies":"Shell Parasite","floor":18,"turns":6},{"damage":0,"enemies":"Spheric Guardian","floor":19,"turns":3},{"damage":57,"enemies":"Gremlin Leader","floor":25,"turns":7},{"damage":5,"enemies":"Cultist and Chosen","floor":27,"turns":5},{"damage":0,"enemies":"Centurion and Healer","floor":29,"turns":5},{"damage":8,"enemies":"Snake Plant","floor":30,"turns":5},{"damage":10,"enemies":"3 Cultists","floor":31,"turns":4},{"damage":70,"enemies":"Champ","floor":33,"turns":9}],"seed_played":"7309566955937348444","potions_obtained":[{"floor":4,"key":"Weak Potion"},{"floor":4,"key":"Dexterity Potion"},{"floor":4,"key":"Explosive Potion"},{"floor":7,"key":"Energy Potion"},{"floor":10,"key":"Block Potion"},{"floor":12,"key":"GhostInAJar"},{"floor":13,"key":"LiquidBronze"},{"floor":14,"key":"Weak Potion"},{"floor":27,"key":"EssenceOfSteel"},{"floor":29,"key":"Explosive Potion"}],"is_trial":false,"path_per_floor":["M","$","M","?","$","R","E","M","T","E","R","M","M","E","R","B",null,"M","M","?","$","?","R","$","E","T","M","R","M","M","M","R","B"],"character_chosen":"THE_SILENT","items_purchased":["Infinite Blades","Infinite Blades","Omamori"],"campfire_rested":4,"item_purchase_floors":[2,21,21],"current_hp_per_floor":[42,42,36,36,36,57,36,36,36,36,57,57,57,54,54,51,65,61,61,61,61,61,61,61,16,16,23,44,44,36,38,59,0],"gold":108,"neow_bonus":"ONE_RARE_RELIC","is_prod":false,"is_daily":false,"chose_seed":false,"campfire_upgraded":2,"win_rate":0,"timestamp":1552078926,"path_taken":["M","$","M","?","$","R","E","M","T","E","R","M","M","E","R","BOSS","M","?","?","$","?","R","$","E","T","M","R","M","M","?","R","BOSS"],"build_version":"2019-01-23","purchased_purges":1,"victory":false,"max_hp_per_floor":[70,70,70,70,70,70,70,70,70,70,70,70,70,70,70,70,70,70,70,70,70,70,70,70,70,70,70,70,70,70,70,70,70],"card_choices":[{"not_picked":["Sucker Punch","Dodge and Roll"],"picked":"Accuracy","floor":1},{"not_picked":["Distraction","Sucker Punch"],"picked":"Dash","floor":3},{"not_picked":["Skewer","Dagger Throw","Acrobatics"],"picked":"SKIP","floor":7},{"not_picked":["Flying Knee","Dagger Throw","Masterful Stab"],"picked":"SKIP","floor":8},{"not_picked":["Skewer","Caltrops"],"picked":"Quick Slash","floor":10},{"not_picked":["Dagger Spray","Quick Slash"],"picked":"Blade Dance","floor":12},{"not_picked":["Reflex","Setup","Outmaneuver"],"picked":"SKIP","floor":13},{"not_picked":["Catalyst","Masterful Stab"],"picked":"Cloak And Dagger","floor":14},{"not_picked":["Sucker Punch+1","Bane","Deadly Poison"],"picked":"SKIP","floor":18},{"not_picked":["Bouncing Flask","Backflip","Expertise"],"picked":"SKIP","floor":19},{"not_picked":["Backstab","Outmaneuver"],"picked":"Blade Dance","floor":25},{"not_picked":["Setup+1","Skewer+1"],"picked":"Bullet Time","floor":27},{"not_picked":["Well Laid Plans","Dagger Spray"],"picked":"PiercingWail","floor":28},{"not_picked":["Deadly Poison","Slice+1"],"picked":"Prepared","floor":29},{"not_picked":["Deadly Poison+1","Sucker Punch+1","Distraction"],"picked":"SKIP","floor":30},{"not_picked":["PiercingWail","Setup"],"picked":"Cloak And Dagger","floor":31},{"not_picked":["Grand Finale","Setup"],"picked":"Acrobatics","floor":32}],"player_experience":1467951,"relics_obtained":[{"floor":7,"key":"Matryoshka"},{"floor":9,"key":"Pen Nib"},{"floor":9,"key":"Blue Candle"},{"floor":10,"key":"Snake Skull"},{"floor":14,"key":"Smiling Mask"},{"floor":25,"key":"Whetstone"},{"floor":26,"key":"Dream Catcher"},{"floor":26,"key":"Letter Opener"}],"event_choices":[{"damage_healed":0,"gold_gain":0,"player_choice":"Bought 3 Potions","damage_taken":0,"max_hp_gain":0,"max_hp_loss":0,"event_name":"The Woman in Blue","floor":4,"gold_loss":0},{"damage_healed":0,"gold_gain":0,"player_choice":"Opened","damage_taken":0,"relics_obtained":["Meat on the Bone"],"max_hp_gain":0,"max_hp_loss":0,"event_name":"The Mausoleum","floor":20,"gold_loss":0},{"cards_removed":["Strike_G"],"damage_healed":0,"gold_gain":0,"player_choice":"Offered Basic","damage_taken":0,"max_hp_gain":0,"max_hp_loss":0,"event_name":"Bonfire Elementals","floor":22,"gold_loss":0}],"is_beta":false,"boss_relics":[{"not_picked":["Astrolabe","Runic Dome"],"picked":"Philosopher\u0027s Stone"}],"items_purged_floors":[21],"is_endless":false,"potions_floor_spawned":[7,10,12,13,14,27,29],"killed_by":"Champ","ascension_level":10}