{"gold_per_floor":[17,17,17,32,32,32,207,232,256,70,83,127,127,148,148,269,269,285,285,285,298,298,298,312,312,312,323,341,361,361,374,374,374],"floor_reached":33,"playtime":1512,"items_purged":[],"score":249,"play_id":"d5f64b96-3ec4-46d3-8fb6-c98643301b0c","local_time":"20181007231619","is_ascension_mode":false,"campfire_choices":[{"floor":6,"key":"DIG"},{"floor":13,"key":"DIG"},{"floor":15,"key":"REST"},{"floor":23,"key":"DIG"},{"floor":30,"key":"DIG"},{"floor":32,"key":"DIG"}],"neow_cost":"NO_GOLD","seed_source_timestamp":120122639599800,"circlet_count":0,"master_deck":["Strike_R","Strike_R","Strike_R","Strike_R","Strike_R","Defend_R","Defend_R","Defend_R","Defend_R","Bash","Inflame","Flame Barrier","Heavy Blade","Apotheosis","Shockwave","Metallicize","Heavy Blade","Double Tap","Disarm+1","J.A.X.","Flex","Reaper","Infernal Blade","Armaments"],"relics":["Burning Blood","Shovel","Bloody Idol","Dodecahedron","Orichalcum","Singing Bowl","Darkstone Periapt","Philosopher\u0027s Stone","FossilizedHelix","Regal Pillow","Happy Flower","Mummified Hand"],"potions_floor_usage":[16,16,21,27,28],"damage_taken":[{"damage":8,"enemies":"2 Louse","floor":1,"turns":3},{"damage":0,"enemies":"Jaw Worm","floor":4,"turns":6},{"damage":9,"enemies":"Cultist","floor":8,"turns":5},{"damage":2,"enemies":"2 Fungi Beasts","floor":11,"turns":5},{"damage":24,"enemies":"Lagavulin","floor":12,"turns":7},{"damage":6,"enemies":"Large Slime","floor":14,"turns":5},{"damage":40,"enemies":"Hexaghost","floor":16,"turns":10},{"damage":13,"enemies":"Shell Parasite","floor":18,"turns":5},{"damage":9,"enemies":"Spheric Guardian","floor":21,"turns":3},{"damage":14,"enemies":"Snecko","floor":24,"turns":5},{"damage":23,"enemies":"3 Cultists","floor":27,"turns":5},{"damage":30,"enemies":"Cultist and Chosen","floor":28,"turns":5},{"damage":15,"enemies":"Snecko","floor":29,"turns":7},{"damage":20,"enemies":"Sentry and Sphere","floor":31,"turns":5},{"damage":88,"enemies":"Automaton","floor":33,"turns":8}],"seed_played":"3081229835657470332","potions_obtained":[{"floor":4,"key":"Dexterity Potion"},{"floor":8,"key":"Swift Potion"},{"floor":12,"key":"SkillPotion"},{"floor":18,"key":"Poison Potion"},{"floor":24,"key":"Poison Potion"},{"floor":27,"key":"FairyPotion"}],"is_trial":false,"path_per_floor":["M","$","?","M","?","R","?","M","T","$","M","E","R","M","R","B",null,"M","?","?","M","?","R","M","?","T","M","M","M","R","M","R"],"character_chosen":"IRONCLAD","items_purchased":["Apotheosis"],"campfire_rested":1,"item_purchase_floors":[10],"current_hp_per_floor":[78,78,78,80,60,60,60,57,57,57,61,43,43,43,67,33,80,73,73,73,70,70,70,69,69,69,70,71,69,69,72,72,0],"gold":374,"neow_bonus":"ONE_RARE_RELIC","is_prod":false,"is_daily":false,"chose_seed":false,"campfire_upgraded":0,"win_rate":0,"timestamp":1538946979,"path_taken":["M","$","?","M","?","R","?","M","T","?","M","E","R","?","R","BOSS","M","?","?","M","?","R","M","?","T","M","?","M","R","M","R","BOSS"],"build_version":"2018-10-04v2","purchased_purges":0,"victory":false,"max_hp_per_floor":[80,80,80,80,80,80,80,80,80,80,80,80,80,80,80,80,80,80,80,80,80,80,80,82,82,82,82,82,84,84,86,86,86],"card_choices":[{"not_picked":["Clash","Cleave"],"picked":"Inflame","floor":1},{"not_picked":["Hemokinesis","Clash"],"picked":"Flame Barrier","floor":4},{"not_picked":["Anger","Headbutt"],"picked":"Heavy Blade","floor":8},{"not_picked":["Cleave","Wild Strike"],"picked":"Shockwave","floor":11},{"not_picked":["Pummel","Seeing Red"],"picked":"Metallicize","floor":12},{"not_picked":["Clothesline","Bloodletting"],"picked":"Heavy Blade","floor":14},{"not_picked":["Offering","Fiend Fire"],"picked":"Double Tap","floor":16},{"not_picked":["Headbutt+1","Bloodletting+1"],"picked":"Disarm+1","floor":18},{"not_picked":["Shrug It Off","Heavy Blade"],"picked":"Flex","floor":21},{"not_picked":["Iron Wave","Uppercut+1","Battle Trance"],"picked":"Singing Bowl","floor":24},{"not_picked":["Wild Strike+1","Blood for Blood+1"],"picked":"Infernal Blade","floor":27},{"not_picked":["Dropkick","Sever Soul+1"],"picked":"Armaments","floor":28},{"not_picked":["Perfected Strike+1","Sword Boomerang","Heavy Blade"],"picked":"Singing Bowl","floor":29},{"not_picked":["Armaments","Shockwave+1","Sword Boomerang+1"],"picked":"Singing Bowl","floor":31}],"player_experience":577137,"relics_obtained":[{"floor":6,"key":"Dodecahedron"},{"floor":9,"key":"Orichalcum"},{"floor":12,"key":"Singing Bowl"},{"floor":13,"key":"Darkstone Periapt"},{"floor":23,"key":"FossilizedHelix"},{"floor":26,"key":"Regal Pillow"},{"floor":30,"key":"Happy Flower"},{"floor":32,"key":"Mummified Hand"}],"event_choices":[{"event_name":"The Cleric","player_choice":"Leave","floor":3,"damage_taken":0},{"event_name":"Golden Idol","player_choice":"Take Damage","floor":5,"damage_taken":0},{"event_name":"Liars Game","player_choice":"agreed","floor":7,"damage_taken":0},{"event_name":"Drug Dealer","player_choice":"Got JAX","floor":19,"damage_taken":0},{"event_name":"Wheel of Change","player_choice":"Card Removal","floor":20,"damage_taken":0},{"event_name":"Forgotten Altar","player_choice":"Gave Idol","floor":22,"damage_taken":0},{"event_name":"The Library","player_choice":"Read","floor":25,"damage_taken":0}],"is_beta":false,"boss_relics":[{"not_picked":["Lizard Tail","Snecko Eye"],"picked":"Philosopher\u0027s Stone"}],"items_purged_floors":[],"is_endless":false,"potions_floor_spawned":[4,8,12,18,24,27],"killed_by":"Automaton","ascension_level":0}