{"gold_per_floor":[115,80,80,155,155,180,180,192,222,240,215,232,246,263,263,334,334,352,145,145,145,245,245,263,263,287,305,316,316,326,336,336,336],"floor_reached":33,"playtime":1644,"items_purged":[],"score":427,"play_id":"a6503a79-e196-4c43-a700-b966295dce0a","local_time":"20190505171419","is_ascension_mode":true,"campfire_choices":[{"floor":7,"key":"REST"},{"floor":15,"key":"REST"},{"data":"Armaments","floor":23,"key":"SMITH"},{"data":"Armaments","floor":25,"key":"SMITH"},{"floor":29,"key":"REST"},{"data":"Limit Break","floor":32,"key":"SMITH"}],"neow_cost":"NONE","seed_source_timestamp":11785971061900,"circlet_count":0,"master_deck":["AscendersBane","Bash","Offering","Body Slam","Entrench","Armaments+1","Cleave","Battle Trance","Cleave","Rupture","Whirlwind","Reaper","Corruption","Ghostly Armor","Flex","Thunderclap","Havoc","Dual Wield","Armaments+1","Limit Break+1","Inflame","RitualDagger","Rampage","Rupture","Body Slam+1"],"relics":["Burning Blood","Turnip","Orichalcum","Tiny Chest","Pandora\u0027s Box","Lee\u0027s Waffle","Mercury Hourglass","Ancient Tea Set"],"potions_floor_usage":[10,13,16,24,27,33],"damage_taken":[{"damage":13,"enemies":"Jaw Worm","floor":1,"turns":4},{"damage":46,"enemies":"Gremlin Nob","floor":6,"turns":5},{"damage":9,"enemies":"2 Louse","floor":8,"turns":3},{"damage":14,"enemies":"Small Slimes","floor":10,"turns":3},{"damage":11,"enemies":"Exordium Thugs","floor":11,"turns":5},{"damage":0,"enemies":"3 Louse","floor":12,"turns":3},{"damage":17,"enemies":"Exordium Wildlife","floor":13,"turns":7},{"damage":9,"enemies":"Blue Slaver","floor":14,"turns":6},{"damage":27,"enemies":"Slime Boss","floor":16,"turns":9},{"damage":50,"enemies":"Chosen","floor":18,"turns":7},{"damage":12,"enemies":"3 Byrds","floor":24,"turns":4},{"damage":34,"enemies":"Snake Plant","floor":27,"turns":4},{"damage":46,"enemies":"Snecko","floor":28,"turns":6},{"damage":24,"enemies":"Centurion and Healer","floor":30,"turns":5},{"damage":13,"enemies":"3 Cultists","floor":31,"turns":3},{"damage":98,"enemies":"Collector","floor":33,"turns":7}],"seed_played":"2407776549927247501","potions_obtained":[{"floor":6,"key":"BloodPotion"},{"floor":8,"key":"SkillPotion"},{"floor":12,"key":"Block Potion"},{"floor":14,"key":"Strength Potion"},{"floor":18,"key":"GamblersBrew"},{"floor":24,"key":"Fruit Juice"}],"is_trial":false,"path_per_floor":["M","?","?","?","?","E","R","M","T","M","M","M","M","M","R","B",null,"M","$","?","T","?","R","M","R","T","M","M","R","M","M","R","B"],"character_chosen":"IRONCLAD","items_purchased":["Lee\u0027s Waffle"],"campfire_rested":3,"item_purchase_floors":[19],"current_hp_per_floor":[61,75,75,64,64,24,46,43,43,35,30,36,25,22,44,23,62,27,82,76,76,76,76,73,73,73,57,27,53,59,64,64,0],"gold":336,"neow_bonus":"ONE_RANDOM_RARE_CARD","is_prod":false,"is_daily":false,"chose_seed":false,"campfire_upgraded":3,"win_rate":0,"timestamp":1557069259,"path_taken":["M","?","?","?","?","E","R","M","T","M","M","M","M","M","R","BOSS","M","$","?","?","?","R","M","R","T","M","?","R","M","M","R","BOSS"],"build_version":"2019-01-23","purchased_purges":0,"victory":false,"max_hp_per_floor":[75,75,75,75,75,75,75,75,75,75,75,75,75,75,75,75,75,75,82,82,82,82,82,82,82,82,87,87,87,87,87,87,87],"card_choices":[{"not_picked":["Sword Boomerang","Clothesline"],"picked":"Body Slam","floor":1},{"not_picked":["Seeing Red","Carnage"],"picked":"Entrench","floor":6},{"not_picked":["Dropkick","Combust"],"picked":"Armaments","floor":8},{"not_picked":["Sword Boomerang","Reckless Charge"],"picked":"Cleave","floor":10},{"not_picked":["Uppercut","Body Slam"],"picked":"Battle Trance","floor":11},{"not_picked":["Thunderclap","Sword Boomerang"],"picked":"Cleave","floor":12},{"not_picked":["Berserk","Headbutt"],"picked":"Rupture","floor":13},{"not_picked":["Cleave","Metallicize"],"picked":"Whirlwind","floor":14},{"not_picked":["Dark Embrace","Impervious"],"picked":"Reaper","floor":16},{"not_picked":["Iron Wave","Battle Trance","Intimidate"],"picked":"SKIP","floor":18},{"not_picked":["Burning Pact","Perfected Strike","Clothesline"],"picked":"SKIP","floor":24},{"not_picked":["True Grit","Shrug It Off","Warcry"],"picked":"SKIP","floor":27},{"not_picked":["Disarm","Perfected Strike"],"picked":"Rampage","floor":28},{"not_picked":["Fire Breathing","Shrug It Off"],"picked":"Rupture","floor":30},{"not_picked":["Dropkick","Pummel+1"],"picked":"Body Slam+1","floor":31}],"player_experience":1818288,"relics_obtained":[{"floor":6,"key":"Orichalcum"},{"floor":9,"key":"Tiny Chest"},{"floor":21,"key":"Mercury Hourglass"},{"floor":26,"key":"Ancient Tea Set"}],"event_choices":[{"damage_healed":18,"gold_gain":0,"player_choice":"Healed","damage_taken":0,"max_hp_gain":0,"max_hp_loss":0,"event_name":"The Cleric","floor":2,"gold_loss":35},{"damage_healed":0,"gold_gain":0,"player_choice":"Box","damage_taken":0,"relics_obtained":["Turnip"],"max_hp_gain":0,"max_hp_loss":0,"event_name":"Big Fish","floor":3,"gold_loss":0,"cards_obtained":["Regret"]},{"damage_healed":0,"gold_gain":75,"player_choice":"Gather Gold","damage_taken":11,"max_hp_gain":0,"max_hp_loss":0,"event_name":"World of Goop","floor":4,"gold_loss":0},{"cards_removed":["Regret"],"damage_healed":0,"gold_gain":0,"player_choice":"Forget","damage_taken":0,"max_hp_gain":0,"max_hp_loss":0,"event_name":"Living Wall","floor":5,"gold_loss":0},{"damage_healed":0,"gold_gain":0,"player_choice":"Joined the Cult","damage_taken":6,"max_hp_gain":0,"max_hp_loss":0,"event_name":"Nest","floor":20,"gold_loss":0,"cards_obtained":["RitualDagger"]},{"damage_healed":0,"gold_gain":100,"player_choice":"Pray","damage_taken":0,"max_hp_gain":0,"max_hp_loss":0,"event_name":"Golden Shrine","floor":22,"gold_loss":0}],"is_beta":false,"boss_relics":[{"not_picked":["Black Star","Lizard Tail"],"picked":"Pandora\u0027s Box"}],"items_purged_floors":[],"is_endless":false,"potions_floor_spawned":[6,8,12,14,18,24],"killed_by":"Collector","ascension_level":14}