{"gold_per_floor":[114,189,204,158,173,173,203,218,243,258,288,303,333,333,333,433,433,448,448,448,433,433,463,463,523,523,553,568,598,613,392,392,492,492,507,86,101,101,116,146,161,191,191,221,221,21,21,51,51,51],"floor_reached":51,"playtime":10658,"items_purged":["Turbo"],"score":1163,"play_id":"b6f7ec83-6a59-4ef2-8916-e1a58b33cbbe","local_time":"20181229000253","daily_mods":["SealedDeck","Blue Cards","Elite Swarm"],"is_ascension_mode":false,"campfire_choices":[{"data":"Bloodletting","floor":6,"key":"SMITH"},{"data":"Body Slam","floor":15,"key":"SMITH"},{"data":"Impervious","floor":24,"key":"SMITH"},{"data":"Armaments","floor":32,"key":"SMITH"},{"data":"Seek","floor":47,"key":"SMITH"},{"data":"Juggernaut","floor":49,"key":"SMITH"}],"neow_cost":"","seed_source_timestamp":95571491172811,"circlet_count":0,"master_deck":["Hologram","Bloodletting+1","Hologram","Iron Wave+1","Conserve Battery+1","Body Slam+1","Hologram","Undo","True Grit","Steam","Sentinel","Steam","Echo Form","Double Energy","Impervious+1","Body Slam+1","Steam","Decay","Armaments+1","Steam","Conserve Battery","Juggernaut+1","BootSequence+1","Metallicize","Ghostly Armor+1","Dual Wield+1","Seek+1","Conserve Battery+1","Writhe","Dual Wield+1"],"special_seed":17894,"relics":["Burning Blood","Kunai","Juzu Bracelet","Mercury Hourglass","StoneCalendar","Cursed Key","MutagenicStrength","Smiling Mask","Tiny Chest","Lantern","Art of War","Anchor","Mark of Pain","Calipers","Bag of Preparation","Vajra","Pear","Champion Belt","DollysMirror","FossilizedHelix"],"potions_floor_usage":[7,7,13,25,28,33,33,44,44,44,44,50,50],"damage_taken":[{"damage":3,"enemies":"2 Louse","floor":1,"turns":3},{"damage":0,"enemies":"Cultist","floor":3,"turns":4},{"damage":0,"enemies":"Small Slimes","floor":5,"turns":6},{"damage":3,"enemies":"Gremlin Nob","floor":7,"turns":2},{"damage":3,"enemies":"Looter","floor":8,"turns":3},{"damage":3,"enemies":"3 Louse","floor":10,"turns":3},{"damage":3,"enemies":"Lagavulin","floor":11,"turns":7},{"damage":0,"enemies":"Red Slaver","floor":12,"turns":4},{"damage":14,"enemies":"Gremlin Nob","floor":13,"turns":5},{"damage":3,"enemies":"Slime Boss","floor":16,"turns":4},{"damage":5,"enemies":"Shell Parasite","floor":18,"turns":4},{"damage":3,"enemies":"2 Thieves","floor":21,"turns":4},{"damage":0,"enemies":"Book of Stabbing","floor":23,"turns":5},{"damage":11,"enemies":"Slavers","floor":25,"turns":5},{"damage":29,"enemies":"Gremlin Leader","floor":27,"turns":4},{"damage":13,"enemies":"Sentry and Sphere","floor":28,"turns":4},{"damage":0,"enemies":"Book of Stabbing","floor":29,"turns":4},{"damage":9,"enemies":"Chosen and Byrds","floor":30,"turns":3},{"damage":14,"enemies":"Collector","floor":33,"turns":14},{"damage":4,"enemies":"Orb Walker","floor":35,"turns":4},{"damage":0,"enemies":"3 Darklings","floor":37,"turns":4},{"damage":0,"enemies":"Jaw Worm Horde","floor":39,"turns":3},{"damage":0,"enemies":"Giant Head","floor":40,"turns":4},{"damage":0,"enemies":"Spire Growth","floor":41,"turns":3},{"damage":0,"enemies":"Nemesis","floor":42,"turns":6},{"damage":0,"enemies":"Reptomancer","floor":44,"turns":4},{"damage":3,"enemies":"Giant Head","floor":48,"turns":4},{"damage":0,"enemies":"Awakened One","floor":50,"turns":5}],"seed_played":"-4967362321938783181","potions_obtained":[{"floor":1,"key":"FearPotion"},{"floor":5,"key":"Fire Potion"},{"floor":8,"key":"GamblersBrew"},{"floor":10,"key":"Weak Potion"},{"floor":25,"key":"Poison Potion"},{"floor":29,"key":"Explosive Potion"},{"floor":30,"key":"SpeedPotion"},{"floor":33,"key":"Explosive Potion"},{"floor":39,"key":"EntropicBrew"},{"floor":41,"key":"Explosive Potion"},{"floor":44,"key":"SpeedPotion"}],"is_trial":false,"path_per_floor":["M","?","M","$","M","R","E","M","T","M","E","M","E","?","R","B",null,"M","?","?","M","?","E","R","E","T","E","M","E","M","$","R","B",null,"M","$","M","?","M","E","M","E","T","E","?","$","R","E","R","B",null],"character_chosen":"IRONCLAD","items_purchased":["Steam","Anchor","Steam","Conserve Battery","Calipers","Metallicize","DollysMirror"],"campfire_rested":0,"item_purchase_floors":[4,31,31,31,36,36,46],"current_hp_per_floor":[80,72,78,78,80,80,80,80,80,80,80,80,72,56,56,59,80,80,80,80,80,80,80,80,75,75,52,45,51,48,48,48,40,80,80,80,80,80,80,80,80,80,90,90,85,85,85,85,85,85],"gold":51,"neow_bonus":"","is_prod":false,"is_daily":true,"chose_seed":false,"campfire_upgraded":6,"win_rate":0,"timestamp":1546070573,"path_taken":["M","?","?","?","M","R","E","?","T","M","E","M","E","?","R","BOSS","M","?","?","M","?","E","R","E","T","E","M","E","M","$","R","BOSS","M","$","M","?","M","E","M","E","T","E","?","$","R","E","R","BOSS"],"build_version":"2018-12-20","purchased_purges":1,"victory":true,"max_hp_per_floor":[80,80,80,80,80,80,80,80,80,80,80,80,80,80,80,80,80,80,80,80,80,80,80,80,80,80,80,80,80,80,80,80,80,80,80,80,80,80,80,80,80,80,90,90,85,85,85,85,85,85],"card_choices":[{"not_picked":["Storm","Scrape","Go for the Eyes"],"picked":"SKIP","floor":1},{"not_picked":["Go for the Eyes","Evolve"],"picked":"True Grit","floor":3},{"not_picked":["Darkness","Blood for Blood"],"picked":"Sentinel","floor":5},{"not_picked":["Offering","Berserk"],"picked":"Juggernaut","floor":7},{"not_picked":["Streamline","Disarm"],"picked":"Steam","floor":8},{"not_picked":["Redo","Tempest","Clothesline"],"picked":"SKIP","floor":10},{"not_picked":["Fission","Biased Cognition"],"picked":"Echo Form","floor":11},{"not_picked":["Battle Trance","Havoc"],"picked":"Double Energy","floor":12},{"not_picked":["Limit Break","Thunder Strike"],"picked":"Impervious","floor":13},{"not_picked":["Doom and Gloom","Steam Power+1","Barrage+1"],"picked":"SKIP","floor":18},{"not_picked":["Iron Wave","Inflame+1"],"picked":"Steam","floor":21},{"not_picked":["Amplify","Meteor Strike","All For One"],"picked":"SKIP","floor":23},{"not_picked":["Multi-Cast","Thunder Strike","Core Surge"],"picked":"SKIP","floor":25},{"not_picked":["Berserk","Brutality","Multi-Cast"],"picked":"SKIP","floor":27},{"not_picked":["Clothesline","Fire Breathing","Redo"],"picked":"SKIP","floor":28},{"not_picked":["Hyperbeam","Fiend Fire","Echo Form"],"picked":"SKIP","floor":29},{"not_picked":["Whirlwind+1","Undo"],"picked":"Armaments","floor":30},{"not_picked":["Amplify","Seek"],"picked":"Juggernaut","floor":33},{"not_picked":["Fusion+1","Sword Boomerang+1"],"picked":"BootSequence+1","floor":35},{"not_picked":["Fire Breathing","Recycle"],"picked":"Ghostly Armor+1","floor":37},{"not_picked":["Wild Strike","Clothesline"],"picked":"Dual Wield+1","floor":39},{"not_picked":["Reaper","Biased Cognition"],"picked":"Seek","floor":40},{"not_picked":["Twin Strike+1","Turbo"],"picked":"Conserve Battery+1","floor":41},{"not_picked":["Berserk","Electrodynamics","Meteor Strike"],"picked":"SKIP","floor":42},{"not_picked":["Multi-Cast","Limit Break","Berserk"],"picked":"SKIP","floor":44},{"not_picked":["Demon Form","Machine Learning","Biased Cognition"],"picked":"SKIP","floor":48}],"player_experience":187613,"relics_obtained":[{"floor":7,"key":"Kunai"},{"floor":9,"key":"Juzu Bracelet"},{"floor":11,"key":"Mercury Hourglass"},{"floor":13,"key":"StoneCalendar"},{"floor":23,"key":"Smiling Mask"},{"floor":25,"key":"Tiny Chest"},{"floor":27,"key":"Lantern"},{"floor":29,"key":"Art of War"},{"floor":40,"key":"Bag of Preparation"},{"floor":42,"key":"Vajra"},{"floor":43,"key":"Pear"},{"floor":44,"key":"Champion Belt"},{"floor":48,"key":"FossilizedHelix"}],"event_choices":[{"damage_healed":0,"gold_gain":75,"player_choice":"Touch","damage_taken":8,"max_hp_gain":0,"max_hp_loss":0,"event_name":"FaceTrader","floor":2,"gold_loss":0},{"damage_healed":0,"gold_gain":0,"player_choice":"Entered Light","damage_taken":16,"max_hp_gain":0,"max_hp_loss":0,"event_name":"Shining Light","floor":14,"gold_loss":0,"cards_upgraded":["Iron Wave","Conserve Battery"]},{"cards_removed":["True Grit"],"damage_healed":5,"gold_gain":0,"player_choice":"Offered Common","damage_taken":0,"max_hp_gain":0,"max_hp_loss":0,"event_name":"Bonfire Elementals","floor":19,"gold_loss":0},{"cards_removed":["True Grit"],"damage_healed":5,"gold_gain":0,"player_choice":"Offered Special","damage_taken":0,"max_hp_gain":0,"max_hp_loss":0,"event_name":"Bonfire Elementals","floor":19,"gold_loss":0},{"damage_healed":0,"gold_gain":0,"player_choice":"Copied","damage_taken":0,"max_hp_gain":0,"max_hp_loss":0,"event_name":"Duplicator","floor":20,"gold_loss":0,"cards_obtained":["Body Slam"]},{"damage_healed":0,"gold_gain":0,"player_choice":"Inject Mutagens","damage_taken":0,"relics_obtained":["MutagenicStrength"],"max_hp_gain":0,"max_hp_loss":0,"event_name":"Drug Dealer","floor":22,"gold_loss":0},{"cards_removed":["Juggernaut"],"damage_healed":0,"gold_gain":0,"player_choice":"Removed Power","damage_taken":0,"max_hp_gain":0,"max_hp_loss":0,"event_name":"Falling","floor":38,"gold_loss":0},{"damage_healed":0,"gold_gain":0,"player_choice":"Max HP","damage_taken":0,"max_hp_gain":0,"max_hp_loss":5,"event_name":"Winding Halls","floor":45,"gold_loss":0}],"is_beta":false,"boss_relics":[{"not_picked":["Busted Crown","Calling Bell"],"picked":"Cursed Key"},{"not_picked":["Fusion Hammer","Snecko Eye"],"picked":"Mark of Pain"}],"items_purged_floors":[36],"is_endless":false,"potions_floor_spawned":[1,5,8,10,25,29,30,33,39,41,44],"ascension_level":0}