{"gold_per_floor":[113,288,288,303,6,6,6,6,59,86,86,160,160,20,20,92,92,122,150,4,20,37,37],"floor_reached":23,"playtime":1193,"items_purged":["Strike_G","Normality"],"score":350,"play_id":"e4c1d795-96fb-4c39-b27a-2761864abdc8","local_time":"20190430103110","is_ascension_mode":true,"campfire_choices":[{"data":"Calculated Gamble","floor":6,"key":"SMITH"},{"data":"Choke","floor":8,"key":"SMITH"},{"data":"Footwork","floor":11,"key":"SMITH"},{"data":"Deadly Poison","floor":13,"key":"SMITH"},{"data":"Noxious Fumes","floor":15,"key":"SMITH"}],"neow_cost":"NONE","seed_source_timestamp":10036895239620,"circlet_count":0,"master_deck":["AscendersBane","Defend_G","Defend_G","Defend_G","Defend_G","Defend_G","Strike_G","Strike_G","Strike_G","Strike_G","Survivor","Neutralize","Choke+1","Calculated Gamble+1","Footwork+1","Deadly Poison+1","PiercingWail","Noxious Fumes+1","Apotheosis","Enlightenment","Envenom","Regret","Injury","Predator","Endless Agony+1","Magnetism","Backflip","Terror","Expertise"],"relics":["Ring of the Snake","NeowsBlessing","Membership Card","Bag of Marbles","Gremlin Horn","Calling Bell","MawBank","Matryoshka","Du-Vu Doll"],"potions_floor_usage":[21,22],"damage_taken":[{"damage":0,"enemies":"2 Louse","floor":1,"turns":1},{"damage":0,"enemies":"Jaw Worm","floor":4,"turns":1},{"damage":0,"enemies":"3 Sentries","floor":10,"turns":1},{"damage":7,"enemies":"The Guardian","floor":16,"turns":10},{"damage":1,"enemies":"Chosen","floor":18,"turns":5},{"damage":11,"enemies":"Spheric Guardian","floor":19,"turns":5},{"damage":23,"enemies":"Snecko","floor":21,"turns":6},{"damage":27,"enemies":"Centurion and Healer","floor":22,"turns":7},{"damage":7,"enemies":"Gremlin Leader","floor":23,"turns":2}],"seed_played":"2997570277604261341","potions_obtained":[{"floor":1,"key":"Fire Potion"},{"floor":4,"key":"Ancient Potion"}],"is_trial":false,"path_per_floor":["M","?","?","M","$","R","?","R","T","E","R","?","R","$","R","B",null,"M","M","$","M","M","E"],"character_chosen":"THE_SILENT","items_purchased":["Membership Card","Footwork","Deadly Poison","Noxious Fumes","Apotheosis","Enlightenment","Magnetism","Backflip"],"campfire_rested":0,"item_purchase_floors":[5,5,5,14,14,14,20,20],"current_hp_per_floor":[63,63,63,63,63,63,63,63,63,63,63,63,63,63,63,56,67,66,55,55,32,5,0],"gold":37,"neow_bonus":"THREE_ENEMY_KILL","is_prod":false,"is_daily":false,"chose_seed":false,"campfire_upgraded":5,"win_rate":0,"timestamp":1556645470,"path_taken":["M","?","?","?","$","R","?","R","T","E","R","?","R","$","R","BOSS","M","M","$","M","M","E"],"build_version":"2019-01-23","purchased_purges":2,"victory":false,"max_hp_per_floor":[70,70,70,70,70,70,70,70,70,70,70,70,70,70,70,70,70,70,70,70,70,70,70],"card_choices":[{"not_picked":["Quick Slash","Escape Plan"],"picked":"Choke","floor":1},{"not_picked":["Outmaneuver","Blur"],"picked":"Calculated Gamble","floor":4},{"not_picked":["Blade Dance","Sucker Punch"],"picked":"PiercingWail","floor":10},{"not_picked":["Grand Finale","Doppelganger"],"picked":"Envenom","floor":16},{"not_picked":["Prepared","Distraction"],"picked":"Predator","floor":18},{"not_picked":["Slice","Outmaneuver"],"picked":"Endless Agony+1","floor":19},{"not_picked":["Dagger Spray","All Out Attack"],"picked":"Terror","floor":21},{"not_picked":["Flying Knee","Prepared"],"picked":"Expertise","floor":22}],"player_experience":1526709,"relics_obtained":[{"floor":9,"key":"Bag of Marbles"},{"floor":10,"key":"Gremlin Horn"},{"floor":17,"key":"MawBank"},{"floor":17,"key":"Matryoshka"},{"floor":17,"key":"Du-Vu Doll"}],"event_choices":[{"damage_healed":0,"gold_gain":175,"player_choice":"AGREE","damage_taken":0,"max_hp_gain":0,"max_hp_loss":0,"event_name":"Liars Game","floor":2,"gold_loss":0,"cards_obtained":["Doubt"]},{"cards_removed":["Doubt"],"damage_healed":0,"gold_gain":0,"player_choice":"Card Removal","damage_taken":0,"max_hp_gain":0,"max_hp_loss":0,"event_name":"Wheel of Change","floor":3,"gold_loss":0},{"damage_healed":0,"gold_gain":0,"player_choice":"Leave","damage_taken":0,"max_hp_gain":0,"max_hp_loss":0,"event_name":"The Cleric","floor":7,"gold_loss":0},{"damage_healed":0,"gold_gain":74,"player_choice":"Gained Gold","damage_taken":0,"max_hp_gain":0,"max_hp_loss":0,"event_name":"Golden Wing","floor":12,"gold_loss":0}],"is_beta":false,"boss_relics":[{"not_picked":["White Beast Statue","Ectoplasm"],"picked":"Calling Bell"}],"items_purged_floors":[5,20],"is_endless":false,"potions_floor_spawned":[1,4,16,18],"killed_by":"Gremlin Leader","ascension_level":13}