{"gold_per_floor":[117,136,311,411,427,452,452,467,467,44,44,44,73,90,90,186,186,200,2,13,13,13,13,13,13,13,13,32,32,32,46,46,46],"floor_reached":33,"playtime":1436,"items_purged":[],"score":266,"play_id":"f4080c2a-504c-47dc-b79a-db42411fc4b4","local_time":"20181121193211","is_ascension_mode":true,"campfire_choices":[{"floor":7,"key":"REST"},{"floor":11,"key":"DIG"},{"floor":15,"key":"REST"},{"floor":23,"key":"DIG"},{"floor":24,"key":"DIG"},{"floor":25,"key":"DIG"},{"floor":29,"key":"DIG"},{"floor":32,"key":"REST"}],"neow_cost":"NONE","seed_source_timestamp":609903785990800,"circlet_count":0,"master_deck":["Defend_G","Defend_G","Defend_G","Defend_G","Defend_G","Strike_G","Strike_G","Strike_G","Strike_G","Strike_G","Survivor","Neutralize","Skewer","Doubt","PiercingWail","Setup","Bandage Up","Venomology","Poisoned Stab","Bouncing Flask","After Image","Cloak And Dagger+1","Terror","Decay","Dagger Spray","PiercingWail"],"relics":["Ring of the Snake","Art of War","Shovel","Du-Vu Doll","MealTicket","WingedGreaves","The Specimen","White Beast Statue","Membership Card","Potion Belt","Darkstone Periapt","Orichalcum","Bronze Scales","Oddly Smooth Stone"],"potions_floor_usage":[6,13,16,16,20,20,22,28,31,31,31,33],"damage_taken":[{"damage":0,"enemies":"2 Louse","floor":1,"turns":3},{"damage":0,"enemies":"Jaw Worm","floor":2,"turns":5},{"damage":0,"enemies":"Cultist","floor":5,"turns":4},{"damage":45,"enemies":"Gremlin Nob","floor":6,"turns":7},{"damage":1,"enemies":"Lots of Slimes","floor":8,"turns":8},{"damage":38,"enemies":"Lagavulin","floor":13,"turns":8},{"damage":5,"enemies":"Blue Slaver","floor":14,"turns":4},{"damage":20,"enemies":"Hexaghost","floor":16,"turns":9},{"damage":34,"enemies":"Spheric Guardian","floor":18,"turns":6},{"damage":0,"enemies":"3 Byrds","floor":20,"turns":6},{"damage":26,"enemies":"Colosseum Slavers","floor":22,"turns":4},{"damage":16,"enemies":"Snake Plant","floor":28,"turns":3},{"damage":24,"enemies":"Sentry and Sphere","floor":31,"turns":8},{"damage":49,"enemies":"Automaton","floor":33,"turns":6}],"seed_played":"2785277774256260811","potions_obtained":[{"floor":5,"key":"Weak Potion"},{"floor":14,"key":"Fire Potion"},{"floor":16,"key":"FearPotion"},{"floor":18,"key":"Block Potion"},{"floor":20,"key":"Explosive Potion"},{"floor":28,"key":"Dexterity Potion"},{"floor":31,"key":"Ancient Potion"}],"is_trial":false,"path_per_floor":["M","M","?","?","M","E","R","M","T","$","R","$","E","M","R","B",null,"M","$","M","$","?","R","R","R","T","?","M","R","?","M","R","B"],"character_chosen":"THE_SILENT","items_purchased":["MealTicket","Bandage Up","Venomology","Membership Card"],"campfire_rested":3,"item_purchase_floors":[10,10,10,19],"current_hp_per_floor":[70,70,70,70,70,25,46,45,45,45,45,55,21,20,41,25,70,40,50,54,64,42,42,42,42,42,48,36,36,36,16,38,0],"gold":46,"neow_bonus":"RANDOM_COMMON_RELIC","is_prod":false,"is_daily":false,"chose_seed":false,"campfire_upgraded":0,"win_rate":0,"timestamp":1542825131,"path_taken":["M","M","?","?","?","E","R","M","T","$","R","$","E","?","R","BOSS","M","$","M","$","?","R","R","R","T","?","?","R","?","M","R","BOSS"],"build_version":"2018-11-15","purchased_purges":0,"victory":false,"max_hp_per_floor":[70,70,70,70,70,70,70,70,70,70,70,70,70,70,70,70,70,70,70,70,70,70,70,70,70,70,76,76,76,76,76,76,76],"card_choices":[{"not_picked":["Backflip","Setup"],"picked":"Skewer","floor":1},{"not_picked":["Prepared","Escape Plan","Expertise"],"picked":"SKIP","floor":2},{"not_picked":["Deflect","Footwork"],"picked":"PiercingWail","floor":5},{"not_picked":["Underhanded Strike","Poisoned Stab"],"picked":"Setup","floor":6},{"not_picked":["Bane","Deflect","Prepared"],"picked":"SKIP","floor":8},{"not_picked":["Caltrops","Riddle With Holes"],"picked":"Poisoned Stab","floor":13},{"not_picked":["Backflip","Blur"],"picked":"Bouncing Flask","floor":14},{"not_picked":["Grand Finale","Unload"],"picked":"After Image","floor":16},{"not_picked":["Riddle With Holes","Predator"],"picked":"Cloak And Dagger+1","floor":18},{"not_picked":["Sucker Punch","Blade Dance"],"picked":"Terror","floor":20},{"not_picked":["Dodge and Roll","Backflip"],"picked":"Dagger Spray","floor":28},{"not_picked":["Acrobatics","Reflex"],"picked":"PiercingWail","floor":31}],"player_experience":1016331,"relics_obtained":[{"floor":6,"key":"Shovel"},{"floor":9,"key":"Du-Vu Doll"},{"floor":11,"key":"WingedGreaves"},{"floor":13,"key":"The Specimen"},{"floor":23,"key":"Potion Belt"},{"floor":24,"key":"Darkstone Periapt"},{"floor":25,"key":"Orichalcum"},{"floor":26,"key":"Bronze Scales"},{"floor":29,"key":"Oddly Smooth Stone"}],"event_choices":[{"damage_healed":0,"gold_gain":175,"player_choice":"AGREE","damage_taken":0,"max_hp_gain":0,"max_hp_loss":0,"event_name":"Liars Game","floor":3,"gold_loss":0,"cards_obtained":["Doubt"]},{"damage_healed":0,"gold_gain":100,"player_choice":"Gold","damage_taken":0,"max_hp_gain":0,"max_hp_loss":0,"event_name":"Wheel of Change","floor":4,"gold_loss":0},{"damage_healed":0,"gold_gain":0,"player_choice":"Fight","damage_taken":0,"max_hp_gain":0,"max_hp_loss":0,"event_name":"Colosseum","floor":22,"gold_loss":0},{"damage_healed":0,"gold_gain":0,"player_choice":"Fled From Nobs","damage_taken":0,"max_hp_gain":0,"max_hp_loss":0,"event_name":"Colosseum","floor":22,"gold_loss":0},{"damage_healed":0,"gold_gain":0,"player_choice":"Smashed Altar","damage_taken":0,"max_hp_gain":0,"max_hp_loss":0,"event_name":"Forgotten Altar","floor":27,"gold_loss":0,"cards_obtained":["Decay"]},{"damage_healed":0,"gold_gain":0,"player_choice":"Ignored","damage_taken":0,"max_hp_gain":0,"max_hp_loss":0,"event_name":"Fountain of Cleansing","floor":30,"gold_loss":0}],"is_beta":false,"boss_relics":[{"not_picked":["Ring of the Serpent","HoveringKite"],"picked":"White Beast Statue"}],"items_purged_floors":[],"is_endless":false,"potions_floor_spawned":[5,14,16,18,20,22,28,31],"killed_by":"Automaton","ascension_level":1}