{"gold_per_floor":[14,89,108,108,118,118,148,148,175,175,175,209,226,240,240,318,318,333,149,166,25,44,78,78,78,78,78,78],"floor_reached":28,"playtime":1637,"items_purged":["Strike_B","Strike_B"],"score":517,"play_id":"54302229-a77b-4a29-82f1-03f1b9cac736","local_time":"20190502172232","is_ascension_mode":true,"campfire_choices":[{"data":"Zap","floor":6,"key":"SMITH"},{"floor":8,"key":"REST"},{"floor":15,"key":"REST"},{"floor":24,"key":"REST"},{"data":"Loop","floor":27,"key":"SMITH"}],"neow_cost":"NO_GOLD","seed_source_timestamp":472905564565274,"circlet_count":0,"master_deck":["AscendersBane","Strike_B","Strike_B","Defend_B+1","Defend_B+1","Defend_B","Defend_B","Zap+1","Dualcast","Darkness+1","FTL+1","Glacier","Sweeping Beam","Undo","Echo Form","Loop+1","Conserve Battery","Glacier","Glacier","White Noise","Coolheaded+1","Shame"],"relics":["Cracked Core","War Paint","Vajra","Symbiotic Virus","Regal Pillow","Velvet Choker","Toxic Egg 2","Anchor","Matryoshka"],"potions_floor_usage":[7,12],"damage_taken":[{"damage":0,"enemies":"Cultist","floor":1,"turns":3},{"damage":2,"enemies":"2 Louse","floor":3,"turns":3},{"damage":0,"enemies":"Small Slimes","floor":5,"turns":2},{"damage":25,"enemies":"Lagavulin","floor":7,"turns":7},{"damage":11,"enemies":"Gremlin Nob","floor":12,"turns":3},{"damage":0,"enemies":"3 Louse","floor":13,"turns":3},{"damage":1,"enemies":"Exordium Wildlife","floor":14,"turns":3},{"damage":14,"enemies":"Slime Boss","floor":16,"turns":7},{"damage":16,"enemies":"Shell Parasite","floor":18,"turns":3},{"damage":1,"enemies":"3 Byrds","floor":20,"turns":5},{"damage":0,"enemies":"Centurion and Healer","floor":22,"turns":7},{"damage":39,"enemies":"Slavers","floor":23,"turns":8},{"damage":76,"enemies":"Gremlin Leader","floor":28,"turns":8}],"seed_played":"-4990931485427622445","potions_obtained":[{"floor":1,"key":"GamblersBrew"},{"floor":3,"key":"Strength Potion"},{"floor":13,"key":"FearPotion"}],"is_trial":false,"path_per_floor":["M","?","M","?","M","R","E","R","T","?","?","E","M","M","R","B",null,"M","$","M","$","M","E","R","?","T","R","E"],"character_chosen":"DEFECT","items_purchased":["Loop","Conserve Battery","Glacier"],"campfire_rested":3,"item_purchase_floors":[19,19,21],"current_hp_per_floor":[78,67,65,39,39,39,14,39,39,28,33,22,22,21,63,49,80,64,64,63,63,63,24,66,66,66,66,0],"gold":78,"neow_bonus":"TWENTY_PERCENT_HP_BONUS","is_prod":false,"is_daily":false,"chose_seed":false,"campfire_upgraded":2,"win_rate":0,"timestamp":1556832152,"path_taken":["M","?","M","?","M","R","E","R","T","?","?","E","M","?","R","BOSS","M","$","M","?","M","E","R","?","T","R","E"],"build_version":"2019-01-23","purchased_purges":2,"victory":false,"max_hp_per_floor":[85,85,85,85,85,85,85,85,85,85,90,90,90,90,90,90,90,90,90,90,90,90,90,90,90,90,90,90],"card_choices":[{"not_picked":["Reprogram","Force Field"],"picked":"Darkness","floor":1},{"not_picked":["Redo","Stack"],"picked":"FTL","floor":3},{"not_picked":["Hologram","Barrage"],"picked":"Glacier","floor":5},{"not_picked":["Steam","Hologram"],"picked":"Sweeping Beam","floor":7},{"not_picked":["Steam","Hello World","FTL"],"picked":"SKIP","floor":12},{"not_picked":["Creative AI","Tempest"],"picked":"Undo","floor":13},{"not_picked":["Stack","Go for the Eyes","Streamline"],"picked":"SKIP","floor":14},{"not_picked":["Hyperbeam","Machine Learning"],"picked":"Echo Form","floor":16},{"not_picked":["Redo","Sweeping Beam+1","Turbo"],"picked":"SKIP","floor":18},{"not_picked":["Sweeping Beam","Hologram"],"picked":"Glacier","floor":20},{"not_picked":["Chill","Streamline+1"],"picked":"White Noise","floor":22},{"not_picked":["Rip and Tear","Sweeping Beam"],"picked":"Coolheaded+1","floor":23}],"player_experience":827248,"relics_obtained":[{"floor":7,"key":"War Paint"},{"floor":9,"key":"Vajra"},{"floor":12,"key":"Regal Pillow"},{"floor":23,"key":"Toxic Egg 2"},{"floor":26,"key":"Matryoshka"}],"event_choices":[{"damage_healed":0,"gold_gain":75,"player_choice":"Gather Gold","damage_taken":11,"max_hp_gain":0,"max_hp_loss":0,"event_name":"World of Goop","floor":2,"gold_loss":0},{"damage_healed":0,"gold_gain":0,"player_choice":"Entered Light","damage_taken":26,"max_hp_gain":0,"max_hp_loss":0,"event_name":"Shining Light","floor":4,"gold_loss":0,"cards_upgraded":["FTL","Defend_B"]},{"damage_healed":0,"gold_gain":0,"player_choice":"Success","damage_taken":11,"relics_obtained":["Symbiotic Virus"],"max_hp_gain":0,"max_hp_loss":0,"event_name":"Scrap Ooze","floor":10,"gold_loss":0},{"damage_healed":0,"gold_gain":0,"player_choice":"Donut","damage_taken":0,"max_hp_gain":5,"max_hp_loss":0,"event_name":"Big Fish","floor":11,"gold_loss":0},{"damage_healed":0,"gold_gain":0,"player_choice":"Stole Relic","damage_taken":0,"relics_obtained":["Anchor"],"max_hp_gain":0,"max_hp_loss":0,"event_name":"Addict","floor":25,"gold_loss":0,"cards_obtained":["Shame"]}],"is_beta":false,"boss_relics":[{"not_picked":["Black Star","FrozenCore"],"picked":"Velvet Choker"}],"items_purged_floors":[19,21],"is_endless":false,"potions_floor_spawned":[1,3,13],"killed_by":"Gremlin Leader","ascension_level":20}