{"gold_per_floor":[113,44,56,75,75,105,125,125,202,222,250,250,269,72,72,168,168,178,204,223,80,92,92,110,120,120,120,135,135,0,55,55,159,159,177,194,194,194,208,208,58,58,58,58,75,93,93,108,108,108],"floor_reached":50,"playtime":2349,"items_purged":["Defend_B"],"score":638,"play_id":"d670202a-21b2-4632-bbab-7fa250f8837e","local_time":"20190126225754","is_ascension_mode":true,"campfire_choices":[{"floor":8,"key":"REST"},{"floor":12,"key":"REST"},{"floor":15,"key":"REST"},{"data":"Creative AI","floor":23,"key":"SMITH"},{"data":"Rainbow","floor":27,"key":"SMITH"},{"data":"Apotheosis","floor":32,"key":"SMITH"},{"floor":40,"key":"REST"},{"floor":42,"key":"REST"},{"floor":47,"key":"REST"},{"floor":49,"key":"REST"}],"neow_cost":"CURSE","seed_source_timestamp":276347755976300,"circlet_count":0,"master_deck":["Strike_B","Defend_B","Defend_B","Defend_B","Zap+1","Dualcast+1","Static Discharge","Rainbow+1","Ball Lightning","Redo","Recycle","Cold Snap","Melter+1","Turbo","Sunder+1","Apotheosis+1","Creative AI+1","Turbo+1","Hologram+1","Biased Cognition","Fusion","Turbo+1","Rainbow+1","Redo+1","Defragment+1","Leap+1","Glacier+1"],"relics":["Cracked Core","FossilizedHelix","Molten Egg 2","Anchor","Empty Cage","Blood Vial","Toxic Egg 2","Oddly Smooth Stone","Busted Crown","PreservedInsect","Kunai","War Paint"],"potions_floor_usage":[11,11,11,22,22,24,33,46,50,50],"damage_taken":[{"damage":10,"enemies":"2 Louse","floor":1,"turns":3},{"damage":4,"enemies":"Cultist","floor":3,"turns":3},{"damage":12,"enemies":"Jaw Worm","floor":4,"turns":3},{"damage":34,"enemies":"Gremlin Nob","floor":6,"turns":4},{"damage":8,"enemies":"Blue Slaver","floor":7,"turns":3},{"damage":7,"enemies":"Exordium Wildlife","floor":10,"turns":3},{"damage":15,"enemies":"3 Sentries","floor":11,"turns":6},{"damage":0,"enemies":"2 Fungi Beasts","floor":13,"turns":3},{"damage":23,"enemies":"The Guardian","floor":16,"turns":7},{"damage":4,"enemies":"2 Thieves","floor":18,"turns":4},{"damage":9,"enemies":"3 Byrds","floor":20,"turns":3},{"damage":0,"enemies":"Centurion and Healer","floor":22,"turns":5},{"damage":14,"enemies":"Shelled Parasite and Fungi","floor":24,"turns":5},{"damage":0,"enemies":"Sentry and Sphere","floor":25,"turns":3},{"damage":16,"enemies":"Snake Plant","floor":28,"turns":3},{"damage":37,"enemies":"Champ","floor":33,"turns":10},{"damage":0,"enemies":"Orb Walker","floor":35,"turns":4},{"damage":0,"enemies":"3 Shapes","floor":36,"turns":4},{"damage":46,"enemies":"Spire Growth","floor":39,"turns":5},{"damage":0,"enemies":"Sphere and 2 Shapes","floor":45,"turns":3},{"damage":78,"enemies":"Transient","floor":46,"turns":5},{"damage":1,"enemies":"Maw","floor":48,"turns":7},{"damage":82,"enemies":"Awakened One","floor":50,"turns":7}],"seed_played":"4725853450219442095","potions_obtained":[{"floor":4,"key":"Energy Potion"},{"floor":6,"key":"SpeedPotion"},{"floor":7,"key":"EssenceOfSteel"},{"floor":10,"key":"Dexterity Potion"},{"floor":16,"key":"EssenceOfSteel"},{"floor":18,"key":"Fire Potion"},{"floor":20,"key":"FocusPotion"},{"floor":25,"key":"Dexterity Potion"},{"floor":33,"key":"SpeedPotion"},{"floor":39,"key":"Strength Potion"},{"floor":46,"key":"Fire Potion"}],"is_trial":false,"path_per_floor":["M","$","M","M","?","E","M","R","T","M","E","R","M","$","R","B",null,"M","T","M","$","M","R","M","M","T","R","M","?","?","T","R","B",null,"M","M","?","?","M","R","$","R","T","T","M","M","R","M","R","B"],"character_chosen":"DEFECT","items_purchased":["Rainbow","Apotheosis","Biased Cognition","PreservedInsect"],"campfire_rested":7,"item_purchase_floors":[2,14,21,41],"current_hp_per_floor":[72,72,68,56,56,22,14,40,40,33,18,44,44,44,70,47,79,75,75,68,68,70,70,58,60,60,60,46,75,75,75,75,40,77,79,81,81,81,37,63,63,89,89,89,89,11,37,38,64,0],"gold":108,"neow_bonus":"TWENTY_PERCENT_HP_BONUS","is_prod":false,"is_daily":false,"chose_seed":false,"campfire_upgraded":3,"win_rate":0,"timestamp":1548539874,"path_taken":["M","$","M","M","?","E","?","R","T","M","E","R","M","?","R","BOSS","M","?","?","?","M","R","M","M","T","R","M","?","?","?","R","BOSS","M","M","?","?","M","R","$","R","T","?","M","?","R","M","R","BOSS"],"build_version":"2019-01-23","purchased_purges":1,"victory":false,"max_hp_per_floor":[89,89,89,89,89,89,89,89,89,89,89,89,89,89,89,89,89,89,89,89,89,89,89,89,89,89,89,89,89,89,89,89,89,89,89,89,89,89,89,89,89,89,89,89,89,89,89,89,89,89],"card_choices":[{"not_picked":["Stack","Barrage"],"picked":"Static Discharge","floor":1},{"not_picked":["Conserve Battery","Sweeping Beam"],"picked":"Ball Lightning","floor":3},{"not_picked":["Beam Cell","Storm"],"picked":"Redo","floor":4},{"not_picked":["Auto Shields","Multi-Cast"],"picked":"Recycle","floor":6},{"not_picked":["Compile Driver","Rebound"],"picked":"Cold Snap","floor":7},{"not_picked":["Steam","Turbo"],"picked":"Melter+1","floor":10},{"not_picked":["Core Surge+1","Aggregate"],"picked":"Turbo","floor":11},{"not_picked":["Chaos","Turbo"],"picked":"Sunder+1","floor":13},{"not_picked":["All For One+1","Biased Cognition"],"picked":"Creative AI","floor":16},{"not_picked":["Stack+1","Redo"],"picked":"Turbo+1","floor":18},{"not_picked":["Leap","Cold Snap+1"],"picked":"Hologram+1","floor":20},{"not_picked":["Gash+1","Tempest"],"picked":"Fusion","floor":22},{"not_picked":["Recycle","Conserve Battery","Multi-Cast"],"picked":"SKIP","floor":24},{"not_picked":["BootSequence+1","Static Discharge","Stack"],"picked":"SKIP","floor":25},{"not_picked":["Sweeping Beam+1","Go for the Eyes+1"],"picked":"Turbo+1","floor":28},{"not_picked":["Reboot+1","Biased Cognition"],"picked":"Rainbow+1","floor":33},{"not_picked":[],"picked":"Redo+1","floor":35},{"not_picked":["Cold Snap+1"],"picked":"SKIP","floor":36},{"not_picked":[],"picked":"Defragment+1","floor":39},{"not_picked":[],"picked":"Leap+1","floor":45},{"not_picked":["Sweeping Beam+1"],"picked":"SKIP","floor":46},{"not_picked":[],"picked":"Glacier+1","floor":48}],"player_experience":1324866,"relics_obtained":[{"floor":6,"key":"FossilizedHelix"},{"floor":9,"key":"Molten Egg 2"},{"floor":11,"key":"Anchor"},{"floor":19,"key":"Blood Vial"},{"floor":26,"key":"Toxic Egg 2"},{"floor":31,"key":"Oddly Smooth Stone"},{"floor":43,"key":"Kunai"},{"floor":44,"key":"War Paint"}],"event_choices":[{"cards_removed":["Clumsy"],"damage_healed":0,"gold_gain":0,"player_choice":"Purged","damage_taken":0,"max_hp_gain":0,"max_hp_loss":0,"event_name":"Purifier","floor":5,"gold_loss":0},{"damage_healed":29,"gold_gain":0,"player_choice":"Heal","damage_taken":0,"max_hp_gain":0,"max_hp_loss":0,"event_name":"The Library","floor":29,"gold_loss":0},{"damage_healed":0,"gold_gain":0,"player_choice":"Paid Fearfully","damage_taken":0,"max_hp_gain":0,"max_hp_loss":0,"event_name":"Masked Bandits","floor":30,"gold_loss":135},{"cards_removed":["Strike_B"],"damage_healed":0,"gold_gain":0,"player_choice":"Removed Attack","damage_taken":0,"max_hp_gain":0,"max_hp_loss":0,"event_name":"Falling","floor":37,"gold_loss":0},{"damage_healed":0,"gold_gain":0,"player_choice":"Ignored","damage_taken":0,"max_hp_gain":0,"max_hp_loss":0,"event_name":"Tomb of Lord Red Mask","floor":38,"gold_loss":0}],"is_beta":false,"boss_relics":[{"not_picked":["Astrolabe","Velvet Choker"],"picked":"Empty Cage"},{"not_picked":["Orrery","Runic Dome"],"picked":"Busted Crown"}],"items_purged_floors":[21],"is_endless":false,"potions_floor_spawned":[4,6,7,10,16,18,20,25,33,39,46],"killed_by":"Awakened One","ascension_level":8}