{"gold_per_floor":[113,38,213,233,233,263,263,277,277,277,308,278,278,298,298,372,372,390,390,155,155,155,155,0,0,0,25,25],"floor_reached":28,"playtime":1116,"items_purged":["Decay"],"score":396,"play_id":"5647bb7e-bc46-4e5e-bf8c-6da53e0943d7","local_time":"20190407165222","is_ascension_mode":true,"campfire_choices":[{"floor":7,"key":"REST"},{"floor":10,"key":"REST"},{"data":"Dual Wield","floor":13,"key":"SMITH"},{"data":"Discovery","floor":15,"key":"SMITH"},{"data":"Armaments","floor":23,"key":"SMITH"},{"data":"Battle Trance","floor":25,"key":"SMITH"}],"neow_cost":"CURSE","seed_source_timestamp":89610793062200,"circlet_count":0,"master_deck":["AscendersBane","Strike_R","Strike_R","Strike_R","Strike_R","Defend_R","Defend_R","Defend_R","Defend_R","Bash","Discovery+1","Swift Strike","Dual Wield+1","Battle Trance+1","Metallicize","Cleave","Seeing Red","Reaper","Mayhem","Armaments+1","Warcry+1"],"relics":["Burning Blood","Ornamental Fan","PreservedInsect","Dodecahedron","Dream Catcher","Empty Cage","Bottled Lightning","Unceasing Top"],"potions_floor_usage":[8,11,16,16,18,27],"damage_taken":[{"damage":6,"enemies":"Jaw Worm","floor":1,"turns":3},{"damage":0,"enemies":"2 Louse","floor":4,"turns":3},{"damage":42,"enemies":"3 Sentries","floor":6,"turns":11},{"damage":0,"enemies":"Small Slimes","floor":8,"turns":4},{"damage":5,"enemies":"Gremlin Nob","floor":11,"turns":3},{"damage":6,"enemies":"Looter","floor":12,"turns":4},{"damage":5,"enemies":"2 Fungi Beasts","floor":14,"turns":4},{"damage":92,"enemies":"Hexaghost","floor":16,"turns":10},{"damage":2,"enemies":"3 Byrds","floor":18,"turns":4},{"damage":47,"enemies":"Slavers","floor":27,"turns":5},{"damage":49,"enemies":"Chosen","floor":28,"turns":6}],"seed_played":"-2445908132966899505","potions_obtained":[{"floor":4,"key":"Fruit Juice"},{"floor":6,"key":"SteroidPotion"},{"floor":11,"key":"GamblersBrew"},{"floor":14,"key":"BloodPotion"},{"floor":16,"key":"Energy Potion"}],"is_trial":false,"path_per_floor":["M","$","?","M","T","E","R","M","T","R","E","M","R","M","R","B",null,"M","?","$","?","?","R","?","R","T","E","M"],"character_chosen":"IRONCLAD","items_purchased":["Mayhem","PowerPotion"],"campfire_rested":2,"item_purchase_floors":[20,20],"current_hp_per_floor":[72,72,72,78,78,42,66,77,77,85,85,85,85,85,85,7,66,76,76,76,76,76,76,76,76,76,35,0],"gold":25,"neow_bonus":"RANDOM_COLORLESS_2","is_prod":false,"is_daily":false,"chose_seed":false,"campfire_upgraded":4,"win_rate":0,"timestamp":1554648742,"path_taken":["M","$","?","M","?","E","R","M","T","R","E","M","R","M","R","BOSS","M","?","$","?","?","R","?","R","T","E","M"],"build_version":"2019-01-23","purchased_purges":1,"victory":false,"max_hp_per_floor":[80,80,80,80,80,80,80,85,85,85,85,85,85,85,85,85,85,85,85,85,85,85,85,85,85,85,85,85],"card_choices":[{"not_picked":["Flame Barrier","Heavy Blade"],"picked":"Dual Wield","floor":1},{"not_picked":["Heavy Blade","Carnage"],"picked":"Battle Trance","floor":4},{"not_picked":["Warcry","Wild Strike"],"picked":"Metallicize","floor":6},{"not_picked":["Dropkick","Searing Blow"],"picked":"Cleave","floor":8},{"not_picked":["Headbutt","Dual Wield"],"picked":"Seeing Red","floor":11},{"not_picked":["Dark Embrace","Sever Soul","Uppercut"],"picked":"SKIP","floor":12},{"not_picked":["Clothesline","Twin Strike","Corruption"],"picked":"SKIP","floor":14},{"not_picked":["Bludgeon","Double Tap"],"picked":"Reaper","floor":16},{"not_picked":["Sword Boomerang","Perfected Strike","Thunderclap"],"picked":"SKIP","floor":18},{"not_picked":["Metallicize+1","Evolve"],"picked":"Warcry+1","floor":27}],"player_experience":1616627,"relics_obtained":[{"floor":5,"key":"Ornamental Fan"},{"floor":6,"key":"PreservedInsect"},{"floor":9,"key":"Dodecahedron"},{"floor":11,"key":"Dream Catcher"},{"floor":26,"key":"Bottled Lightning"},{"floor":27,"key":"Unceasing Top"}],"event_choices":[{"damage_healed":0,"gold_gain":175,"player_choice":"AGREE","damage_taken":0,"max_hp_gain":0,"max_hp_loss":0,"event_name":"Liars Game","floor":3,"gold_loss":0,"cards_obtained":["Doubt"]},{"damage_healed":0,"gold_gain":0,"player_choice":"Ignored","damage_taken":0,"max_hp_gain":0,"max_hp_loss":0,"event_name":"Ghosts","floor":19,"gold_loss":0},{"damage_healed":0,"gold_gain":0,"player_choice":"Read","damage_taken":0,"max_hp_gain":0,"max_hp_loss":0,"event_name":"The Library","floor":21,"gold_loss":0,"cards_obtained":["Armaments"]},{"damage_healed":0,"gold_gain":0,"player_choice":"Ignored","damage_taken":0,"max_hp_gain":0,"max_hp_loss":0,"event_name":"Vampires","floor":22,"gold_loss":0},{"damage_healed":0,"gold_gain":0,"player_choice":"Paid Fearfully","damage_taken":0,"max_hp_gain":0,"max_hp_loss":0,"event_name":"Masked Bandits","floor":24,"gold_loss":155}],"is_beta":false,"boss_relics":[{"not_picked":["Orrery","Cursed Key"],"picked":"Empty Cage"}],"items_purged_floors":[2],"is_endless":false,"potions_floor_spawned":[4,6,11,14,16],"killed_by":"Chosen","ascension_level":13}