{"gold_per_floor":[117,130,42,72,85,85,103,103,103,93,109,138,152,179,179,284,284,297,330,330,346,34,68,68,99,99,14,14,25,35,35,35,131,131,145,165,165,165,182,217,217,217,269,269,33,48,123,123,123,123],"floor_reached":50,"playtime":3271,"items_purged":[],"score":679,"play_id":"b05cf81b-68e6-477a-b09e-a4a92d14644b","local_time":"20181010223316","is_ascension_mode":true,"campfire_choices":[{"data":"True Grit","floor":6,"key":"SMITH"},{"data":"Body Slam","floor":8,"key":"SMITH"},{"floor":15,"key":"REST"},{"floor":24,"key":"REST"},{"floor":28,"key":"REST"},{"floor":32,"key":"REST"},{"floor":42,"key":"REST"},{"data":"Limit Break","floor":44,"key":"SMITH"},{"floor":49,"key":"REST"}],"neow_cost":"NONE","seed_source_timestamp":206697917517700,"circlet_count":0,"master_deck":["Strike_R","Strike_R","Strike_R","Strike_R","Strike_R","Defend_R","Defend_R","Defend_R","Bash","True Grit+1","Body Slam+1","Shrug It Off","Evolve","Headbutt","Flex","Rampage","Entrench","Limit Break+1","Offering","Hemokinesis+1","Pommel Strike","Spot Weakness","Fire Breathing","Flex+1","Heavy Blade+1","Demon Form","Rage+1","Warcry+1","Madness","Madness","Combust","Rage","Apotheosis","Heavy Blade","Warcry+1"],"relics":["Burning Blood","Potion Belt","Tiny Chest","Incense Burner","Ornamental Fan","Meat on the Bone","Lizard Tail","Red Mask","Torii","Mummified Hand","Gambling Chip","Letter Opener","Anchor","Lantern","Mark of Pain","Art of War","Kunai","Juzu Bracelet","Pear"],"potions_floor_usage":[14,14,14,16,16,19,19,19,25,33,39,40,40,50,50],"damage_taken":[{"damage":6,"enemies":"Cultist","floor":1,"turns":4},{"damage":0,"enemies":"Small Slimes","floor":2,"turns":3},{"damage":11,"enemies":"Jaw Worm","floor":5,"turns":4},{"damage":0,"enemies":"Exordium Wildlife","floor":7,"turns":5},{"damage":6,"enemies":"Exordium Thugs","floor":10,"turns":4},{"damage":4,"enemies":"3 Louse","floor":11,"turns":3},{"damage":40,"enemies":"Gremlin Nob","floor":12,"turns":5},{"damage":6,"enemies":"Looter","floor":13,"turns":4},{"damage":23,"enemies":"Lagavulin","floor":14,"turns":7},{"damage":33,"enemies":"Slime Boss","floor":16,"turns":12},{"damage":44,"enemies":"Spheric Guardian","floor":18,"turns":8},{"damage":66,"enemies":"Masked Bandits","floor":19,"turns":7},{"damage":6,"enemies":"Chosen","floor":21,"turns":5},{"damage":85,"enemies":"Book of Stabbing","floor":23,"turns":8},{"damage":26,"enemies":"Slavers","floor":25,"turns":5},{"damage":8,"enemies":"Snecko","floor":29,"turns":5},{"damage":15,"enemies":"Sentry and Sphere","floor":30,"turns":3},{"damage":36,"enemies":"Collector","floor":33,"turns":5},{"damage":0,"enemies":"3 Shapes","floor":35,"turns":3},{"damage":2,"enemies":"Orb Walker","floor":36,"turns":2},{"damage":26,"enemies":"3 Darklings","floor":39,"turns":6},{"damage":27,"enemies":"2 Orb Walkers","floor":40,"turns":5},{"damage":6,"enemies":"Reptomancer","floor":46,"turns":1},{"damage":91,"enemies":"Time Eater","floor":50,"turns":5}],"seed_played":"3937505593894894411","potions_obtained":[{"floor":10,"key":"EssenceOfSteel"},{"floor":11,"key":"Ancient Potion"},{"floor":13,"key":"EntropicBrew"},{"floor":14,"key":"BloodPotion"},{"floor":18,"key":"BloodPotion"},{"floor":21,"key":"Ancient Potion"},{"floor":30,"key":"PowerPotion"},{"floor":33,"key":"Block Potion"},{"floor":35,"key":"Ancient Potion"},{"floor":36,"key":"FearPotion"},{"floor":40,"key":"Dexterity Potion"},{"floor":46,"key":"Dexterity Potion"}],"is_trial":false,"path_per_floor":["M","M","$","T","M","R","M","R","T","M","M","E","M","E","R","B",null,"M","?","T","M","$","E","R","E","T","?","R","M","M","?","R","B",null,"M","M","?","T","M","E","?","R","T","R","$","M","T","?","R"],"character_chosen":"IRONCLAD","items_purchased":["Shrug It Off","Evolve","Mummified Hand","Spot Weakness","Apotheosis","Heavy Blade"],"campfire_rested":6,"item_purchase_floors":[3,3,22,22,45,45],"current_hp_per_floor":[80,80,80,80,75,75,80,80,80,80,80,46,46,29,53,38,80,54,37,37,49,49,30,54,46,46,46,70,68,59,59,80,50,80,80,80,70,70,50,41,41,65,65,65,65,65,75,75,90,0],"gold":123,"neow_bonus":"RANDOM_COMMON_RELIC","is_prod":false,"is_daily":false,"chose_seed":false,"campfire_upgraded":3,"win_rate":0,"timestamp":1539203596,"path_taken":["M","M","$","?","M","R","?","R","T","M","M","E","M","E","R","BOSS","M","?","?","M","$","E","R","E","T","?","R","M","?","?","R","BOSS","M","M","?","?","M","E","?","R","T","R","$","M","?","?","R","BOSS"],"build_version":"2018-10-04v2","purchased_purges":0,"victory":false,"max_hp_per_floor":[80,80,80,80,80,80,80,80,80,80,80,80,80,80,80,80,80,80,80,80,80,80,80,80,80,80,80,80,80,80,80,80,80,80,80,80,80,80,80,80,80,80,80,80,80,80,90,90,90,90],"card_choices":[{"not_picked":["Bloodletting","Pummel"],"picked":"True Grit","floor":1},{"not_picked":["Anger","Sword Boomerang"],"picked":"Body Slam","floor":2},{"not_picked":["Iron Wave","Hemokinesis"],"picked":"Headbutt","floor":5},{"not_picked":["Sword Boomerang","Clothesline"],"picked":"Flex","floor":7},{"not_picked":["Wild Strike","Clash"],"picked":"Rampage","floor":10},{"not_picked":["Combust","Clash"],"picked":"Entrench","floor":11},{"not_picked":["Feel No Pain","Metallicize"],"picked":"Limit Break","floor":12},{"not_picked":["Twin Strike","Clothesline","Headbutt"],"picked":"SKIP","floor":13},{"not_picked":["Cleave","Thunderclap","Bloodletting"],"picked":"SKIP","floor":14},{"not_picked":["Brutality","Bludgeon"],"picked":"Offering","floor":16},{"not_picked":["Havoc+1","Shrug It Off"],"picked":"Hemokinesis+1","floor":18},{"not_picked":["Sentinel","Sword Boomerang"],"picked":"Pommel Strike","floor":19},{"not_picked":["Perfected Strike","Sword Boomerang","Headbutt+1"],"picked":"SKIP","floor":21},{"not_picked":["Cleave","Spot Weakness"],"picked":"Fire Breathing","floor":23},{"not_picked":["Evolve+1","True Grit"],"picked":"Flex+1","floor":25},{"not_picked":["Metallicize","Havoc","Anger"],"picked":"SKIP","floor":29},{"not_picked":["Intimidate","Sword Boomerang"],"picked":"Heavy Blade+1","floor":30},{"not_picked":["Double Tap","Reaper"],"picked":"Demon Form","floor":33},{"not_picked":["Searing Blow+1","Reckless Charge"],"picked":"Rage+1","floor":35},{"not_picked":["Perfected Strike+1","Headbutt"],"picked":"Warcry+1","floor":36},{"not_picked":["Heavy Blade","Havoc+1"],"picked":"Combust","floor":39},{"not_picked":["Uppercut+1","Iron Wave+1"],"picked":"Rage","floor":40},{"not_picked":["Clothesline","Uppercut+1"],"picked":"Warcry+1","floor":46}],"player_experience":664497,"relics_obtained":[{"floor":4,"key":"Tiny Chest"},{"floor":9,"key":"Incense Burner"},{"floor":12,"key":"Ornamental Fan"},{"floor":14,"key":"Meat on the Bone"},{"floor":19,"key":"Red Mask"},{"floor":20,"key":"Torii"},{"floor":23,"key":"Gambling Chip"},{"floor":25,"key":"Letter Opener"},{"floor":26,"key":"Anchor"},{"floor":38,"key":"Art of War"},{"floor":40,"key":"Kunai"},{"floor":43,"key":"Juzu Bracelet"},{"floor":47,"key":"Pear"}],"event_choices":[{"event_name":"Masked Bandits","player_choice":"Fought Bandits","floor":19,"damage_taken":0},{"event_name":"Addict","player_choice":"Obtained Relic","floor":27,"damage_taken":0},{"event_name":"Cursed Tome","player_choice":"Ignored","floor":31,"damage_taken":0},{"event_name":"Winding Halls","player_choice":"Embrace Madness","floor":37,"damage_taken":0},{"event_name":"Falling","player_choice":"Removed Skill","floor":41,"damage_taken":0},{"event_name":"Tomb of Lord Red Mask","player_choice":"Ignored","floor":48,"damage_taken":0}],"is_beta":false,"boss_relics":[{"not_picked":["Calling Bell","Orrery"],"picked":"Lizard Tail"},{"not_picked":["Empty Cage","Black Star"],"picked":"Mark of Pain"}],"items_purged_floors":[],"is_endless":false,"potions_floor_spawned":[10,11,13,14,18,21,30,33,35,36,40,46],"killed_by":"Time Eater","ascension_level":4}