{"gold_per_floor":[365,315,363,363,377,402,402,418,496,496,496,509,509,521,521,618,618,589,599,616,636,8,8],"floor_reached":23,"playtime":1201,"items_purged":["Pain"],"score":266,"play_id":"4a559387-b614-4c6d-9e28-0549798e4ba1","local_time":"20181027101212","is_ascension_mode":true,"campfire_choices":[{"floor":7,"key":"REST"},{"floor":10,"key":"REST"},{"floor":13,"key":"REST"},{"data":"Limit Break","floor":15,"key":"SMITH"}],"neow_cost":"PERCENT_DAMAGE","seed_source_timestamp":219885891648600,"circlet_count":0,"master_deck":["Strike_R","Strike_R","Strike_R","Strike_R","Defend_R","Defend_R","Defend_R","Defend_R","Bash","Power Through","Heavy Blade","Armaments","Flex","Limit Break+1","Whirlwind","Impervious","Corruption+1","Flex","Secret Technique"],"relics":["Black Blood","Vajra","Dream Catcher","Singing Bowl","Meat on the Bone","WarpedTongs","Strange Spoon","Strawberry"],"potions_floor_usage":[12,12,19,20,20],"damage_taken":[{"damage":3,"enemies":"Jaw Worm","floor":1,"turns":6},{"damage":4,"enemies":"Small Slimes","floor":5,"turns":4},{"damage":32,"enemies":"Gremlin Nob","floor":6,"turns":4},{"damage":1,"enemies":"Cultist","floor":8,"turns":4},{"damage":25,"enemies":"Exordium Wildlife","floor":12,"turns":4},{"damage":11,"enemies":"Red Slaver","floor":14,"turns":4},{"damage":31,"enemies":"The Guardian","floor":16,"turns":6},{"damage":25,"enemies":"2 Thieves","floor":18,"turns":5},{"damage":11,"enemies":"3 Byrds","floor":19,"turns":6},{"damage":31,"enemies":"Snake Plant","floor":20,"turns":6},{"damage":41,"enemies":"Shelled Parasite and Fungi","floor":21,"turns":7},{"damage":59,"enemies":"Slavers","floor":23,"turns":3}],"seed_played":"-5209268500845819121","potions_obtained":[{"floor":6,"key":"PowerPotion"},{"floor":12,"key":"Fruit Juice"},{"floor":14,"key":"Energy Potion"},{"floor":16,"key":"Block Potion"},{"floor":18,"key":"Regen Potion"}],"is_trial":false,"path_per_floor":["M","?","T","T","M","E","R","M","T","R","?","M","R","M","R","B",null,"M","M","M","M","$"],"character_chosen":"IRONCLAD","items_purchased":["Strange Spoon","Strawberry","Secret Technique"],"campfire_rested":3,"item_purchase_floors":[22,22,22],"current_hp_per_floor":[59,59,59,59,61,37,63,68,68,84,84,72,91,86,86,61,84,69,68,63,46,53,0],"gold":8,"neow_bonus":"TWO_FIFTY_GOLD","is_prod":false,"is_daily":false,"chose_seed":false,"campfire_upgraded":1,"win_rate":0,"timestamp":1540627932,"path_taken":["M","?","?","?","?","E","R","M","T","R","?","?","R","M","R","BOSS","M","M","M","M","$","E"],"build_version":"2018-10-18","purchased_purges":1,"victory":false,"max_hp_per_floor":[80,80,80,80,80,82,84,84,84,84,84,91,91,91,91,91,91,91,91,93,95,102,102],"card_choices":[{"not_picked":["Iron Wave","Pummel"],"picked":"Power Through","floor":1},{"not_picked":["Iron Wave","Second Wind"],"picked":"Heavy Blade","floor":5},{"not_picked":["Thunderclap","Disarm","Sentinel"],"picked":"Singing Bowl","floor":6},{"not_picked":["Pommel Strike","Clash","Warcry"],"picked":"Singing Bowl","floor":7},{"not_picked":["True Grit","Evolve"],"picked":"Armaments","floor":8},{"not_picked":["Burning Pact","Shockwave"],"picked":"Flex","floor":10},{"not_picked":["Ghostly Armor","Clothesline","Pommel Strike"],"picked":"Singing Bowl","floor":12},{"not_picked":["Reckless Charge","Clash"],"picked":"Limit Break","floor":13},{"not_picked":["Heavy Blade","Perfected Strike"],"picked":"Whirlwind","floor":14},{"not_picked":["Berserk","Offering"],"picked":"Impervious","floor":16},{"not_picked":["Intimidate","Rampage+1"],"picked":"Corruption+1","floor":18},{"not_picked":["True Grit","Havoc"],"picked":"Flex","floor":19},{"not_picked":["Clash","Headbutt","Evolve"],"picked":"Singing Bowl","floor":20},{"not_picked":["Shrug It Off","Twin Strike","Warcry"],"picked":"Singing Bowl","floor":21}],"player_experience":774259,"relics_obtained":[{"floor":3,"key":"Vajra"},{"floor":4,"key":"Dream Catcher"},{"floor":6,"key":"Singing Bowl"},{"floor":9,"key":"Meat on the Bone"}],"event_choices":[{"cards_removed":["Strike_R"],"damage_healed":0,"gold_gain":0,"player_choice":"Card Removal","damage_taken":0,"max_hp_gain":0,"max_hp_loss":0,"event_name":"The Cleric","floor":2,"gold_loss":50},{"damage_healed":0,"gold_gain":0,"player_choice":"Rummage","damage_taken":0,"relics_obtained":["WarpedTongs"],"max_hp_gain":0,"max_hp_loss":0,"event_name":"Accursed Blacksmith","floor":11,"gold_loss":0,"cards_obtained":["Pain"]}],"is_beta":false,"boss_relics":[{"not_picked":["Runic Dome","Snecko Eye"],"picked":"Black Blood"}],"items_purged_floors":[22],"is_endless":false,"potions_floor_spawned":[6,12,14,16,18],"killed_by":"Slavers","ascension_level":5}