{"gold_per_floor":[119,119,119,65,80,115,115,115,161,161,161,195,3,26,26,156,156,172,186,186,202,220,220,220,244,270,270,270,283,208,7,7,108,108,121,134,134,151,151,151,551,551,551,14,47,47,47,47,47,47],"floor_reached":50,"playtime":2587,"items_purged":["Pain"],"score":705,"play_id":"e751e4d4-3c27-499f-bc59-7bee62e8bab9","local_time":"20181105012848","is_ascension_mode":true,"campfire_choices":[{"data":"Armaments","floor":7,"key":"SMITH"},{"data":"Cleave","floor":10,"key":"SMITH"},{"data":"Apotheosis","floor":15,"key":"SMITH"},{"floor":23,"key":"REST"},{"floor":24,"key":"REST"},{"floor":32,"key":"REST"},{"floor":40,"key":"REST"},{"data":"Barricade","floor":42,"key":"SMITH"},{"floor":46,"key":"REST"},{"floor":49,"key":"REST"}],"neow_cost":"NONE","seed_source_timestamp":531722572863400,"circlet_count":0,"master_deck":["Strike_R","Strike_R+1","Strike_R","Strike_R+1","Defend_R","Defend_R","Defend_R","Defend_R","Bash","Cleave+1","Armaments+1","Body Slam+1","Rupture","Injury","Spot Weakness","Apotheosis+1","Headbutt","Barricade+1","Flex","Battle Trance+1","Metallicize+1","Impervious","Parasite","Juggernaut","Heavy Blade","Body Slam+1","Secret Weapon","Bandage Up","Metamorphosis"],"relics":["Black Blood","NeowsBlessing","Red Skull","WingedGreaves","Bloody Idol","Whetstone","Du-Vu Doll","Magic Flower","Cursed Key","Regal Pillow","Sling","Old Coin","Pen Nib","Toolbox","Ornamental Fan","Gremlin Horn"],"potions_floor_usage":[6,12,21,21,21,25,25,33,38,38,45],"damage_taken":[{"damage":0,"enemies":"2 Louse","floor":1,"turns":1},{"damage":0,"enemies":"Small Slimes","floor":5,"turns":1},{"damage":0,"enemies":"Gremlin Nob","floor":6,"turns":1},{"damage":22,"enemies":"3 Sentries","floor":12,"turns":6},{"damage":8,"enemies":"Jaw Worm","floor":14,"turns":4},{"damage":42,"enemies":"Hexaghost","floor":16,"turns":8},{"damage":33,"enemies":"2 Thieves","floor":18,"turns":4},{"damage":22,"enemies":"Spheric Guardian","floor":19,"turns":4},{"damage":24,"enemies":"Snake Plant","floor":21,"turns":5},{"damage":22,"enemies":"Sentry and Sphere","floor":22,"turns":4},{"damage":8,"enemies":"Snecko","floor":25,"turns":6},{"damage":8,"enemies":"Centurion and Healer","floor":29,"turns":5},{"damage":57,"enemies":"Automaton","floor":33,"turns":11},{"damage":14,"enemies":"Orb Walker","floor":35,"turns":4},{"damage":50,"enemies":"3 Darklings","floor":36,"turns":5},{"damage":41,"enemies":"Jaw Worm Horde","floor":38,"turns":6},{"damage":28,"enemies":"Mind Bloom Boss Battle","floor":41,"turns":8},{"damage":60,"enemies":"Nemesis","floor":45,"turns":7},{"damage":106,"enemies":"Time Eater","floor":50,"turns":10}],"seed_played":"-8010912401635928264","potions_obtained":[{"floor":1,"key":"SkillPotion"},{"floor":6,"key":"Fruit Juice"},{"floor":19,"key":"Ancient Potion"},{"floor":20,"key":"Poison Potion"},{"floor":20,"key":"SpeedPotion"},{"floor":21,"key":"Fruit Juice"},{"floor":22,"key":"Strength Potion"},{"floor":29,"key":"LiquidBronze"},{"floor":35,"key":"Regen Potion"},{"floor":36,"key":"SpeedPotion"},{"floor":38,"key":"Energy Potion"}],"is_trial":false,"path_per_floor":["M","?","?","$","M","E","R","?","T","R","T","E","$","M","R","B",null,"M","M","?","M","M","R","R","M","T","?","?","M","?","$","R","B",null,"M","M","?","M","?","R","?","R","T","$","E","R","?","$","R","B"],"character_chosen":"IRONCLAD","items_purchased":["Armaments","Apotheosis","Sling","Toolbox","Ornamental Fan"],"campfire_rested":6,"item_purchase_floors":[4,13,31,44,44],"current_hp_per_floor":[80,80,80,80,80,85,85,85,85,85,85,69,69,70,70,37,73,49,36,36,26,13,40,67,68,68,68,59,65,65,65,90,47,79,85,55,55,58,58,90,87,87,87,87,47,89,79,79,90,0],"gold":47,"neow_bonus":"THREE_ENEMY_KILL","is_prod":false,"is_daily":false,"chose_seed":false,"campfire_upgraded":4,"win_rate":0,"timestamp":1541377728,"path_taken":["M","?","?","$","M","E","R","?","T","R","?","E","$","?","R","BOSS","M","?","?","?","M","R","R","M","T","?","?","?","?","?","R","BOSS","M","M","?","?","?","R","?","R","T","$","E","R","?","?","R","BOSS"],"build_version":"2018-11-01","purchased_purges":1,"victory":false,"max_hp_per_floor":[80,80,80,80,80,85,85,85,85,85,85,85,85,85,85,85,85,85,85,85,90,90,90,90,90,90,90,90,90,90,90,90,90,90,90,90,90,90,90,90,90,90,90,90,90,90,90,90,90,90],"card_choices":[{"not_picked":["Intimidate","Metallicize"],"picked":"Cleave","floor":1},{"not_picked":["Wild Strike","Clothesline"],"picked":"Body Slam","floor":5},{"not_picked":["Twin Strike","Clash"],"picked":"Rupture","floor":6},{"not_picked":["Twin Strike","Shockwave"],"picked":"Spot Weakness","floor":12},{"not_picked":["Clothesline","Rampage"],"picked":"Headbutt","floor":14},{"not_picked":["Fiend Fire","Reaper"],"picked":"Barricade","floor":16},{"not_picked":["Havoc","Spot Weakness"],"picked":"Flex","floor":18},{"not_picked":["True Grit+1","Inflame"],"picked":"Battle Trance+1","floor":19},{"not_picked":["Pummel+1","Carnage"],"picked":"Metallicize+1","floor":21},{"not_picked":["Cleave","Uppercut"],"picked":"Impervious","floor":22},{"not_picked":["Sword Boomerang","Whirlwind","Thunderclap+1"],"picked":"SKIP","floor":25},{"not_picked":["Carnage","Corruption","Clothesline"],"picked":"SKIP","floor":29},{"not_picked":["Immolate","Brutality"],"picked":"Juggernaut","floor":33},{"not_picked":["Warcry","Ghostly Armor","Cleave+1"],"picked":"SKIP","floor":35},{"not_picked":["Dropkick","True Grit"],"picked":"Heavy Blade","floor":36},{"not_picked":["Power Through","Flex","Anger+1"],"picked":"SKIP","floor":38},{"not_picked":["Demon Form","Hemokinesis+1"],"picked":"Body Slam+1","floor":45},{"not_picked":["Jack Of All Trades","PanicButton"],"picked":"Secret Weapon","floor":47},{"not_picked":["Mind Blast","Apotheosis"],"picked":"Bandage Up","floor":47},{"not_picked":["Flash of Steel","Discovery"],"picked":"Metamorphosis","floor":47}],"player_experience":847757,"relics_obtained":[{"floor":6,"key":"WingedGreaves"},{"floor":9,"key":"Whetstone"},{"floor":11,"key":"Du-Vu Doll"},{"floor":12,"key":"Magic Flower"},{"floor":26,"key":"Regal Pillow"},{"floor":41,"key":"Old Coin"},{"floor":43,"key":"Pen Nib"},{"floor":45,"key":"Gremlin Horn"}],"event_choices":[{"damage_healed":0,"gold_gain":0,"player_choice":"Box","damage_taken":0,"relics_obtained":["Red Skull"],"max_hp_gain":0,"max_hp_loss":0,"event_name":"Big Fish","floor":2,"gold_loss":0,"cards_obtained":["Regret"]},{"cards_removed":["Regret"],"damage_healed":0,"gold_gain":0,"player_choice":"Forget","damage_taken":0,"max_hp_gain":0,"max_hp_loss":0,"event_name":"Living Wall","floor":3,"gold_loss":0},{"damage_healed":0,"gold_gain":0,"player_choice":"Take Wound","damage_taken":0,"relics_obtained":["Golden Idol"],"max_hp_gain":0,"max_hp_loss":0,"event_name":"Golden Idol","floor":8,"gold_loss":0,"cards_obtained":["Injury"]},{"damage_healed":0,"gold_gain":0,"player_choice":"Got Potions","damage_taken":0,"max_hp_gain":0,"max_hp_loss":0,"event_name":"Lab","floor":20,"gold_loss":0},{"damage_healed":0,"gold_gain":0,"player_choice":"Gave Idol","damage_taken":0,"relics_obtained":["Bloody Idol"],"max_hp_gain":0,"max_hp_loss":0,"event_name":"Forgotten Altar","floor":27,"relics_lost":["Golden Idol"],"gold_loss":0},{"damage_healed":0,"gold_gain":0,"player_choice":"","damage_taken":9,"max_hp_gain":0,"max_hp_loss":0,"event_name":"Knowing Skull","floor":28,"potions_obtained":[],"gold_loss":0,"cards_obtained":[]},{"cards_removed":["Strike_R"],"damage_healed":0,"gold_gain":0,"player_choice":"Gave Gold","damage_taken":0,"max_hp_gain":0,"max_hp_loss":0,"event_name":"Beggar","floor":30,"gold_loss":75},{"damage_healed":0,"gold_gain":0,"player_choice":"Upgraded","damage_taken":0,"max_hp_gain":0,"max_hp_loss":0,"event_name":"Upgrade Shrine","floor":37,"gold_loss":0,"cards_upgraded":["Body Slam"]},{"damage_healed":0,"gold_gain":0,"player_choice":"Ignored","damage_taken":0,"max_hp_gain":0,"max_hp_loss":0,"event_name":"Mysterious Sphere","floor":39,"gold_loss":0},{"damage_healed":0,"gold_gain":0,"player_choice":"Fight","damage_taken":0,"max_hp_gain":0,"max_hp_loss":0,"event_name":"MindBloom","floor":41,"gold_loss":0},{"damage_healed":0,"gold_gain":0,"player_choice":"Memory 3","damage_taken":10,"max_hp_gain":0,"max_hp_loss":0,"event_name":"SensoryStone","floor":47,"gold_loss":0}],"is_beta":false,"boss_relics":[{"not_picked":["Velvet Choker","Empty Cage"],"picked":"Cursed Key"},{"not_picked":["Sozu","Lizard Tail"],"picked":"Black Blood"}],"items_purged_floors":[44],"is_endless":false,"potions_floor_spawned":[1,6,19,21,22,29,35,36,38],"killed_by":"Time Eater","ascension_level":5}