{"gold_per_floor":[110,123,123,123,139,139,153,153,153,179,197,209,134,144,144,215,215,232,252,262,278,278],"floor_reached":22,"playtime":1659,"items_purged":["Regret"],"score":384,"play_id":"850433c9-cb5b-4ee4-9268-eacfb46e94e7","local_time":"20190509040455","is_ascension_mode":true,"campfire_choices":[{"data":"Cloak And Dagger","floor":6.0,"key":"SMITH"},{"floor":8.0,"key":"REST"},{"data":"Well Laid Plans","floor":15.0,"key":"SMITH"}],"neow_cost":"NONE","seed_source_timestamp":1029786368737452,"circlet_count":0,"master_deck":["AscendersBane","Defend_G","Defend_G","Defend_G+1","Defend_G","Defend_G","Strike_G","Strike_G+1","Strike_G","Survivor","Neutralize","Flechettes","Cloak And Dagger+1","Dodge and Roll","Dagger Spray","Wraith Form v2","Well Laid Plans+1","Corpse Explosion","Calculated Gamble","PiercingWail","PiercingWail","Blur+1"],"special_seed":0,"relics":["Ring of the Snake","Vajra","Dodecahedron","Mummified Hand","Art of War","Empty Cage"],"potions_floor_usage":[21,22],"damage_taken":[{"damage":0.0,"enemies":"Cultist","floor":1.0,"turns":4.0},{"damage":0.0,"enemies":"Jaw Worm","floor":2.0,"turns":4.0},{"damage":0.0,"enemies":"2 Louse","floor":5.0,"turns":2.0},{"damage":3.0,"enemies":"Looter","floor":7.0,"turns":3.0},{"damage":10.0,"enemies":"3 Sentries","floor":10.0,"turns":8.0},{"damage":10.0,"enemies":"3 Louse","floor":11.0,"turns":3.0},{"damage":7.0,"enemies":"Blue Slaver","floor":12.0,"turns":4.0},{"damage":0.0,"enemies":"Exordium Wildlife","floor":14.0,"turns":3.0},{"damage":3.0,"enemies":"The Guardian","floor":16.0,"turns":13.0},{"damage":3.0,"enemies":"3 Byrds","floor":18.0,"turns":3.0},{"damage":12.0,"enemies":"Spheric Guardian","floor":19.0,"turns":6.0},{"damage":24.0,"enemies":"Snake Plant","floor":20.0,"turns":6.0},{"damage":25,"enemies":"Snecko","floor":21,"turns":9},{"damage":15,"enemies":"Centurion and Healer","floor":22,"turns":5}],"seed_played":"-3517942956728212826","potions_obtained":[{"floor":1.0,"key":"SteroidPotion"},{"floor":10.0,"key":"Ancient Potion"},{"floor":11.0,"key":"Regen Potion"},{"floor":12.0,"key":"Strength Potion"},{"floor":19.0,"key":"SmokeBomb"},{"floor":20.0,"key":"PowerPotion"}],"is_trial":false,"path_per_floor":["M","M","?","?","M","R","M","R","T","E","M","M","$","M","R","B",null,"M","M","M","M","M"],"character_chosen":"THE_SILENT","items_purchased":[],"campfire_rested":1,"item_purchase_floors":[],"current_hp_per_floor":[59,59,59,39,39,39,36,55,55,45,35,28,28,28,28,25,56,53,41,17,7,0],"gold":278,"neow_bonus":"RANDOM_COMMON_RELIC","is_prod":false,"is_daily":false,"chose_seed":false,"campfire_upgraded":2,"win_rate":0,"timestamp":1557389095,"path_taken":["M","M","?","?","M","R","M","R","T","E","M","M","$","M","R","BOSS","M","M","M","M","M"],"build_version":"2019-01-23","purchased_purges":1,"victory":false,"max_hp_per_floor":[66,66,66,66,66,66,66,66,66,66,66,66,66,66,66,66,66,66,66,66,66,66],"card_choices":[{"not_picked":["Concentrate","Sucker Punch"],"picked":"Flechettes","floor":1.0},{"not_picked":["Skewer","Outmaneuver"],"picked":"Cloak And Dagger","floor":2.0},{"not_picked":["Heel Hook","Quick Slash"],"picked":"Dodge and Roll","floor":5.0},{"not_picked":["Dagger Throw","Doppelganger","Deflect"],"picked":"SKIP","floor":7.0},{"not_picked":["Quick Slash","Slice","Heel Hook"],"picked":"SKIP","floor":10.0},{"not_picked":["Backflip","Riddle With Holes"],"picked":"Dagger Spray","floor":11.0},{"not_picked":["Dagger Throw","Slice"],"picked":"Wraith Form v2","floor":12.0},{"not_picked":["Noxious Fumes","Cloak And Dagger"],"picked":"Well Laid Plans","floor":14.0},{"not_picked":["Unload","Doppelganger"],"picked":"Corpse Explosion","floor":16.0},{"not_picked":["Sucker Punch+1","Deflect"],"picked":"Calculated Gamble","floor":18.0},{"not_picked":["Cloak And Dagger","Finisher+1"],"picked":"PiercingWail","floor":19.0},{"not_picked":["Bouncing Flask","Slice"],"picked":"PiercingWail","floor":20.0},{"not_picked":["Accuracy+1","Dagger Throw"],"picked":"Blur+1","floor":21}],"player_experience":946461,"relics_obtained":[{"floor":9.0,"key":"Mummified Hand"},{"floor":10.0,"key":"Art of War"}],"event_choices":[{"damage_healed":0.0,"max_hp_gain":0.0,"max_hp_loss":0.0,"gold_gain":0.0,"event_name":"Big Fish","player_choice":"Box","floor":3.0,"gold_loss":0.0,"damage_taken":0.0,"relics_obtained":["Dodecahedron"],"cards_obtained":["Regret"]},{"damage_healed":0.0,"max_hp_gain":0.0,"max_hp_loss":0.0,"gold_gain":0.0,"event_name":"Shining Light","player_choice":"Entered Light","floor":4.0,"gold_loss":0.0,"damage_taken":20.0,"cards_upgraded":["Defend_G","Strike_G"]}],"is_beta":false,"boss_relics":[{"not_picked":["Coffee Dripper","Eternal Feather"],"picked":"Empty Cage"}],"items_purged_floors":[13],"is_endless":false,"potions_floor_spawned":[1,10,11,12,19,20],"killed_by":"Centurion and Healer","ascension_level":20}