{"gold_per_floor":[110,110,127,127,127,154,116,131,156,156,59,59,24,37,37,137,137,148,148,166,166,179,179,179,205,286,286,332,344,354,453,453,552,552,563,838,106,118,135,135],"floor_reached":40,"playtime":1947,"items_purged":["Regret"],"score":776,"play_id":"21e12de3-717e-4048-aa88-3026998d3c69","local_time":"20190430232648","is_ascension_mode":true,"campfire_choices":[{"floor":10,"key":"REST"},{"floor":15,"key":"REST"},{"floor":23,"key":"REST"},{"floor":27,"key":"REST"},{"floor":32,"key":"REST"}],"neow_cost":"NONE","seed_source_timestamp":1131297758297100,"circlet_count":0,"master_deck":["AscendersBane","Defend_G","Defend_G","Defend_G","Defend_G","Defend_G","Survivor","Neutralize","Footwork","Bane","Poisoned Stab","Sucker Punch","Discovery","Distraction","Terror","Corpse Explosion","Deadly Poison","Shame","Bite","Bite","Bite","Bite","Bite","Blur+1","Parasite","Regret","Noxious Fumes+1","Skewer+1","Glass Knife","Decay","Doubt","Pain","Backstab","Glass Knife","The Bomb","Skewer+1","Dagger Spray+1"],"relics":["Ring of the Snake","Juzu Bracelet","GremlinMask","Bag of Preparation","Paper Crane","Dream Catcher","Happy Flower","Cursed Key","Snake Skull","Du-Vu Doll","Tiny Chest","Blood Vial","Calling Bell","Bag of Marbles","Pear","Nunchaku","Anchor","Ancient Tea Set"],"potions_floor_usage":[6,16,16,20,22,33,38,40,40],"damage_taken":[{"damage":8,"enemies":"Jaw Worm","floor":1,"turns":6},{"damage":4,"enemies":"Cultist","floor":3,"turns":5},{"damage":35,"enemies":"3 Sentries","floor":6,"turns":14},{"damage":0,"enemies":"2 Louse","floor":8,"turns":5},{"damage":1,"enemies":"Looter","floor":14,"turns":3},{"damage":16,"enemies":"The Guardian","floor":16,"turns":15},{"damage":23,"enemies":"Chosen","floor":18,"turns":5},{"damage":16,"enemies":"Shell Parasite","floor":20,"turns":4},{"damage":7,"enemies":"Cultist and Chosen","floor":22,"turns":4},{"damage":14,"enemies":"Gremlin Leader","floor":25,"turns":8},{"damage":30,"enemies":"Centurion and Healer","floor":29,"turns":7},{"damage":10,"enemies":"Snake Plant","floor":30,"turns":4},{"damage":48,"enemies":"Collector","floor":33,"turns":8},{"damage":10,"enemies":"3 Shapes","floor":35,"turns":2},{"damage":1,"enemies":"Orb Walker","floor":38,"turns":2},{"damage":36,"enemies":"Transient","floor":39,"turns":5},{"damage":38,"enemies":"Reptomancer","floor":40,"turns":2}],"seed_played":"7117174191792308460","potions_obtained":[{"floor":1,"key":"GhostInAJar"},{"floor":3,"key":"SkillPotion"},{"floor":8,"key":"Strength Potion"},{"floor":18,"key":"LiquidBronze"},{"floor":20,"key":"Strength Potion"},{"floor":30,"key":"Weak Potion"},{"floor":33,"key":"SkillPotion"},{"floor":35,"key":"LiquidBronze"},{"floor":39,"key":"Ancient Potion"}],"is_trial":false,"path_per_floor":["M","?","M","?","T","E","?","M","T","R","$","?","?","M","R","B",null,"M","$","M","?","M","R","?","E","T","R","T","M","M","?","R","B",null,"M","?","$","M","M","E"],"character_chosen":"THE_SILENT","items_purchased":["Discovery","Anchor","Ancient Tea Set","Glass Knife","The Bomb"],"campfire_rested":5,"item_purchase_floors":[11,37,37,37,37],"current_hp_per_floor":[55,55,51,51,51,16,16,16,16,37,37,19,36,35,56,40,63,40,40,24,24,17,38,38,36,36,49,49,32,28,28,42,8,49,45,45,45,50,24,0],"gold":135,"neow_bonus":"RANDOM_COMMON_RELIC","is_prod":false,"is_daily":false,"chose_seed":false,"campfire_upgraded":0,"win_rate":0,"timestamp":1556659608,"path_taken":["M","?","M","?","?","E","?","M","T","R","$","?","?","M","R","BOSS","M","$","M","?","M","R","?","E","T","R","?","M","M","?","R","BOSS","M","?","$","M","M","E"],"build_version":"2019-01-23","purchased_purges":1,"victory":false,"max_hp_per_floor":[70,70,70,70,70,70,70,70,70,70,70,70,70,70,70,70,70,70,70,70,70,70,70,49,49,49,49,49,49,49,49,49,49,59,59,59,59,59,59,59],"card_choices":[{"not_picked":["Escape Plan","Acrobatics"],"picked":"Footwork","floor":1},{"not_picked":["Dagger Spray","Outmaneuver"],"picked":"Bane","floor":3},{"not_picked":["Leg Sweep","Outmaneuver"],"picked":"Poisoned Stab","floor":6},{"not_picked":["Blur","Deflect"],"picked":"Sucker Punch","floor":8},{"not_picked":["Endless Agony","Underhanded Strike"],"picked":"Distraction","floor":14},{"not_picked":["Blade Dance","Calculated Gamble"],"picked":"Terror","floor":15},{"not_picked":["Unload","Doppelganger"],"picked":"Corpse Explosion","floor":16},{"not_picked":["Dodge and Roll","All Out Attack"],"picked":"Deadly Poison","floor":18},{"not_picked":["Slice","Deflect","Dagger Spray"],"picked":"SKIP","floor":20},{"not_picked":["Dagger Spray","Heel Hook","Masterful Stab"],"picked":"SKIP","floor":22},{"not_picked":["Skewer","Dagger Throw"],"picked":"Blur+1","floor":25},{"not_picked":["Underhanded Strike+1","Backflip","After Image"],"picked":"SKIP","floor":29},{"not_picked":["Deflect+1","Sucker Punch"],"picked":"Noxious Fumes+1","floor":30},{"not_picked":["Underhanded Strike","Flying Knee+1"],"picked":"Skewer+1","floor":32},{"not_picked":["Doppelganger","Tools of the Trade"],"picked":"Glass Knife","floor":33},{"not_picked":["Slice+1","Dagger Throw"],"picked":"Backstab","floor":35},{"not_picked":["Dagger Spray","Deflect"],"picked":"Skewer+1","floor":38},{"not_picked":["Dodge and Roll+1","Crippling Poison"],"picked":"Dagger Spray+1","floor":39}],"player_experience":1750148,"relics_obtained":[{"floor":5,"key":"Bag of Preparation"},{"floor":6,"key":"Paper Crane"},{"floor":9,"key":"Dream Catcher"},{"floor":25,"key":"Du-Vu Doll"},{"floor":26,"key":"Tiny Chest"},{"floor":28,"key":"Blood Vial"},{"floor":34,"key":"Bag of Marbles"},{"floor":34,"key":"Pear"},{"floor":34,"key":"Nunchaku"}],"event_choices":[{"cards_removed":["Strike_G"],"damage_healed":0,"gold_gain":0,"player_choice":"Purged","damage_taken":0,"max_hp_gain":0,"max_hp_loss":0,"event_name":"Purifier","floor":2,"gold_loss":0},{"damage_healed":0,"gold_gain":0,"player_choice":"Trade","damage_taken":0,"relics_obtained":["GremlinMask"],"max_hp_gain":0,"max_hp_loss":0,"event_name":"FaceTrader","floor":4,"gold_loss":0},{"damage_healed":0,"gold_gain":0,"player_choice":"Left Gold","damage_taken":0,"max_hp_gain":0,"max_hp_loss":0,"event_name":"World of Goop","floor":7,"gold_loss":38},{"damage_healed":0,"gold_gain":0,"player_choice":"Success","damage_taken":18,"relics_obtained":["Happy Flower"],"max_hp_gain":0,"max_hp_loss":0,"event_name":"Scrap Ooze","floor":12,"gold_loss":0},{"damage_healed":17,"gold_gain":0,"player_choice":"Healed","damage_taken":0,"max_hp_gain":0,"max_hp_loss":0,"event_name":"The Cleric","floor":13,"gold_loss":35},{"damage_healed":0,"gold_gain":0,"player_choice":"Stole Relic","damage_taken":0,"relics_obtained":["Snake Skull"],"max_hp_gain":0,"max_hp_loss":0,"event_name":"Addict","floor":21,"gold_loss":0,"cards_obtained":["Shame"]},{"damage_healed":0,"gold_gain":0,"player_choice":"Became a vampire","damage_taken":0,"max_hp_gain":0,"max_hp_loss":21,"event_name":"Vampires","floor":24,"gold_loss":0,"cards_obtained":["Bite","Bite","Bite","Bite","Bite"]},{"damage_healed":0,"gold_gain":99,"player_choice":"Stole From Cult","damage_taken":0,"max_hp_gain":0,"max_hp_loss":0,"event_name":"Nest","floor":31,"gold_loss":0},{"damage_healed":0,"gold_gain":275,"player_choice":"Desecrate","damage_taken":0,"max_hp_gain":0,"max_hp_loss":0,"event_name":"Golden Shrine","floor":36,"gold_loss":0,"cards_obtained":["Regret"]}],"is_beta":false,"boss_relics":[{"not_picked":["Runic Pyramid","Busted Crown"],"picked":"Cursed Key"},{"not_picked":["Empty Cage","Coffee Dripper"],"picked":"Calling Bell"}],"items_purged_floors":[37],"is_endless":false,"potions_floor_spawned":[1,3,8,18,20,30,33,35,39],"killed_by":"Reptomancer","ascension_level":11}