{"gold_per_floor":[210,385,50,50,61,61,61,61,106,147,161,180,198,222,222,222],"floor_reached":16,"playtime":582,"items_purged":["Doubt"],"score":128,"play_id":"6b2d0469-f75c-40b9-bc72-db0db67f35a8","local_time":"20190424225226","is_ascension_mode":true,"campfire_choices":[{"data":"Reckless Charge","floor":6,"key":"SMITH"},{"floor":15,"key":"REST"}],"neow_cost":"NONE","seed_source_timestamp":1174497492127800,"circlet_count":0,"master_deck":["Strike_R","Strike_R","Strike_R","Strike_R","Strike_R","Defend_R","Defend_R","Defend_R","Defend_R","Bash+1","Clothesline","Reckless Charge+1","True Grit","Iron Wave","True Grit","Inflame"],"relics":["Burning Blood","Shuriken","Golden Idol","Bag of Preparation","Bottled Flame"],"potions_floor_usage":[],"damage_taken":[{"damage":6,"enemies":"Jaw Worm","floor":1,"turns":5},{"damage":5,"enemies":"Small Slimes","floor":5,"turns":4},{"damage":50,"enemies":"3 Sentries","floor":10,"turns":10},{"damage":0,"enemies":"Cultist","floor":11,"turns":2},{"damage":4,"enemies":"Looter","floor":12,"turns":3},{"damage":13,"enemies":"Exordium Thugs","floor":13,"turns":5},{"damage":6,"enemies":"Lots of Slimes","floor":14,"turns":5},{"damage":44,"enemies":"Slime Boss","floor":16,"turns":7}],"seed_played":"4472587049519075130","potions_obtained":[{"floor":11,"key":"Dexterity Potion"},{"floor":13,"key":"FearPotion"}],"is_trial":false,"path_per_floor":["M","?","$","?","M","R","$","?","T","E","M","M","M","M","R","B"],"character_chosen":"IRONCLAD","items_purchased":["Shuriken"],"campfire_rested":1,"item_purchase_floors":[3],"current_hp_per_floor":[80,80,80,80,80,80,80,60,60,16,22,24,17,17,41,0],"gold":222,"neow_bonus":"HUNDRED_GOLD","is_prod":false,"is_daily":false,"chose_seed":false,"campfire_upgraded":1,"win_rate":0,"timestamp":1556171546,"path_taken":["M","?","$","?","M","R","$","?","T","E","M","?","?","M","R","BOSS"],"build_version":"2019-01-23","purchased_purges":1,"victory":false,"max_hp_per_floor":[80,80,80,80,80,80,80,80,80,80,80,80,80,80,80,80],"card_choices":[{"not_picked":["Havoc","Thunderclap"],"picked":"Clothesline","floor":1},{"not_picked":["Flex","Wild Strike"],"picked":"Reckless Charge","floor":5},{"not_picked":["Warcry","Pommel Strike"],"picked":"True Grit","floor":10},{"not_picked":["Headbutt","Clothesline","Cleave"],"picked":"SKIP","floor":11},{"not_picked":["Dual Wield","Warcry"],"picked":"Iron Wave","floor":12},{"not_picked":["Perfected Strike","Heavy Blade"],"picked":"True Grit","floor":13},{"not_picked":["Bloodletting","True Grit"],"picked":"Inflame","floor":14}],"player_experience":354569,"relics_obtained":[{"floor":9,"key":"Bag of Preparation"},{"floor":10,"key":"Bottled Flame"}],"event_choices":[{"damage_healed":0,"gold_gain":175,"player_choice":"AGREE","damage_taken":0,"max_hp_gain":0,"max_hp_loss":0,"event_name":"Liars Game","floor":2,"gold_loss":0,"cards_obtained":["Doubt"]},{"damage_healed":0,"gold_gain":0,"player_choice":"Grow","damage_taken":0,"max_hp_gain":0,"max_hp_loss":0,"event_name":"Living Wall","floor":4,"gold_loss":0,"cards_upgraded":["Bash"]},{"damage_healed":0,"gold_gain":0,"player_choice":"Take Damage","damage_taken":20,"relics_obtained":["Golden Idol"],"max_hp_gain":0,"max_hp_loss":0,"event_name":"Golden Idol","floor":8,"gold_loss":0}],"is_beta":false,"boss_relics":[],"items_purged_floors":[3],"is_endless":false,"potions_floor_spawned":[11,13],"killed_by":"Slime Boss","ascension_level":5}