{"gold_per_floor":[119,131,31,48,48,79,79,79,79,49,49,49,63,82,82,211,211,232,232],"floor_reached":19,"playtime":727,"items_purged":["Pain"],"score":351,"play_id":"30901095-bc69-45fb-97b5-ebbba0a64cff","local_time":"20190226175940","is_ascension_mode":true,"campfire_choices":[{"floor":7,"key":"REST"},{"floor":12,"key":"REST"},{"floor":15,"key":"REST"}],"neow_cost":"CURSE","seed_source_timestamp":161435544171000,"circlet_count":0,"master_deck":["AscendersBane","Defend_G","Defend_G","Defend_G","Defend_G","Defend_G","Strike_G","Strike_G","Strike_G","Strike_G","Strike_G","Survivor","Neutralize","Envenom","Bane","Dagger Spray","Outmaneuver","Outmaneuver","All Out Attack","Parasite","Injury","Noxious Fumes","Dagger Spray","Corpse Explosion","Normality","Writhe","Decay"],"relics":["Ring of the Snake","Incense Burner","Ginger","Golden Idol","Calling Bell","Vajra","Letter Opener","Tingsha"],"potions_floor_usage":[13,16],"damage_taken":[{"damage":16,"enemies":"Cultist","floor":1,"turns":5},{"damage":17,"enemies":"Small Slimes","floor":2,"turns":5},{"damage":4,"enemies":"2 Louse","floor":4,"turns":3},{"damage":48,"enemies":"Gremlin Nob","floor":6,"turns":6},{"damage":7,"enemies":"Looter","floor":10,"turns":4},{"damage":25,"enemies":"Exordium Thugs","floor":13,"turns":6},{"damage":1,"enemies":"2 Fungi Beasts","floor":14,"turns":3},{"damage":40,"enemies":"The Guardian","floor":16,"turns":11},{"damage":29,"enemies":"3 Byrds","floor":18,"turns":5},{"damage":33,"enemies":"Spheric Guardian","floor":19,"turns":3}],"seed_played":"4440036645193090952","potions_obtained":[{"floor":1,"key":"GamblersBrew"},{"floor":13,"key":"Fire Potion"}],"is_trial":false,"path_per_floor":["M","M","$","M","?","E","R","?","T","M","?","R","M","M","R","B",null,"M","M"],"character_chosen":"THE_SILENT","items_purchased":["Outmaneuver"],"campfire_rested":3,"item_purchase_floors":[3],"current_hp_per_floor":[47,30,30,26,49,1,22,39,39,32,32,53,28,27,48,8,55,26,0],"gold":232,"neow_bonus":"THREE_RARE_CARDS","is_prod":false,"is_daily":false,"chose_seed":false,"campfire_upgraded":0,"win_rate":0,"timestamp":1551200380,"path_taken":["M","M","$","M","?","E","R","?","T","M","?","R","M","M","R","BOSS","M","M"],"build_version":"2019-01-23","purchased_purges":1,"victory":false,"max_hp_per_floor":[70,70,70,70,70,70,70,70,70,70,70,70,70,70,70,70,70,70,70],"card_choices":[{"not_picked":["Unload","A Thousand Cuts"],"picked":"Envenom","floor":0},{"not_picked":["Sucker Punch","Backflip"],"picked":"Bane","floor":1},{"not_picked":["Accuracy","Skewer"],"picked":"Dagger Spray","floor":2},{"not_picked":["Slice","Dagger Throw"],"picked":"Outmaneuver","floor":4},{"not_picked":["Accuracy","PiercingWail"],"picked":"All Out Attack","floor":6},{"not_picked":["Deflect","Acrobatics","PiercingWail"],"picked":"SKIP","floor":10},{"not_picked":["Bane","Flying Knee"],"picked":"Noxious Fumes","floor":13},{"not_picked":["Dagger Throw","Prepared"],"picked":"Dagger Spray","floor":14},{"not_picked":["Venomology","Phantasmal Killer"],"picked":"Corpse Explosion","floor":16},{"not_picked":["Slice","Flying Knee+1","Outmaneuver"],"picked":"SKIP","floor":18}],"player_experience":1442228,"relics_obtained":[{"floor":6,"key":"Incense Burner"},{"floor":9,"key":"Ginger"},{"floor":17,"key":"Vajra"},{"floor":17,"key":"Letter Opener"},{"floor":17,"key":"Tingsha"}],"event_choices":[{"damage_healed":23,"gold_gain":0,"player_choice":"Banana","damage_taken":0,"max_hp_gain":0,"max_hp_loss":0,"event_name":"Big Fish","floor":5,"gold_loss":0},{"damage_healed":17,"gold_gain":0,"player_choice":"Healed and dodged fight","damage_taken":0,"max_hp_gain":0,"max_hp_loss":0,"event_name":"Mushrooms","floor":8,"gold_loss":0,"cards_obtained":["Parasite"]},{"damage_healed":0,"gold_gain":0,"player_choice":"Take Wound","damage_taken":0,"relics_obtained":["Golden Idol"],"max_hp_gain":0,"max_hp_loss":0,"event_name":"Golden Idol","floor":11,"gold_loss":0,"cards_obtained":["Injury"]}],"is_beta":false,"boss_relics":[{"not_picked":["Busted Crown","Black Star"],"picked":"Calling Bell"}],"items_purged_floors":[3],"is_endless":false,"potions_floor_spawned":[1,13],"killed_by":"Spheric Guardian","ascension_level":10}