{"gold_per_floor":[116,133,148,50,61,61,81,81,81,57,57,57,91,112,112,112],"floor_reached":16,"playtime":495,"items_purged":["Strike_R"],"score":148,"play_id":"d11ddf51-0185-462e-8337-b757dc1d1f33","local_time":"20190511231124","is_ascension_mode":true,"campfire_choices":[{"data":"Shrug It Off","floor":6,"key":"SMITH"},{"data":"Bash","floor":8,"key":"SMITH"},{"floor":15,"key":"REST"}],"neow_cost":"NONE","seed_source_timestamp":655953165934600,"circlet_count":0,"master_deck":["Strike_R","Strike_R","Strike_R","Strike_R+1","Defend_R","Defend_R","Defend_R","Defend_R","Bash+1","Sword Boomerang","Spot Weakness","Shockwave","Pommel Strike","Shrug It Off+1","Armaments+1","True Grit","Injury","Exhume","Flame Barrier","Thunderclap"],"relics":["Burning Blood","Prayer Wheel","Golden Idol","Dodecahedron"],"potions_floor_usage":[14,14],"damage_taken":[{"damage":1,"enemies":"Cultist","floor":1,"turns":4},{"damage":17,"enemies":"Small Slimes","floor":2,"turns":4},{"damage":7,"enemies":"Jaw Worm","floor":3,"turns":3},{"damage":12,"enemies":"Blue Slaver","floor":5,"turns":5},{"damage":8,"enemies":"2 Fungi Beasts","floor":7,"turns":5},{"damage":33,"enemies":"Gremlin Nob","floor":13,"turns":5},{"damage":13,"enemies":"Exordium Wildlife","floor":14,"turns":4},{"damage":47,"enemies":"Slime Boss","floor":16,"turns":8}],"seed_played":"1092800064114055653","potions_obtained":[{"floor":3,"key":"Energy Potion"},{"floor":7,"key":"Explosive Potion"},{"floor":13,"key":"Ancient Potion"}],"is_trial":false,"path_per_floor":["M","M","M","$","M","R","M","R","T","$","?","?","E","M","R","B"],"character_chosen":"IRONCLAD","items_purchased":["Pommel Strike","True Grit"],"campfire_rested":1,"item_purchase_floors":[4,10],"current_hp_per_floor":[85,74,73,73,67,67,65,65,65,65,47,47,20,13,39,0],"gold":112,"neow_bonus":"TEN_PERCENT_HP_BONUS","is_prod":false,"is_daily":false,"chose_seed":false,"campfire_upgraded":2,"win_rate":0,"timestamp":1557641484,"path_taken":["M","M","M","?","?","R","M","R","T","$","?","?","E","M","R","BOSS"],"build_version":"2019-01-23","purchased_purges":1,"victory":false,"max_hp_per_floor":[88,88,88,88,88,88,88,88,88,88,88,88,88,88,88,88],"card_choices":[{"not_picked":["Perfected Strike","Bloodletting"],"picked":"Sword Boomerang","floor":1},{"not_picked":["Thunderclap","Warcry"],"picked":"Spot Weakness","floor":2},{"not_picked":["Infernal Blade","Iron Wave"],"picked":"Shockwave","floor":3},{"not_picked":["Wild Strike","Thunderclap"],"picked":"Shrug It Off","floor":5},{"not_picked":["Iron Wave","Intimidate"],"picked":"Armaments","floor":7},{"not_picked":["Havoc","Ghostly Armor"],"picked":"Exhume","floor":13},{"not_picked":["Armaments","Clash"],"picked":"Flame Barrier","floor":14},{"not_picked":["Iron Wave","Dropkick"],"picked":"Thunderclap","floor":14}],"player_experience":456450,"relics_obtained":[{"floor":9,"key":"Prayer Wheel"},{"floor":13,"key":"Dodecahedron"}],"event_choices":[{"damage_healed":0,"gold_gain":0,"player_choice":"Entered Light","damage_taken":18,"max_hp_gain":0,"max_hp_loss":0,"event_name":"Shining Light","floor":11,"gold_loss":0,"cards_upgraded":["Strike_R","Armaments"]},{"damage_healed":0,"gold_gain":0,"player_choice":"Take Wound","damage_taken":0,"relics_obtained":["Golden Idol"],"max_hp_gain":0,"max_hp_loss":0,"event_name":"Golden Idol","floor":12,"gold_loss":0,"cards_obtained":["Injury"]}],"is_beta":false,"boss_relics":[],"items_purged_floors":[4],"is_endless":false,"potions_floor_spawned":[3,7,13],"killed_by":"Slime Boss","ascension_level":9}