{"gold_per_floor":[118,118,134,152,2,2,19,19,69,97,111,111,111,123,123,226,226,241,241,241,254,32,65,77,77,128,128,128,128,128,160,160,261,261,273,273,97,112,112,112,212,212,212,212,65,84,84,84,84,84],"floor_reached":50,"playtime":2446,"items_purged":["Strike_G","Writhe"],"score":837,"play_id":"81c6e2d0-21d0-47aa-83f5-5e51f5a8a429","local_time":"20190415220549","is_ascension_mode":true,"campfire_choices":[{"data":"Crippling Poison","floor":6,"key":"SMITH"},{"data":"Dagger Throw","floor":8,"key":"SMITH"},{"data":"Bane","floor":15,"key":"SMITH"},{"floor":25,"key":"REST"},{"data":"Catalyst","floor":30,"key":"SMITH"},{"floor":32,"key":"REST"},{"data":"Well Laid Plans","floor":40,"key":"SMITH"},{"data":"Acrobatics","floor":49,"key":"SMITH"}],"neow_cost":"NONE","seed_source_timestamp":421143064151600,"circlet_count":0,"master_deck":["AscendersBane","Defend_G","Defend_G+1","Defend_G","Defend_G+1","Defend_G","Strike_G+1","Survivor","Neutralize","Dagger Throw+1","Flying Knee","Crippling Poison+1","Well Laid Plans+1","Acrobatics+1","Deadly Poison","Bane+1","Burst+1","Catalyst+1","Dagger Throw+1","Poisoned Stab","Tools of the Trade+1","Grand Finale+1","Infinite Blades+1","Phantasmal Killer+1","Underhanded Strike+1","Noxious Fumes+1","Tactician+1"],"relics":["Ring of the Snake","NeowsBlessing","Orichalcum","Juzu Bracelet","War Paint","Pantograph","Calling Bell","Happy Flower","Meat on the Bone","Gambling Chip","Bag of Preparation","Frozen Egg 2","Boot","Blue Candle","Bag of Marbles","Astrolabe","StoneCalendar","Toxic Egg 2","Ornamental Fan","Whetstone"],"potions_floor_usage":[10,16,23,23,33,50],"damage_taken":[{"damage":0,"enemies":"Cultist","floor":1,"turns":1},{"damage":0,"enemies":"Jaw Worm","floor":3,"turns":1},{"damage":0,"enemies":"2 Louse","floor":4,"turns":1},{"damage":1,"enemies":"Blue Slaver","floor":7,"turns":5},{"damage":23,"enemies":"Lagavulin","floor":10,"turns":7},{"damage":0,"enemies":"Looter","floor":11,"turns":3},{"damage":6,"enemies":"Large Slime","floor":14,"turns":5},{"damage":12,"enemies":"The Guardian","floor":16,"turns":11},{"damage":14,"enemies":"Spheric Guardian","floor":18,"turns":4},{"damage":0,"enemies":"3 Byrds","floor":21,"turns":3},{"damage":0,"enemies":"Slavers","floor":23,"turns":3},{"damage":12,"enemies":"Centurion and Healer","floor":24,"turns":5},{"damage":16,"enemies":"Book of Stabbing","floor":31,"turns":4},{"damage":35,"enemies":"Collector","floor":33,"turns":6},{"damage":35,"enemies":"3 Darklings","floor":35,"turns":4},{"damage":0,"enemies":"3 Shapes","floor":38,"turns":3},{"damage":18,"enemies":"Mind Bloom Boss Battle","floor":41,"turns":5},{"damage":5,"enemies":"Spire Growth","floor":46,"turns":3},{"damage":98,"enemies":"Donu and Deca","floor":50,"turns":6}],"seed_played":"2485228170901358737","potions_obtained":[{"floor":4,"key":"Weak Potion"},{"floor":10,"key":"Explosive Potion"},{"floor":14,"key":"Block Potion"},{"floor":18,"key":"SkillPotion"},{"floor":23,"key":"Dexterity Potion"},{"floor":46,"key":"Regen Potion"}],"is_trial":false,"path_per_floor":["M","$","M","M","$","R","M","R","T","E","M","$","T","M","R","B",null,"M","?","?","M","$","E","M","R","T","?","?","$","R","E","R","B",null,"M","?","$","M","$","R","?","?","T","T","$","M","?","?","R","B"],"character_chosen":"THE_SILENT","items_purchased":["Orichalcum","Bag of Preparation","Noxious Fumes+1","Whetstone"],"campfire_rested":2,"item_purchase_floors":[5,22,37,45],"current_hp_per_floor":[63,63,63,63,63,63,62,62,62,39,39,39,39,33,33,46,64,50,50,50,50,50,50,38,59,59,59,59,59,59,43,64,47,64,41,59,59,59,59,59,52,52,52,52,52,47,47,47,47,0],"gold":84,"neow_bonus":"THREE_ENEMY_KILL","is_prod":false,"is_daily":false,"chose_seed":false,"campfire_upgraded":6,"win_rate":0,"timestamp":1555358749,"path_taken":["M","$","M","?","$","R","M","R","T","E","M","$","?","M","R","BOSS","M","?","?","M","?","E","M","R","T","?","?","?","R","E","R","BOSS","M","?","$","M","$","R","?","?","T","?","?","M","?","?","R","BOSS"],"build_version":"2019-01-23","purchased_purges":2,"victory":false,"max_hp_per_floor":[70,70,70,70,70,70,70,70,70,70,70,70,70,70,70,70,70,70,70,70,70,70,70,70,70,70,70,70,70,70,70,70,70,70,70,70,70,70,70,70,70,70,70,70,70,70,70,70,70,70],"card_choices":[{"not_picked":["Slice","PiercingWail"],"picked":"Dagger Throw","floor":1},{"not_picked":["Concentrate","Backflip"],"picked":"Flying Knee","floor":3},{"not_picked":["Sucker Punch","Acrobatics"],"picked":"Crippling Poison","floor":4},{"not_picked":["Cloak And Dagger","Dodge and Roll"],"picked":"Well Laid Plans","floor":7},{"not_picked":["Cloak And Dagger","Underhanded Strike"],"picked":"Acrobatics","floor":10},{"not_picked":["Dagger Throw","Predator"],"picked":"Deadly Poison","floor":11},{"not_picked":["Deadly Poison","Poisoned Stab"],"picked":"Bane","floor":14},{"not_picked":["Night Terror","Glass Knife"],"picked":"Burst","floor":16},{"not_picked":["Bane","Blur+1"],"picked":"Catalyst","floor":18},{"not_picked":["Riddle With Holes","Deadly Poison"],"picked":"Dagger Throw+1","floor":21},{"not_picked":["Dagger Throw+1","Acrobatics","Terror"],"picked":"SKIP","floor":23},{"not_picked":["Prepared","Backflip"],"picked":"Poisoned Stab","floor":24},{"not_picked":["Quick Slash","Reflex"],"picked":"Tools of the Trade+1","floor":31},{"not_picked":["A Thousand Cuts+1","Unload"],"picked":"Grand Finale","floor":33},{"not_picked":["Poisoned Stab+1","Distraction","Flechettes"],"picked":"SKIP","floor":35},{"not_picked":["Poisoned Stab","Infinite Blades+1"],"picked":"Tactician+1","floor":38},{"not_picked":["Dark Shackles","Enlightenment"],"picked":"Dramatic Entrance","floor":42},{"not_picked":["Underhanded Strike+1","Expertise+1","Dagger Spray"],"picked":"SKIP","floor":46}],"player_experience":1705558,"relics_obtained":[{"floor":9,"key":"Juzu Bracelet"},{"floor":10,"key":"War Paint"},{"floor":13,"key":"Pantograph"},{"floor":17,"key":"Happy Flower"},{"floor":17,"key":"Meat on the Bone"},{"floor":17,"key":"Gambling Chip"},{"floor":23,"key":"Frozen Egg 2"},{"floor":26,"key":"Boot"},{"floor":31,"key":"Bag of Marbles"},{"floor":41,"key":"StoneCalendar"},{"floor":43,"key":"Toxic Egg 2"},{"floor":44,"key":"Ornamental Fan"}],"event_choices":[{"damage_healed":0,"gold_gain":0,"player_choice":"Upgraded","damage_taken":0,"max_hp_gain":0,"max_hp_loss":0,"event_name":"Upgrade Shrine","floor":19,"gold_loss":0,"cards_upgraded":["Burst"]},{"cards_removed":["Normality","Decay","Shame"],"damage_healed":0,"gold_gain":0,"player_choice":"Removed Curses","damage_taken":0,"max_hp_gain":0,"max_hp_loss":0,"event_name":"Fountain of Cleansing","floor":20,"gold_loss":0},{"damage_healed":0,"gold_gain":0,"player_choice":"Ignored","damage_taken":0,"max_hp_gain":0,"max_hp_loss":0,"event_name":"Beggar","floor":27,"gold_loss":0},{"damage_healed":0,"gold_gain":0,"player_choice":"Opened","damage_taken":0,"relics_obtained":["Blue Candle"],"max_hp_gain":0,"max_hp_loss":0,"event_name":"The Mausoleum","floor":28,"gold_loss":0},{"damage_healed":18,"gold_gain":0,"player_choice":"Writhe","damage_taken":0,"max_hp_gain":0,"max_hp_loss":0,"event_name":"Winding Halls","floor":36,"gold_loss":0,"cards_obtained":["Writhe"]},{"damage_healed":0,"gold_gain":0,"player_choice":"Fight","damage_taken":0,"max_hp_gain":0,"max_hp_loss":0,"event_name":"MindBloom","floor":41,"gold_loss":0},{"damage_healed":0,"gold_gain":0,"player_choice":"Memory 1","damage_taken":0,"max_hp_gain":0,"max_hp_loss":0,"event_name":"SensoryStone","floor":42,"gold_loss":0},{"damage_healed":0,"gold_gain":0,"player_choice":"Ignored","damage_taken":0,"max_hp_gain":0,"max_hp_loss":0,"event_name":"Mysterious Sphere","floor":47,"gold_loss":0},{"cards_removed":["Dramatic Entrance"],"damage_healed":0,"gold_gain":0,"player_choice":"Removed Attack","damage_taken":0,"max_hp_gain":0,"max_hp_loss":0,"event_name":"Falling","floor":48,"gold_loss":0}],"is_beta":false,"boss_relics":[{"not_picked":["Coffee Dripper","Ectoplasm"],"picked":"Calling Bell"},{"not_picked":["WristBlade","Pandora\u0027s Box"],"picked":"Astrolabe"}],"items_purged_floors":[22,37],"is_endless":false,"potions_floor_spawned":[4,10,14,18,21,23,46],"killed_by":"Donu and Deca","ascension_level":11}