{"gold_per_floor":[117,136,86,103,117,117,117,134,158,158],"floor_reached":10,"playtime":624,"items_purged":[],"score":72,"play_id":"87868168-f95e-4355-b074-aaa716c2fa8a","local_time":"20181229235126","is_ascension_mode":true,"campfire_choices":[{"data":"Chill","floor":6,"key":"SMITH"}],"neow_cost":"NONE","seed_source_timestamp":210147166549235,"circlet_count":0,"master_deck":["Strike_B","Strike_B","Strike_B","Strike_B","Defend_B","Defend_B","Defend_B","Zap","Dualcast","Chill+1","Turbo","Hologram","Sweeping Beam","Regret","Undo"],"relics":["Inserter","Bag of Marbles","Oddly Smooth Stone"],"potions_floor_usage":[10,10],"damage_taken":[{"damage":9,"enemies":"Small Slimes","floor":1,"turns":4},{"damage":2,"enemies":"2 Louse","floor":2,"turns":3},{"damage":12,"enemies":"Jaw Worm","floor":4,"turns":4},{"damage":7,"enemies":"3 Louse","floor":5,"turns":3},{"damage":31,"enemies":"Gremlin Gang","floor":8,"turns":5},{"damage":26,"enemies":"Gremlin Nob","floor":10,"turns":4}],"seed_played":"7372697596848809161","potions_obtained":[{"floor":1,"key":"EssenceOfSteel"},{"floor":2,"key":"SteroidPotion"}],"is_trial":false,"path_per_floor":["M","M","?","M","M","R","?","M","T","E"],"character_chosen":"DEFECT","items_purchased":[],"campfire_rested":0,"item_purchase_floors":[],"current_hp_per_floor":[66,64,64,52,45,45,45,14,14,0],"gold":158,"neow_bonus":"BOSS_RELIC","is_prod":false,"is_daily":false,"chose_seed":false,"campfire_upgraded":1,"win_rate":0,"timestamp":1546156286,"path_taken":["M","M","?","M","M","R","?","M","T","E"],"build_version":"2018-12-20","purchased_purges":0,"victory":false,"max_hp_per_floor":[75,75,75,75,75,75,75,75,75,75],"card_choices":[{"not_picked":["Self Repair","Reprogram"],"picked":"Chill","floor":1},{"not_picked":["Beam Cell","Gash"],"picked":"Turbo","floor":2},{"not_picked":["Compile Driver","Leap"],"picked":"Hologram","floor":4},{"not_picked":["Barrage","Redo"],"picked":"Sweeping Beam","floor":5},{"not_picked":["Leap","Scrape"],"picked":"Undo","floor":8}],"player_experience":240418,"relics_obtained":[{"floor":9,"key":"Oddly Smooth Stone"}],"event_choices":[{"cards_removed":["Defend_B"],"damage_healed":0,"gold_gain":0,"player_choice":"Card Removal","damage_taken":0,"max_hp_gain":0,"max_hp_loss":0,"event_name":"The Cleric","floor":3,"gold_loss":50},{"damage_healed":0,"gold_gain":0,"player_choice":"Box","damage_taken":0,"relics_obtained":["Bag of Marbles"],"max_hp_gain":0,"max_hp_loss":0,"event_name":"Big Fish","floor":7,"gold_loss":0,"cards_obtained":["Regret"]}],"is_beta":false,"boss_relics":[],"items_purged_floors":[],"is_endless":false,"potions_floor_spawned":[1,2],"killed_by":"Gremlin Nob","ascension_level":4}