{"gold_per_floor":[34,93,42,42,42,42,74,74,100,428,468,509,509,521,521,645,645,684,609,609,644,644,38,51,51],"floor_reached":25,"playtime":975,"items_purged":[],"score":348,"play_id":"623f8bbc-f40a-47df-8c2a-2f1689be801e","local_time":"20190510195801","is_ascension_mode":true,"campfire_choices":[{"data":"HandOfGreed","floor":6,"key":"SMITH"},{"floor":8,"key":"REST"},{"floor":13,"key":"REST"},{"floor":15,"key":"REST"}],"neow_cost":"NO_GOLD","seed_source_timestamp":262542864960699,"circlet_count":0,"master_deck":["AscendersBane","Defend_B","Zap","Dualcast","HandOfGreed+1","Trip","Static Discharge","Turbo","Recycle","Streamline","Machine Learning","Melter","Self Repair","Self Repair","Multi-Cast","Sunder","Stack","All For One","Fission","Mayhem","All For One","Conserve Battery"],"relics":["Cracked Core","Vajra","Lantern","Old Coin","Empty Cage","Strange Spoon"],"potions_floor_usage":[16,24,25],"damage_taken":[{"damage":0,"enemies":"Cultist","floor":1,"turns":2},{"damage":10,"enemies":"Small Slimes","floor":2,"turns":5},{"damage":9,"enemies":"Gremlin Nob","floor":7,"turns":3},{"damage":20,"enemies":"Lagavulin","floor":10,"turns":4},{"damage":0,"enemies":"2 Louse","floor":11,"turns":2},{"damage":9,"enemies":"Red Slaver","floor":12,"turns":2},{"damage":20,"enemies":"Exordium Wildlife","floor":14,"turns":4},{"damage":58,"enemies":"Slime Boss","floor":16,"turns":9},{"damage":2,"enemies":"Chosen","floor":18,"turns":3},{"damage":0,"enemies":"Spheric Guardian","floor":21,"turns":2},{"damage":37,"enemies":"Snecko","floor":24,"turns":5},{"damage":54,"enemies":"Gremlin Leader","floor":25,"turns":5}],"seed_played":"-4129002786944037759","potions_obtained":[{"floor":2,"key":"Ancient Potion"},{"floor":10,"key":"Explosive Potion"},{"floor":16,"key":"EssenceOfSteel"}],"is_trial":false,"path_per_floor":["M","M","$","?","?","R","E","R","T","E","M","M","R","M","R","B",null,"M","?","?","M","?","$","M","E"],"character_chosen":"DEFECT","items_purchased":["Turbo","Strange Spoon","Fission","Mayhem","All For One"],"campfire_rested":3,"item_purchase_floors":[3,23,23,23,23],"current_hp_per_floor":[68,58,58,58,58,58,49,71,71,51,51,42,64,51,73,29,64,62,62,62,69,69,69,46,0],"gold":51,"neow_bonus":"RANDOM_COLORLESS_2","is_prod":false,"is_daily":false,"chose_seed":false,"campfire_upgraded":1,"win_rate":0,"timestamp":1557511081,"path_taken":["M","M","?","?","?","R","E","R","T","E","M","?","R","M","R","BOSS","M","?","?","?","?","$","M","E"],"build_version":"2019-01-23","purchased_purges":0,"victory":false,"max_hp_per_floor":[75,75,75,75,75,75,75,75,75,75,75,75,75,75,75,75,75,75,75,75,75,75,75,75,75],"card_choices":[{"not_picked":["Capacitor","Leap"],"picked":"Static Discharge","floor":1},{"not_picked":["Go for the Eyes","Consume","Steam"],"picked":"SKIP","floor":2},{"not_picked":["Stack","Fusion","Compile Driver"],"picked":"SKIP","floor":7},{"not_picked":["Beam Cell","Sunder"],"picked":"Machine Learning","floor":10},{"not_picked":["Beam Cell","Compile Driver"],"picked":"Melter","floor":11},{"not_picked":["Chaos","Reinforced Body"],"picked":"Self Repair","floor":12},{"not_picked":["Rebound","Cold Snap"],"picked":"Self Repair","floor":14},{"not_picked":["Echo Form","Core Surge"],"picked":"Multi-Cast","floor":16},{"not_picked":["Gash","Barrage","Sweeping Beam"],"picked":"SKIP","floor":18},{"not_picked":["Stack","Barrage"],"picked":"Sunder","floor":21},{"not_picked":["Consume","Barrage"],"picked":"Conserve Battery","floor":24}],"player_experience":1833824,"relics_obtained":[{"floor":7,"key":"Vajra"},{"floor":9,"key":"Lantern"},{"floor":10,"key":"Old Coin"}],"event_choices":[{"damage_healed":0,"gold_gain":0,"cards_transformed":["Strike_B"],"player_choice":"Change","damage_taken":0,"max_hp_gain":0,"max_hp_loss":0,"event_name":"Living Wall","floor":4,"gold_loss":0,"cards_obtained":["Recycle"]},{"damage_healed":0,"gold_gain":0,"cards_transformed":["Strike_B"],"player_choice":"Transformed","damage_taken":0,"max_hp_gain":0,"max_hp_loss":0,"event_name":"Transmorgrifier","floor":5,"gold_loss":0,"cards_obtained":["Streamline"]},{"cards_removed":["Defend_B"],"damage_healed":0,"gold_gain":0,"player_choice":"Gave Gold","damage_taken":0,"max_hp_gain":0,"max_hp_loss":0,"event_name":"Beggar","floor":19,"gold_loss":75},{"damage_healed":0,"gold_gain":0,"cards_transformed":["Defend_B"],"player_choice":"Transformed","damage_taken":0,"max_hp_gain":0,"max_hp_loss":0,"event_name":"Transmorgrifier","floor":20,"gold_loss":0,"cards_obtained":["Compile Driver"]},{"damage_healed":0,"gold_gain":0,"cards_transformed":["Compile Driver","Defend_B"],"player_choice":"Became Test Subject","damage_taken":0,"max_hp_gain":0,"max_hp_loss":0,"event_name":"Drug Dealer","floor":22,"gold_loss":0,"cards_obtained":["Stack","All For One"]}],"is_beta":false,"boss_relics":[{"not_picked":["White Beast Statue","Tiny House"],"picked":"Empty Cage"}],"items_purged_floors":[],"is_endless":false,"potions_floor_spawned":[2,10,16],"killed_by":"Gremlin Leader","ascension_level":13}