{"gold_per_floor":[117,128,147,163,12,47,47,77,147,147,172,184,214,231,231,335,335,347,128,128,142,142,142,168,180,192,204,216,228,251,283,295,408,420,444,105,105,119,131,131,163,163,163,163,174,174,208,168,168,168],"floor_reached":50,"playtime":3305,"items_purged":["Strike_B","Strike_B"],"score":686,"play_id":"1512d8a7-51a8-485e-92e7-21324fecde98","local_time":"20190415094035","is_ascension_mode":true,"campfire_choices":[{"data":"Buffer","floor":7.0,"key":"SMITH"},{"data":"Zap","floor":10.0,"key":"SMITH"},{"floor":15.0,"key":"REST"},{"data":"Echo Form","floor":23.0,"key":"SMITH"},{"floor":25.0,"key":"REST"},{"data":"Defragment","floor":29.0,"key":"SMITH"},{"floor":32.0,"key":"REST"},{"data":"Coolheaded","floor":40.0,"key":"SMITH"},{"data":"Hologram","floor":44,"key":"SMITH"},{"data":"Conserve Battery","floor":49,"key":"SMITH"}],"neow_cost":"NONE","seed_source_timestamp":0,"circlet_count":0,"master_deck":["Strike_B","Defend_B","Defend_B","Defend_B","Defend_B","Zap+1","Dualcast","Buffer+1","Ball Lightning","Go for the Eyes","Leap","Conserve Battery+1","Doom and Gloom","Go for the Eyes","Hologram+1","Defragment+1","Echo Form+1","Turbo","Doom and Gloom+1","Gash","Genetic Algorithm+1","Ghostly","Ghostly","Ghostly","Ghostly","Ghostly","Coolheaded+1","Self Repair","Creative AI","BootSequence","Coolheaded+1"],"special_seed":0,"relics":["Cracked Core","Anchor","Prayer Wheel","Art of War","Kunai","Vajra","Omamori","Snecko Eye","Pen Nib","MutagenicStrength","MawBank","Darkstone Periapt","Busted Crown","Singing Bowl","Dream Catcher","Ornamental Fan","Boot","Orichalcum"],"potions_floor_usage":[50,50],"damage_taken":[{"damage":0.0,"enemies":"Cultist","floor":1.0,"turns":4.0},{"damage":7.0,"enemies":"Jaw Worm","floor":2.0,"turns":2.0},{"damage":0.0,"enemies":"Small Slimes","floor":3.0,"turns":3.0},{"damage":0.0,"enemies":"2 Fungi Beasts","floor":4.0,"turns":3.0},{"damage":28.0,"enemies":"Gremlin Nob","floor":6.0,"turns":4.0},{"damage":0.0,"enemies":"Looter","floor":12.0,"turns":3.0},{"damage":13.0,"enemies":"Lagavulin","floor":13.0,"turns":6.0},{"damage":0.0,"enemies":"3 Louse","floor":14.0,"turns":3.0},{"damage":27.0,"enemies":"Slime Boss","floor":16.0,"turns":8.0},{"damage":29.0,"enemies":"2 Thieves","floor":18.0,"turns":5.0},{"damage":0.0,"enemies":"Spheric Guardian","floor":21.0,"turns":4.0},{"damage":23.0,"enemies":"Book of Stabbing","floor":24.0,"turns":5.0},{"damage":6.0,"enemies":"Snake Plant","floor":30.0,"turns":5.0},{"damage":0.0,"enemies":"3 Cultists","floor":31.0,"turns":4.0},{"damage":21.0,"enemies":"Collector","floor":33.0,"turns":8.0},{"damage":0.0,"enemies":"3 Darklings","floor":35.0,"turns":6.0},{"damage":0.0,"enemies":"3 Shapes","floor":38.0,"turns":5.0},{"damage":0.0,"enemies":"Maw","floor":39.0,"turns":8.0},{"damage":18,"enemies":"Nemesis","floor":41,"turns":7},{"damage":0,"enemies":"Writhing Mass","floor":45,"turns":9},{"damage":0,"enemies":"Giant Head","floor":47,"turns":10},{"damage":57,"enemies":"Awakened One","floor":50,"turns":14}],"seed_played":"-764532463473738762","potions_obtained":[{"floor":3.0,"key":"AttackPotion"},{"floor":4.0,"key":"Fire Potion"},{"floor":12.0,"key":"FearPotion"},{"floor":16.0,"key":"Fruit Juice"},{"floor":38.0,"key":"SmokeBomb"},{"floor":39.0,"key":"PowerPotion"},{"floor":48,"key":"Energy Potion"}],"is_trial":false,"path_per_floor":["M","M","M","M","$","E","R","?","T","R","T","M","E","M","R","B",null,"M","$","?","M","?","R","E","R","T","?","?","R","M","M","R","B",null,"M","$","?","M","M","R","E","?","T","R","M","T","E","?","R","B"],"character_chosen":"DEFECT","items_purchased":["Anchor","Pen Nib","Singing Bowl"],"campfire_rested":3,"item_purchase_floors":[5,19,36],"current_hp_per_floor":[75,68,68,68,68,40,40,40,40,40,40,40,27,27,49,22,75,46,46,46,46,46,46,23,45,45,37,33,33,27,27,39,23,47,47,47,47,51,53,53,37,37,37,37,41,41,55,55,55,0],"gold":168,"neow_bonus":"ONE_RANDOM_RARE_CARD","is_prod":false,"is_daily":false,"chose_seed":false,"campfire_upgraded":7,"win_rate":0,"timestamp":1555346435,"path_taken":["M","?","M","?","?","E","R","?","T","R","?","?","E","M","R","BOSS","M","$","?","?","?","R","E","R","T","?","?","R","M","M","R","BOSS","M","$","?","M","M","R","E","?","T","R","M","?","E","?","R","BOSS"],"build_version":"2019-01-23","purchased_purges":2,"victory":false,"max_hp_per_floor":[75,75,75,75,75,75,75,75,75,75,75,75,75,75,75,75,75,75,75,75,75,75,75,75,75,75,37,42,42,42,42,42,47,47,47,47,47,51,53,53,55,52,52,52,56,56,56,56,56,56],"card_choices":[{"not_picked":["Recycle","Gash"],"picked":"Ball Lightning","floor":1.0},{"not_picked":["Skim","Reprogram"],"picked":"Streamline","floor":2.0},{"not_picked":["Hologram","Rebound"],"picked":"Go for the Eyes","floor":3.0},{"not_picked":["Gash","Compile Driver"],"picked":"Leap","floor":4.0},{"not_picked":["Rebound","Reboot"],"picked":"Conserve Battery","floor":6.0},{"not_picked":["Fusion","Compile Driver"],"picked":"Doom and Gloom","floor":12.0},{"not_picked":["Gash","Sweeping Beam"],"picked":"Go for the Eyes","floor":12.0},{"not_picked":["Sweeping Beam","Rebound"],"picked":"Hologram","floor":13.0},{"not_picked":["Compile Driver","Ball Lightning"],"picked":"Defragment","floor":14.0},{"not_picked":["Stack","Gash","All For One"],"picked":"SKIP","floor":14.0},{"not_picked":["Electrodynamics","Machine Learning"],"picked":"Echo Form","floor":16.0},{"not_picked":["Lockon","Beam Cell"],"picked":"Turbo","floor":18.0},{"not_picked":["Darkness","White Noise+1"],"picked":"Doom and Gloom+1","floor":18.0},{"not_picked":["Compile Driver","Cold Snap"],"picked":"Genetic Algorithm+1","floor":21.0},{"not_picked":["Stack","Undo","Beam Cell+1"],"picked":"SKIP","floor":21.0},{"not_picked":["Leap","Turbo","Doom and Gloom"],"picked":"SKIP","floor":24.0},{"not_picked":["Conserve Battery","Redo"],"picked":"Coolheaded","floor":30.0},{"not_picked":["Stack+1","Go for the Eyes"],"picked":"Self Repair","floor":30.0},{"not_picked":["FTL","Heatsinks+1","Rebound+1"],"picked":"SKIP","floor":31.0},{"not_picked":["Compile Driver","Go for the Eyes","Beam Cell"],"picked":"SKIP","floor":31.0},{"not_picked":["Core Surge","Multi-Cast"],"picked":"Creative AI","floor":33.0},{"not_picked":["Lockon"],"picked":"SKIP","floor":35.0},{"not_picked":["Rebound"],"picked":"SKIP","floor":35.0},{"not_picked":["Leap"],"picked":"Singing Bowl","floor":38.0},{"not_picked":["Leap"],"picked":"Singing Bowl","floor":38.0},{"not_picked":["Force Field+1"],"picked":"Singing Bowl","floor":39.0},{"not_picked":[],"picked":"BootSequence","floor":39.0},{"not_picked":["Reprogram"],"picked":"Singing Bowl","floor":41},{"not_picked":["Redo"],"picked":"Singing Bowl","floor":45},{"not_picked":["Stack+1"],"picked":"Singing Bowl","floor":45},{"not_picked":[],"picked":"Coolheaded+1","floor":47}],"player_experience":303778,"relics_obtained":[{"floor":6.0,"key":"Prayer Wheel"},{"floor":9.0,"key":"Kunai"},{"floor":11.0,"key":"Vajra"},{"floor":13.0,"key":"Omamori"},{"floor":24.0,"key":"MawBank"},{"floor":26.0,"key":"Darkstone Periapt"},{"floor":41,"key":"Dream Catcher"},{"floor":43,"key":"Ornamental Fan"},{"floor":46,"key":"Boot"},{"floor":47,"key":"Orichalcum"}],"event_choices":[{"damage_healed":0.0,"max_hp_gain":0.0,"max_hp_loss":0.0,"gold_gain":30.0,"event_name":"Dead Adventurer","player_choice":"Searched \u00272\u0027 times","floor":8.0,"gold_loss":0.0,"damage_taken":0.0,"relics_obtained":["Art of War"]},{"damage_healed":0.0,"max_hp_gain":0.0,"max_hp_loss":0.0,"gold_gain":0.0,"cards_transformed":["Strike_B"],"event_name":"Transmorgrifier","player_choice":"Transformed","floor":20.0,"gold_loss":0.0,"damage_taken":0.0,"cards_obtained":["Gash"]},{"damage_healed":0.0,"max_hp_gain":0.0,"max_hp_loss":0.0,"gold_gain":0.0,"event_name":"Drug Dealer","player_choice":"Inject Mutagens","floor":22.0,"gold_loss":0.0,"damage_taken":0.0,"relics_obtained":["MutagenicStrength"]},{"damage_healed":0.0,"max_hp_gain":0.0,"max_hp_loss":38.0,"gold_gain":0.0,"event_name":"Ghosts","player_choice":"Became a Ghost","floor":27.0,"gold_loss":0.0,"damage_taken":0.0,"cards_obtained":["Ghostly","Ghostly","Ghostly","Ghostly","Ghostly"]},{"damage_healed":0.0,"max_hp_gain":5.0,"max_hp_loss":0.0,"gold_gain":0.0,"event_name":"Forgotten Altar","player_choice":"Shed Blood","floor":28.0,"gold_loss":0.0,"damage_taken":9.0},{"cards_removed":["Streamline"],"damage_healed":0.0,"max_hp_gain":0.0,"max_hp_loss":0.0,"gold_gain":0.0,"event_name":"Falling","player_choice":"Removed Attack","floor":37.0,"gold_loss":0.0,"damage_taken":0.0},{"damage_healed":0,"gold_gain":0,"player_choice":"Max HP","damage_taken":0,"max_hp_gain":0,"max_hp_loss":3,"event_name":"Winding Halls","floor":42,"gold_loss":0},{"damage_healed":0,"gold_gain":0,"player_choice":"Bought 3 Potions","damage_taken":0,"max_hp_gain":0,"max_hp_loss":0,"event_name":"The Woman in Blue","floor":48,"gold_loss":0}],"is_beta":false,"boss_relics":[{"not_picked":["Astrolabe","Philosopher\u0027s Stone"],"picked":"Snecko Eye"},{"not_picked":["Empty Cage","Coffee Dripper"],"picked":"Busted Crown"}],"items_purged_floors":[19,36],"is_endless":false,"potions_floor_spawned":[3,4,12,16,24,38,39],"killed_by":"Awakened One","ascension_level":3}