{"path_per_floor":["M","?","M","M","?","R","E","R","T","M","E","R","$","M","R","B",null,"M","?","M","M"],"character_chosen":"IRONCLAD","items_purchased":["True Grit"],"gold_per_floor":[113,113,127,141,141,141,168,168,168,181,215,215,115,131,131,227,227,243,243,259,276],"floor_reached":22,"campfire_rested":2,"playtime":1902,"current_hp_per_floor":[80,80,80,80,73,73,57,57,57,56,35,59,59,55,79,28,80,59,59,59,27],"items_purged":["Strike_R"],"gold":276,"score":216,"play_id":"da4e3552-5b2b-4956-96ad-9f108d71dbcb","local_time":"20180312213703","is_prod":false,"is_daily":false,"is_ascension_mode":true,"campfire_upgraded":2,"timestamp":1520915823,"path_taken":["M","?","?","M","?","R","E","R","T","M","E","R","$","M","R","BOSS","M","?","?","M","?"],"build_version":"2018-03-09","purchased_purges":1,"victory":false,"master_deck":["Strike_R+1","Defend_R","Defend_R","Defend_R","Defend_R","Bash","Twin Strike+1","Whirlwind+1","Battle Trance","Evolve+1","Shockwave","Offering","Uppercut","True Grit","Pommel Strike","Body Slam","Barricade","Warcry+1","Shrug It Off+1"],"max_hp_per_floor":[80,80,80,80,80,80,80,80,80,80,80,80,80,80,80,80,80,80,80,80,80],"relics":["Black Blood","Dream Catcher","Sundial","Whetstone"],"card_choices":[{"not_picked":["Metallicize","Rage"],"picked":"Twin Strike"},{"not_picked":["Perfected Strike","Seeing Red"],"picked":"Battle Trance"},{"not_picked":["Feel No Pain","Clash"],"picked":"Evolve"},{"not_picked":["Anger","Perfected Strike"],"picked":"Shockwave"},{"not_picked":["Feel No Pain","Fire Breathing"],"picked":"Offering"},{"not_picked":["Anger","Flex"],"picked":"Uppercut"},{"not_picked":["Hemokinesis","Body Slam"],"picked":"Pommel Strike"},{"not_picked":["Sever Soul","Cleave"],"picked":"Body Slam"},{"not_picked":["Brutality","Exhume"],"picked":"Barricade"},{"not_picked":["Wild Strike","Ghostly Armor"],"picked":"Warcry"},{"not_picked":["Sever Soul","Demon Form"],"picked":"Shrug It Off"}],"player_experience":170583,"potions_floor_usage":[16,22,22],"damage_taken":[{"damage":0,"enemies":"Small Slimes","floor":1,"turns":4},{"damage":1,"enemies":"Cultist","floor":3,"turns":3},{"damage":3,"enemies":"2 Louse","floor":4,"turns":3},{"damage":22,"enemies":"3 Sentries","floor":7,"turns":6},{"damage":7,"enemies":"Gremlin Gang","floor":10,"turns":3},{"damage":27,"enemies":"Lagavulin","floor":11,"turns":7},{"damage":10,"enemies":"Blue Slaver","floor":14,"turns":3},{"damage":57,"enemies":"Hexaghost","floor":16,"turns":10},{"damage":31,"enemies":"2 Thieves","floor":18,"turns":4},{"damage":10,"enemies":"3 Byrds","floor":20,"turns":3},{"damage":42,"enemies":"Sentry and Sphere","floor":21,"turns":5},{"damage":44,"enemies":"Chosen and Byrds","floor":22,"turns":7}],"event_choices":[{"event_name":"Transmorgrifier","player_choice":"Transform","floor":2,"damage_taken":0},{"event_name":"Golden Wing","player_choice":"Card Removal","floor":5,"damage_taken":0},{"event_name":"N\u0027loth","player_choice":"Ignored","floor":19,"damage_taken":0}],"boss_relics":[{"not_picked":["Cursed Key","Runic Dome"],"picked":"Black Blood"}],"potions_floor_spawned":[1,3,14,16,20,21],"seed_played":"6782624094635898094","killed_by":"Chosen and Byrds","ascension_level":2,"is_trial":false}