{"gold_per_floor":[213,12,12,12,12,12,36,36,36,55,73,73,109,109,109,207,207,230,230,223,112,112],"floor_reached":22,"playtime":784,"items_purged":["Pain"],"score":309,"play_id":"e1e23bca-e63f-4525-b615-b6057a82845e","local_time":"20190509235722","is_ascension_mode":true,"campfire_choices":[{"floor":6,"key":"REST"},{"data":"Armaments","floor":8,"key":"SMITH"},{"floor":15,"key":"REST"}],"neow_cost":"NONE","seed_source_timestamp":190696532640500,"circlet_count":0,"master_deck":["AscendersBane","Strike_R","Strike_R","Strike_R","Strike_R","Defend_R","Defend_R","Defend_R+1","Defend_R","Bash","Armaments+1","Rampage","Shrug It Off","Infernal Blade+1","Demon Form","Sever Soul+1","Inflame"],"relics":["Burning Blood","Chemical X","Golden Idol","Pear","Calipers","Runic Cube","WarpedTongs"],"potions_floor_usage":[11,16,20,22],"damage_taken":[{"damage":14,"enemies":"2 Louse","floor":1,"turns":3},{"damage":4,"enemies":"Small Slimes","floor":7,"turns":4},{"damage":1,"enemies":"Cultist","floor":10,"turns":3},{"damage":1,"enemies":"Exordium Thugs","floor":11,"turns":4},{"damage":29,"enemies":"3 Sentries","floor":13,"turns":9},{"damage":61,"enemies":"The Guardian","floor":16,"turns":16},{"damage":28,"enemies":"Shell Parasite","floor":18,"turns":7},{"damage":15,"enemies":"2 Thieves","floor":20,"turns":4},{"damage":45,"enemies":"Snake Plant","floor":22,"turns":6}],"seed_played":"6385114461553492108","potions_obtained":[{"floor":7,"key":"BloodPotion"},{"floor":10,"key":"AttackPotion"},{"floor":13,"key":"SteroidPotion"},{"floor":18,"key":"Explosive Potion"}],"is_trial":false,"path_per_floor":["M","$","?","?","$","R","M","R","T","M","M","$","E","?","R","B",null,"M","?","M","$","M"],"character_chosen":"IRONCLAD","items_purchased":["Chemical X","Inflame"],"campfire_rested":2,"item_purchase_floors":[2,21],"current_hp_per_floor":[60,60,42,42,42,64,66,66,76,81,85,85,62,45,70,15,68,46,46,37,37,0],"gold":112,"neow_bonus":"HUNDRED_GOLD","is_prod":false,"is_daily":false,"chose_seed":false,"campfire_upgraded":1,"win_rate":0,"timestamp":1557439042,"path_taken":["M","$","?","?","$","R","M","R","T","?","M","?","E","?","R","BOSS","M","?","?","$","M"],"build_version":"2019-01-23","purchased_purges":1,"victory":false,"max_hp_per_floor":[75,75,75,75,75,75,75,75,85,85,85,85,85,85,85,85,85,85,85,85,85,85],"card_choices":[{"not_picked":["Thunderclap","Second Wind"],"picked":"Armaments","floor":1},{"not_picked":["Pommel Strike","Twin Strike"],"picked":"Rampage","floor":7},{"not_picked":["Body Slam","Clothesline"],"picked":"Shrug It Off","floor":10},{"not_picked":["Twin Strike","Power Through","Flex"],"picked":"SKIP","floor":11},{"not_picked":["Power Through","Blood for Blood"],"picked":"Infernal Blade","floor":13},{"not_picked":["Juggernaut","Dark Embrace"],"picked":"Demon Form","floor":16},{"not_picked":["Perfected Strike","Intimidate","True Grit"],"picked":"SKIP","floor":18},{"not_picked":["Corruption","Warcry"],"picked":"Sever Soul+1","floor":20}],"player_experience":1829321,"relics_obtained":[{"floor":9,"key":"Pear"},{"floor":13,"key":"Calipers"}],"event_choices":[{"damage_healed":0,"gold_gain":0,"player_choice":"Take Damage","damage_taken":18,"relics_obtained":["Golden Idol"],"max_hp_gain":0,"max_hp_loss":0,"event_name":"Golden Idol","floor":3,"gold_loss":0},{"cards_removed":["Strike_R"],"damage_healed":0,"gold_gain":0,"player_choice":"Purged","damage_taken":0,"max_hp_gain":0,"max_hp_loss":0,"event_name":"Purifier","floor":4,"gold_loss":0},{"damage_healed":0,"gold_gain":0,"player_choice":"Entered Light","damage_taken":17,"max_hp_gain":0,"max_hp_loss":0,"event_name":"Shining Light","floor":14,"gold_loss":0,"cards_upgraded":["Infernal Blade","Defend_R"]},{"damage_healed":0,"gold_gain":0,"player_choice":"Rummage","damage_taken":0,"relics_obtained":["WarpedTongs"],"max_hp_gain":0,"max_hp_loss":0,"event_name":"Accursed Blacksmith","floor":19,"gold_loss":0,"cards_obtained":["Pain"]}],"is_beta":false,"boss_relics":[{"not_picked":["Black Star","Sozu"],"picked":"Runic Cube"}],"items_purged_floors":[21],"is_endless":false,"potions_floor_spawned":[7,10,13,18],"killed_by":"Snake Plant","ascension_level":14}