{"gold_per_floor":[115,115,115,37,55,84,84,103,103,150,15,70,101,56,56,156,156,176,186,34,34,34,34,51,76,101,101,113,128,128,128,128,128],"floor_reached":33,"playtime":1204,"items_purged":["Strike_B"],"score":339,"play_id":"fc15e501-71e8-4f17-8df7-226a39ac4448","local_time":"20190413174603","is_ascension_mode":true,"campfire_choices":[{"data":"Defragment","floor":7,"key":"SMITH"},{"data":"Sweeping Beam","floor":15,"key":"SMITH"},{"data":"Conserve Battery","floor":23,"key":"SMITH"},{"floor":27,"key":"REST"},{"data":"Go for the Eyes","floor":30,"key":"SMITH"},{"data":"Defragment","floor":32,"key":"SMITH"}],"neow_cost":"NONE","seed_source_timestamp":205055537316300,"circlet_count":0,"master_deck":["Strike_B","Strike_B","Strike_B","Defend_B","Defend_B","Defend_B","Defend_B","Zap+1","Dualcast","Coolheaded","Defragment+1","Ball Lightning","Conserve Battery+1","FTL","Leap","Sweeping Beam+1","Steam","Electrodynamics","Leap","Coolheaded","Hologram+1","Defragment+1","Doubt","Go for the Eyes+1"],"relics":["Cracked Core","NeowsBlessing","Pocketwatch","Nunchaku","MawBank","Ornamental Fan","Potion Belt","Cursed Key","Oddly Smooth Stone","The Courier","Spirit Poop","Bag of Preparation","Juzu Bracelet","MutagenicStrength"],"potions_floor_usage":[13],"damage_taken":[{"damage":0,"enemies":"Jaw Worm","floor":1,"turns":1},{"damage":0,"enemies":"Small Slimes","floor":5,"turns":1},{"damage":0,"enemies":"Gremlin Nob","floor":6,"turns":1},{"damage":5,"enemies":"2 Louse","floor":8,"turns":2},{"damage":19,"enemies":"Gremlin Nob","floor":12,"turns":4},{"damage":15,"enemies":"Lagavulin","floor":13,"turns":5},{"damage":13,"enemies":"Hexaghost","floor":16,"turns":10},{"damage":14,"enemies":"2 Thieves","floor":18,"turns":3},{"damage":11,"enemies":"Shell Parasite","floor":19,"turns":4},{"damage":18,"enemies":"Snake Plant","floor":24,"turns":4},{"damage":14,"enemies":"Slavers","floor":25,"turns":4},{"damage":0,"enemies":"Sentry and Sphere","floor":28,"turns":4},{"damage":0,"enemies":"3 Cultists","floor":29,"turns":3},{"damage":52,"enemies":"Champ","floor":33,"turns":16}],"seed_played":"-896455725483792475","potions_obtained":[{"floor":6,"key":"LiquidBronze"},{"floor":8,"key":"PowerPotion"},{"floor":19,"key":"GamblersBrew"},{"floor":25,"key":"Ancient Potion"},{"floor":29,"key":"Ancient Potion"}],"is_trial":false,"path_per_floor":["M","?","?","$","M","E","R","M","T","T","$","?","E","$","R","B",null,"M","M","$","?","?","R","M","E","T","R","M","M","R","?","R","B"],"character_chosen":"DEFECT","items_purchased":["Defragment","FTL","Steam","Oddly Smooth Stone"],"campfire_rested":1,"item_purchase_floors":[4,11,14,20],"current_hp_per_floor":[75,80,80,80,80,80,80,75,75,75,75,56,41,41,41,28,80,66,55,55,55,55,55,37,23,23,47,47,47,47,47,47,0],"gold":128,"neow_bonus":"THREE_ENEMY_KILL","is_prod":false,"is_daily":false,"chose_seed":false,"campfire_upgraded":5,"win_rate":0,"timestamp":1555202763,"path_taken":["M","?","?","$","M","E","R","M","T","?","?","?","E","?","R","BOSS","M","M","$","?","?","R","?","E","T","R","M","M","R","?","R","BOSS"],"build_version":"2019-01-23","purchased_purges":1,"victory":false,"max_hp_per_floor":[75,80,80,80,80,80,80,80,80,80,80,80,80,80,80,80,80,80,80,80,80,80,80,80,80,80,80,80,80,80,80,80,80],"card_choices":[{"not_picked":["Beam Cell","Leap"],"picked":"Coolheaded","floor":1},{"not_picked":["Stack","Tempest"],"picked":"Ball Lightning","floor":5},{"not_picked":["Gash","Blizzard","Barrage"],"picked":"SKIP","floor":6},{"not_picked":["Sweeping Beam","Stack"],"picked":"Conserve Battery","floor":8},{"not_picked":["Rebound","Barrage"],"picked":"Leap","floor":12},{"not_picked":["Force Field","Scrape"],"picked":"Sweeping Beam","floor":13},{"not_picked":["Amplify","Reboot"],"picked":"Electrodynamics","floor":16},{"not_picked":["Sweeping Beam+1","Streamline"],"picked":"Leap","floor":18},{"not_picked":["Static Discharge+1","Gash+1"],"picked":"Coolheaded","floor":19},{"not_picked":["Recycle","FTL+1"],"picked":"Hologram+1","floor":24},{"not_picked":["Reboot","Go for the Eyes"],"picked":"Defragment","floor":25},{"not_picked":["Conserve Battery","Recycle","Redo+1"],"picked":"SKIP","floor":28},{"not_picked":["Compile Driver","Coolheaded"],"picked":"Go for the Eyes","floor":29}],"player_experience":300382,"relics_obtained":[{"floor":6,"key":"Pocketwatch"},{"floor":9,"key":"Nunchaku"},{"floor":10,"key":"MawBank"},{"floor":12,"key":"Ornamental Fan"},{"floor":13,"key":"Potion Belt"},{"floor":25,"key":"Bag of Preparation"},{"floor":26,"key":"Juzu Bracelet"}],"event_choices":[{"damage_healed":0,"gold_gain":0,"player_choice":"Donut","damage_taken":0,"max_hp_gain":5,"max_hp_loss":0,"event_name":"Big Fish","floor":2,"gold_loss":0},{"damage_healed":0,"gold_gain":0,"player_choice":"Grow","damage_taken":0,"max_hp_gain":0,"max_hp_loss":0,"event_name":"Living Wall","floor":3,"gold_loss":0,"cards_upgraded":["Zap"]},{"damage_healed":0,"gold_gain":30,"player_choice":"Searched \u00273\u0027 times","damage_taken":0,"max_hp_gain":0,"max_hp_loss":0,"event_name":"Dead Adventurer","floor":12,"gold_loss":0},{"damage_healed":0,"gold_gain":0,"player_choice":"Stole Relic","damage_taken":0,"relics_obtained":["The Courier"],"max_hp_gain":0,"max_hp_loss":0,"event_name":"Addict","floor":21,"gold_loss":0,"cards_obtained":["Shame"]},{"cards_removed":["Shame"],"damage_healed":0,"gold_gain":0,"player_choice":"Offered Curse","damage_taken":0,"relics_obtained":["Spirit Poop"],"max_hp_gain":0,"max_hp_loss":0,"event_name":"Bonfire Elementals","floor":22,"gold_loss":0},{"damage_healed":0,"gold_gain":0,"player_choice":"Inject Mutagens","damage_taken":0,"relics_obtained":["MutagenicStrength"],"max_hp_gain":0,"max_hp_loss":0,"event_name":"Drug Dealer","floor":31,"gold_loss":0}],"is_beta":false,"boss_relics":[{"not_picked":["FrozenCore","Black Star"],"picked":"Cursed Key"}],"items_purged_floors":[11],"is_endless":false,"potions_floor_spawned":[6,8,19,25,29],"killed_by":"Champ","ascension_level":3}