{"gold_per_floor":[112,112,112,137,137,177,201,201,201,234,32,57,101,101,101,220,220,238,76,76,92,113,148,148,148,148,148,163,63,63,99,99,230,230,253,313,313,327,341,685,685,701,750,793,809,809,195,233,233,233,233,233,83,116,116],"floor_reached":55,"playtime":4346,"items_purged":["Strike_R","Regret","Shame","Bite+1"],"score":1165,"play_id":"c0581b10-c614-4ab7-8b67-9fe9a894c8ca","local_time":"20181221224752","is_ascension_mode":true,"campfire_choices":[{"floor":8,"key":"REST"},{"floor":15,"key":"REST"},{"floor":27,"key":"REST"},{"data":"Disarm","floor":32,"key":"SMITH"},{"floor":41,"key":"RECALL"},{"floor":49,"key":"REST"},{"floor":52,"key":"REST"}],"neow_cost":"CURSE","seed_source_timestamp":591690127342300,"circlet_count":0,"master_deck":["Defend_R","Defend_R","Defend_R","Defend_R","Bash+1","Dark Shackles","Dark Shackles+1","Thunderclap+1","Disarm","Cleave+1","Disarm+1","Inflame","Thunderclap+1","Intimidate","Reaper+1","Jack Of All Trades","Pommel Strike+1","Fiend Fire+1","Bite+1","Bite+1","Bite+1","Bite+1","Disarm","Reaper+1","Seeing Red+1","Demon Form","Whirlwind+1","Feel No Pain+1","Disarm","Violence","Swift Strike+1","Flex","Cleave+1"],"relics":["Burning Blood","Golden Idol","Anchor","Bottled Flame","Molten Egg 2","Strange Spoon","Odd Mushroom","Ornamental Fan","Cursed Key","Magic Flower","Nilry\u0027s Codex","Whetstone","Blue Candle","Matryoshka","Fusion Hammer","Bird Faced Urn","Old Coin","Mercury Hourglass","Juzu Bracelet","Bag of Preparation","Dodecahedron","Self Forming Clay"],"potions_floor_usage":[12,16,28,33,33,42,45,50,50,50],"damage_taken":[{"damage":16,"enemies":"Jaw Worm","floor":1,"turns":6},{"damage":0,"enemies":"2 Louse","floor":4,"turns":3},{"damage":24,"enemies":"3 Sentries","floor":6,"turns":9},{"damage":4,"enemies":"Cultist","floor":7,"turns":5},{"damage":40,"enemies":"Gremlin Nob","floor":10,"turns":5},{"damage":1,"enemies":"The Mushroom Lair","floor":12,"turns":3},{"damage":17,"enemies":"Lagavulin","floor":13,"turns":7},{"damage":3,"enemies":"The Guardian","floor":16,"turns":14},{"damage":10,"enemies":"Chosen","floor":18,"turns":6},{"damage":18,"enemies":"Shell Parasite","floor":21,"turns":7},{"damage":8,"enemies":"3 Cultists","floor":22,"turns":5},{"damage":10,"enemies":"Book of Stabbing","floor":23,"turns":6},{"damage":8,"enemies":"Snake Plant","floor":28,"turns":2},{"damage":22,"enemies":"Slavers","floor":31,"turns":5},{"damage":68,"enemies":"Collector","floor":33,"turns":9},{"damage":1,"enemies":"3 Shapes","floor":35,"turns":2},{"damage":82,"enemies":"2 Orb Walkers","floor":36,"turns":6},{"damage":6,"enemies":"Orb Walker","floor":38,"turns":3},{"damage":35,"enemies":"3 Darklings","floor":39,"turns":5},{"damage":48,"enemies":"Reptomancer","floor":40,"turns":7},{"damage":39,"enemies":"Writhing Mass","floor":42,"turns":6},{"damage":30,"enemies":"Nemesis","floor":44,"turns":9},{"damage":22,"enemies":"Maw","floor":45,"turns":7},{"damage":42,"enemies":"Reptomancer","floor":48,"turns":6},{"damage":25,"enemies":"Donu and Deca","floor":50,"turns":8},{"damage":80,"enemies":"Shield and Spear","floor":54,"turns":7},{"damage":84,"enemies":"The Heart","floor":55,"turns":6}],"seed_played":"-2332843612454919363","potions_obtained":[{"floor":1,"key":"Energy Potion"},{"floor":12,"key":"FearPotion"},{"floor":13,"key":"EssenceOfSteel"},{"floor":18,"key":"Regen Potion"},{"floor":21,"key":"Ancient Potion"},{"floor":39,"key":"FearPotion"},{"floor":40,"key":"SteroidPotion"},{"floor":44,"key":"Ancient Potion"},{"floor":45,"key":"Fire Potion"},{"floor":48,"key":"Explosive Potion"}],"is_trial":false,"path_per_floor":["M","?","?","M","?","E","M","R","T","E","$","?","E","?","R","B",null,"M","$","$","M","M","E","?","?","T","R","M","$","T","E","R","B",null,"M","?","?","M","M","E","R","M","T","E","M","?","$","E","R","B",null,"R","$","E","B"],"character_chosen":"IRONCLAD","items_purchased":["Strange Spoon","Jack Of All Trades","Bag of Preparation","Disarm","Violence","Swift Strike+1"],"campfire_rested":5,"item_purchase_floors":[11,19,47,47,47,47],"current_hp_per_floor":[62,46,46,52,52,34,36,60,60,26,26,31,20,20,44,47,72,68,68,68,66,78,80,56,40,40,56,56,56,56,56,56,40,52,56,11,11,42,53,56,56,49,49,44,56,56,56,56,56,56,56,56,56,37,0],"gold":116,"neow_bonus":"RANDOM_COLORLESS_2","is_prod":false,"is_daily":false,"chose_seed":false,"campfire_upgraded":1,"win_rate":0,"timestamp":1545428872,"path_taken":["M","?","?","M","?","E","?","R","T","E","$","?","E","?","R","BOSS","M","?","$","?","M","E","?","?","T","R","M","$","?","E","R","BOSS","M","?","?","?","M","E","R","M","T","E","M","?","?","E","R","BOSS","R","$","E","BOSS"],"build_version":"2018-12-20","purchased_purges":4,"victory":false,"max_hp_per_floor":[80,80,80,80,80,80,80,80,80,80,80,80,80,80,80,80,80,80,80,80,80,80,80,56,56,56,56,56,56,56,56,56,56,56,56,56,56,56,56,56,56,56,56,56,56,56,56,56,56,56,56,56,56,56,56],"card_choices":[{"not_picked":["Warcry","Wild Strike"],"picked":"Thunderclap","floor":1},{"not_picked":["Wild Strike","Shrug It Off"],"picked":"Disarm","floor":4},{"not_picked":["Flame Barrier","Flex"],"picked":"Cleave","floor":6},{"not_picked":["Fire Breathing","Infernal Blade"],"picked":"Disarm","floor":7},{"not_picked":["Reckless Charge","Dark Embrace"],"picked":"Inflame","floor":10},{"not_picked":["Armaments","Wild Strike+1"],"picked":"Thunderclap+1","floor":12},{"not_picked":["Reckless Charge+1","Barricade"],"picked":"Intimidate","floor":13},{"not_picked":["Barricade","Demon Form"],"picked":"Reaper+1","floor":16},{"not_picked":["Havoc+1","Hemokinesis+1"],"picked":"Body Slam+1","floor":18},{"not_picked":["Headbutt+1","Warcry"],"picked":"Pommel Strike+1","floor":21},{"not_picked":["True Grit","Spot Weakness"],"picked":"Fiend Fire+1","floor":22},{"not_picked":["Fire Breathing","Twin Strike+1","Pommel Strike+1"],"picked":"SKIP","floor":23},{"not_picked":["Flame Barrier","Sword Boomerang+1","Havoc"],"picked":"SKIP","floor":28},{"not_picked":["Sword Boomerang+1","Burning Pact"],"picked":"Disarm","floor":31},{"not_picked":["Immolate+1","Demon Form"],"picked":"Reaper+1","floor":33},{"not_picked":["Flex","Clash+1"],"picked":"Seeing Red+1","floor":35},{"not_picked":["Searing Blow+1","Cleave+1","Body Slam+1"],"picked":"SKIP","floor":38},{"not_picked":["Dropkick+1","True Grit+1"],"picked":"Demon Form","floor":39},{"not_picked":["Dropkick+1","Sword Boomerang+1"],"picked":"Whirlwind+1","floor":40},{"not_picked":["Fire Breathing","Headbutt+1","Sever Soul+1"],"picked":"SKIP","floor":42},{"not_picked":["Clash+1","Clothesline+1","Shockwave+1"],"picked":"SKIP","floor":44},{"not_picked":["Combust+1","Flex"],"picked":"Feel No Pain+1","floor":45},{"not_picked":["Armaments+1","Clothesline+1"],"picked":"Flex","floor":48},{"not_picked":["Anger+1","Combust+1"],"picked":"Cleave+1","floor":54}],"player_experience":1047219,"relics_obtained":[{"floor":6,"key":"Anchor"},{"floor":9,"key":"Bottled Flame"},{"floor":10,"key":"Molten Egg 2"},{"floor":12,"key":"Odd Mushroom"},{"floor":13,"key":"Ornamental Fan"},{"floor":23,"key":"Magic Flower"},{"floor":25,"key":"Nilry\u0027s Codex"},{"floor":26,"key":"Whetstone"},{"floor":30,"key":"Blue Candle"},{"floor":31,"key":"Matryoshka"},{"floor":36,"key":"Bird Faced Urn"},{"floor":40,"key":"Old Coin"},{"floor":43,"key":"Mercury Hourglass"},{"floor":44,"key":"Juzu Bracelet"},{"floor":48,"key":"Dodecahedron"},{"floor":54,"key":"Self Forming Clay"}],"event_choices":[{"damage_healed":0,"gold_gain":0,"player_choice":"Entered Light","damage_taken":16,"max_hp_gain":0,"max_hp_loss":0,"event_name":"Shining Light","floor":2,"gold_loss":0,"cards_upgraded":["Dark Shackles","Thunderclap"]},{"damage_healed":0,"gold_gain":0,"player_choice":"Take Wound","damage_taken":0,"relics_obtained":["Golden Idol"],"max_hp_gain":0,"max_hp_loss":0,"event_name":"Golden Idol","floor":3,"gold_loss":0,"cards_obtained":["Injury"]},{"cards_removed":["Shame"],"damage_healed":0,"gold_gain":0,"player_choice":"Purged","damage_taken":0,"max_hp_gain":0,"max_hp_loss":0,"event_name":"Purifier","floor":5,"gold_loss":0},{"damage_healed":0,"gold_gain":0,"player_choice":"Fought Mushrooms","damage_taken":0,"max_hp_gain":0,"max_hp_loss":0,"event_name":"Mushrooms","floor":12,"gold_loss":0},{"cards_removed":["Injury"],"damage_healed":0,"gold_gain":0,"player_choice":"Removed Curses","damage_taken":0,"max_hp_gain":0,"max_hp_loss":0,"event_name":"Fountain of Cleansing","floor":14,"gold_loss":0},{"damage_healed":0,"gold_gain":0,"player_choice":"Became a vampire","damage_taken":0,"max_hp_gain":0,"max_hp_loss":24,"event_name":"Vampires","floor":24,"gold_loss":0,"cards_obtained":["Bite","Bite","Bite","Bite","Bite"]},{"damage_healed":0,"gold_gain":0,"player_choice":"Obtained Book","damage_taken":16,"max_hp_gain":0,"max_hp_loss":0,"event_name":"Cursed Tome","floor":25,"gold_loss":0},{"damage_healed":0,"gold_gain":0,"player_choice":"Fight","damage_taken":0,"max_hp_gain":0,"max_hp_loss":0,"event_name":"Mysterious Sphere","floor":36,"gold_loss":0},{"cards_removed":["Decay"],"damage_healed":0,"gold_gain":0,"player_choice":"Purged","damage_taken":0,"max_hp_gain":0,"max_hp_loss":0,"event_name":"Purifier","floor":37,"gold_loss":0},{"cards_removed":["Body Slam"],"damage_healed":0,"gold_gain":0,"player_choice":"Removed Attack","damage_taken":0,"max_hp_gain":0,"max_hp_loss":0,"event_name":"Falling","floor":46,"gold_loss":0}],"is_beta":false,"boss_relics":[{"not_picked":["Lizard Tail","Philosopher\u0027s Stone"],"picked":"Cursed Key"},{"not_picked":["Astrolabe","Tiny House"],"picked":"Fusion Hammer"}],"items_purged_floors":[19,29,47,53],"is_endless":false,"potions_floor_spawned":[1,12,13,18,21,23,39,40,44,45,48],"killed_by":"The Heart","ascension_level":7}