{"path_per_floor":["M","$","M","M","M","R","M","E","T","R","M","?","E","?","R"],"character_chosen":"THE_SILENT","items_purchased":[],"gold_per_floor":[116,116,126,145,160,160,177,212,212,212,222,222,253,428,428],"floor_reached":16,"campfire_rested":1,"playtime":924,"current_hp_per_floor":[69,69,68,66,64,64,62,48,48,69,67,67,54,54,54],"items_purged":[],"gold":428,"score":134,"play_id":"be9ba3fc-4115-4648-a4eb-59e647534699","local_time":"20180320214748","is_prod":false,"is_daily":false,"is_ascension_mode":true,"campfire_upgraded":2,"timestamp":1521607668,"path_taken":["M","?","M","?","M","R","M","E","T","R","M","?","E","?","R","BOSS"],"build_version":"2018-03-15v3","purchased_purges":0,"victory":false,"master_deck":["Defend_G","Defend_G","Defend_G","Defend_G","Defend_G","Strike_G","Strike_G","Strike_G","Strike_G","Strike_G","Survivor","Neutralize","Flying Knee","Footwork+1","Quick Slash","Backflip","Dagger Throw","Quick Slash","Tactician+1","Dash","Doubt"],"max_hp_per_floor":[70,70,70,70,70,70,70,70,70,70,70,70,70,70,70],"relics":["Ring of the Snake","Happy Flower","Frozen Eye","Calipers","Smiling Mask"],"card_choices":[{"not_picked":["Dagger Throw","Cloak And Dagger"],"picked":"Flying Knee"},{"not_picked":["Predator","Escape Plan"],"picked":"Footwork"},{"not_picked":["Eviscerate","Dodge and Roll"],"picked":"Quick Slash"},{"not_picked":["PiercingWail","Cloak And Dagger"],"picked":"Backflip"},{"not_picked":["Underhanded Strike","Masterful Stab"],"picked":"Dagger Throw"},{"not_picked":["Caltrops","Masterful Stab"],"picked":"Quick Slash"},{"not_picked":["Expertise","Choke"],"picked":"Tactician"},{"not_picked":["Slice","Sucker Punch"],"picked":"Dash"}],"player_experience":187989,"potions_floor_usage":[8,16,16,16],"damage_taken":[{"damage":1,"enemies":"Cultist","floor":1,"turns":5},{"damage":1,"enemies":"Jaw Worm","floor":3,"turns":3},{"damage":2,"enemies":"Small Slimes","floor":4,"turns":4},{"damage":2,"enemies":"2 Fungi Beasts","floor":5,"turns":4},{"damage":2,"enemies":"Blue Slaver","floor":7,"turns":3},{"damage":14,"enemies":"Lagavulin","floor":8,"turns":9},{"damage":2,"enemies":"Exordium Wildlife","floor":11,"turns":3},{"damage":13,"enemies":"3 Sentries","floor":13,"turns":8},{"damage":54,"enemies":"Hexaghost","floor":16,"turns":14}],"event_choices":[{"event_name":"The Lab","player_choice":"Got Potions","floor":12,"damage_taken":0},{"event_name":"Liars Game","player_choice":"agreed","floor":14,"damage_taken":0}],"boss_relics":[],"potions_floor_spawned":[3,7,8],"seed_played":"8231274953476191596","killed_by":"Hexaghost","ascension_level":4,"is_trial":false}