{"gold_per_floor":[113,61,137,63,163,163,188,198,198,232,243,243,273,15,15,113,113,132,152,167,4,4,4,39,57,137,137,167,186,47,81,81,185,235,253,269,288,304,56,86,86,121,148,158,190,202,248,275,287,299,311,323,43,76,76],"floor_reached":55,"playtime":11715,"items_purged":["Strike_B","Strike_B"],"score":1275,"play_id":"0d9a53d4-157d-4d0a-8435-f8f8335a0aea","local_time":"20181228190729","is_ascension_mode":true,"campfire_choices":[{"data":"Doom and Gloom","floor":6,"key":"SMITH"},{"floor":12,"key":"REST"},{"floor":15,"key":"REST"},{"data":"Tempest","floor":23,"key":"SMITH"},{"data":"Panache","floor":27,"key":"SMITH"},{"data":"1","floor":32,"key":"LIFT"},{"data":"2","floor":41,"key":"LIFT"},{"floor":46,"key":"RECALL"},{"floor":49,"key":"REST"},{"data":"3","floor":52,"key":"LIFT"}],"neow_cost":"NONE","seed_source_timestamp":95571491172811,"circlet_count":0,"master_deck":["Strike_B","Defend_B","Defend_B","Defend_B","Defend_B","Zap","Dualcast","Skim","Streamline","Doom and Gloom+1","Steam","Conserve Battery","Conserve Battery","Tempest+1","Streamline","Panache+1","BootSequence","Reboot","Steam","Compile Driver","Doom and Gloom+1","Tempest","Conserve Battery","Double Energy","Chaos+1","Redo","Swift Strike","Beam Cell+1","Conserve Battery+1","Turbo+1","Redo+1","Reboot+1","Chaos+1","Multi-Cast+1","Redo+1","White Noise+1","Steam Power+1","Redo+1","Beam Cell+1","Reboot+1","Double Energy+1","Capacitor+1","Double Energy+1"],"relics":["Nuclear Battery","Unceasing Top","Meat on the Bone","Bag of Marbles","Orrery","Dodecahedron","Toxic Egg 2","Girya","PreservedInsect","Tiny House","Bottled Tornado","Matryoshka","Prayer Wheel","Happy Flower","Omamori","MawBank","Torii","Strange Spoon","Centennial Puzzle"],"potions_floor_usage":[7,10,13,19,55,55],"damage_taken":[{"damage":0,"enemies":"2 Louse","floor":1,"turns":3},{"damage":20,"enemies":"3 Sentries","floor":7,"turns":6},{"damage":1,"enemies":"Jaw Worm","floor":8,"turns":3},{"damage":25,"enemies":"Lagavulin","floor":10,"turns":6},{"damage":5,"enemies":"Cultist","floor":11,"turns":4},{"damage":14,"enemies":"Gremlin Nob","floor":13,"turns":3},{"damage":19,"enemies":"The Guardian","floor":16,"turns":8},{"damage":14,"enemies":"Shell Parasite","floor":18,"turns":5},{"damage":4,"enemies":"Spheric Guardian","floor":19,"turns":4},{"damage":1,"enemies":"Snake Plant","floor":20,"turns":2},{"damage":10,"enemies":"Slavers","floor":24,"turns":5},{"damage":0,"enemies":"Cultist and Chosen","floor":25,"turns":3},{"damage":0,"enemies":"Gremlin Leader","floor":28,"turns":4},{"damage":0,"enemies":"3 Cultists","floor":29,"turns":3},{"damage":0,"enemies":"Slavers","floor":31,"turns":2},{"damage":0,"enemies":"Automaton","floor":33,"turns":4},{"damage":0,"enemies":"3 Darklings","floor":35,"turns":1},{"damage":0,"enemies":"Orb Walker","floor":36,"turns":2},{"damage":0,"enemies":"3 Darklings","floor":37,"turns":1},{"damage":0,"enemies":"Spire Growth","floor":38,"turns":2},{"damage":0,"enemies":"Giant Head","floor":40,"turns":4},{"damage":0,"enemies":"Nemesis","floor":42,"turns":1},{"damage":0,"enemies":"Sphere and 2 Shapes","floor":44,"turns":2},{"damage":0,"enemies":"Reptomancer","floor":45,"turns":2},{"damage":3,"enemies":"Nemesis","floor":47,"turns":3},{"damage":0,"enemies":"Transient","floor":48,"turns":5},{"damage":75,"enemies":"Awakened One","floor":50,"turns":8},{"damage":0,"enemies":"Shield and Spear","floor":54,"turns":1},{"damage":124,"enemies":"The Heart","floor":55,"turns":5}],"seed_played":"8322254023736166779","potions_obtained":[{"floor":1,"key":"Swift Potion"},{"floor":8,"key":"SteroidPotion"},{"floor":11,"key":"AttackPotion"},{"floor":18,"key":"AttackPotion"},{"floor":24,"key":"EssenceOfSteel"},{"floor":25,"key":"Weak Potion"},{"floor":33,"key":"Ancient Potion"},{"floor":34,"key":"FairyPotion"},{"floor":36,"key":"Strength Potion"},{"floor":47,"key":"Energy Potion"}],"is_trial":false,"path_per_floor":["M","$","?","$","?","R","E","M","T","E","M","R","E","$","R","B",null,"M","M","M","$","?","R","E","M","T","R","E","M","$","E","R","B",null,"M","M","M","M","$","E","R","E","T","M","E","R","E","M","R","B",null,"R","$","E","B"],"character_chosen":"DEFECT","items_purchased":["Streamline","Doom and Gloom","Panache","BootSequence","Swift Strike","Reboot+1","Bottled Tornado","Strange Spoon"],"campfire_rested":3,"item_purchase_floors":[2,4,14,14,21,30,39,53],"current_hp_per_floor":[75,75,75,75,75,75,55,54,54,29,36,58,44,44,66,47,75,61,57,56,56,56,56,46,46,46,46,46,46,46,46,46,46,80,80,80,80,80,80,80,80,80,80,80,80,80,77,77,80,17,80,80,80,80,0],"gold":76,"neow_bonus":"BOSS_RELIC","is_prod":false,"is_daily":false,"chose_seed":false,"campfire_upgraded":3,"win_rate":0,"timestamp":1546052849,"path_taken":["M","$","?","$","?","R","E","M","T","E","?","R","E","$","R","BOSS","M","M","M","$","?","R","E","M","T","R","E","?","$","E","R","BOSS","M","M","M","M","$","E","R","E","T","M","E","R","E","M","R","BOSS","R","$","E","BOSS"],"build_version":"2018-12-20","purchased_purges":2,"victory":false,"max_hp_per_floor":[75,75,75,75,75,75,75,75,75,75,75,75,75,75,75,75,75,75,75,75,75,75,75,75,75,75,75,75,75,75,75,75,75,80,80,80,80,80,80,80,80,80,80,80,80,80,80,80,80,80,80,80,80,80,80],"card_choices":[{"not_picked":["Steam","Barrage"],"picked":"Skim","floor":1},{"not_picked":["Heatsinks","Stack"],"picked":"Steam","floor":7},{"not_picked":["Static Discharge","Sweeping Beam"],"picked":"Conserve Battery","floor":8},{"not_picked":["Rebound","Hello World"],"picked":"Conserve Battery","floor":10},{"not_picked":["Cold Snap","Stack"],"picked":"Tempest","floor":11},{"not_picked":["Go for the Eyes","Auto Shields"],"picked":"Streamline","floor":13},{"not_picked":["Creative AI","Buffer"],"picked":"Reboot","floor":16},{"not_picked":["Sweeping Beam","Compile Driver"],"picked":"Steam","floor":17},{"not_picked":["Cold Snap","Ball Lightning"],"picked":"Compile Driver","floor":17},{"not_picked":["Rebound","Coolheaded"],"picked":"Doom and Gloom","floor":17},{"not_picked":["Coolheaded","Recycle"],"picked":"Tempest","floor":17},{"not_picked":["Thunder Strike","Compile Driver"],"picked":"Conserve Battery","floor":17},{"not_picked":["FTL+1","Force Field"],"picked":"Double Energy","floor":18},{"not_picked":["Self Repair+1","Scrape"],"picked":"Chaos+1","floor":19},{"not_picked":["Fusion","Aggregate+1"],"picked":"Redo","floor":20},{"not_picked":["Blizzard+1","Loop"],"picked":"Beam Cell+1","floor":24},{"not_picked":["Stack","Leap"],"picked":"Conserve Battery+1","floor":25},{"not_picked":["Streamline","Barrage+1"],"picked":"Turbo+1","floor":28},{"not_picked":["Streamline","Gash"],"picked":"Redo+1","floor":29},{"not_picked":["Conserve Battery+1","Force Field+1"],"picked":"Chaos+1","floor":31},{"not_picked":["Thunder Strike","Amplify+1"],"picked":"Multi-Cast+1","floor":33},{"not_picked":["Aggregate+1","Coolheaded+1"],"picked":"Redo+1","floor":34},{"not_picked":["Melter+1","Consume+1"],"picked":"White Noise+1","floor":35},{"not_picked":["Rebound","Leap+1","Doom and Gloom+1"],"picked":"SKIP","floor":36},{"not_picked":["Rip and Tear+1","Heatsinks","Gash+1"],"picked":"SKIP","floor":37},{"not_picked":["Hello World+1","Stack+1","Rebound"],"picked":"SKIP","floor":38},{"not_picked":["Electrodynamics","Self Repair"],"picked":"Steam Power+1","floor":40},{"not_picked":["Rip and Tear","Reinforced Body+1"],"picked":"Redo+1","floor":42},{"not_picked":["Go for the Eyes","Force Field+1"],"picked":"Beam Cell+1","floor":44},{"not_picked":["Beam Cell","Go for the Eyes+1","Defragment+1"],"picked":"SKIP","floor":44},{"not_picked":["Steam+1","Coolheaded+1"],"picked":"Reboot+1","floor":45},{"not_picked":["Leap+1","Aggregate+1"],"picked":"Double Energy+1","floor":47},{"not_picked":["Sweeping Beam+1","Storm+1"],"picked":"Capacitor+1","floor":48},{"not_picked":["Stack+1","Streamline+1","Doom and Gloom"],"picked":"SKIP","floor":48},{"not_picked":["Chaos+1","Rebound"],"picked":"Double Energy+1","floor":54}],"player_experience":169118,"relics_obtained":[{"floor":7,"key":"Unceasing Top"},{"floor":10,"key":"Meat on the Bone"},{"floor":13,"key":"Bag of Marbles"},{"floor":24,"key":"Dodecahedron"},{"floor":26,"key":"Toxic Egg 2"},{"floor":28,"key":"Girya"},{"floor":31,"key":"PreservedInsect"},{"floor":40,"key":"Matryoshka"},{"floor":42,"key":"Prayer Wheel"},{"floor":43,"key":"Happy Flower"},{"floor":43,"key":"Omamori"},{"floor":45,"key":"MawBank"},{"floor":47,"key":"Torii"},{"floor":54,"key":"Centennial Puzzle"}],"event_choices":[{"damage_healed":0,"gold_gain":76,"player_choice":"Gained Gold","damage_taken":0,"max_hp_gain":0,"max_hp_loss":0,"event_name":"Golden Wing","floor":3,"gold_loss":0},{"damage_healed":0,"gold_gain":100,"player_choice":"Gold","damage_taken":0,"max_hp_gain":0,"max_hp_loss":0,"event_name":"Wheel of Change","floor":5,"gold_loss":0},{"cards_removed":["Strike_B"],"damage_healed":0,"gold_gain":0,"player_choice":"Offered Basic","damage_taken":0,"max_hp_gain":0,"max_hp_loss":0,"event_name":"Bonfire Elementals","floor":22,"gold_loss":0}],"is_beta":false,"boss_relics":[{"not_picked":["Philosopher\u0027s Stone","White Beast Statue"],"picked":"Orrery"},{"not_picked":["Velvet Choker","Lizard Tail"],"picked":"Tiny House"}],"items_purged_floors":[21,53],"is_endless":false,"potions_floor_spawned":[1,8,11,18,24,25,33,36,38,47,48],"killed_by":"The Heart","ascension_level":2}