{"gold_per_floor":[112,132,132,201,251,251,286,286,286,355,380,395,395,409,409,510,560,575,594,315,326,376,408,9,42,66,66,116,116,135,152,152,256,256,267,317,467,517,567,567,594,604,659,659,709,38,106,136,136,136],"floor_reached":51,"playtime":5185,"items_purged":["Strike_B","Decay"],"score":1142,"play_id":"ac442f46-0400-4ffb-8934-68b472b92395","local_time":"20190308183246","is_ascension_mode":true,"campfire_choices":[{"data":"Zap","floor":6,"key":"SMITH"},{"floor":8,"key":"REST"},{"floor":13,"key":"REST"},{"floor":15,"key":"REST"},{"floor":27,"key":"REST"},{"floor":29,"key":"REST"},{"data":"Redo","floor":32,"key":"SMITH"},{"floor":40,"key":"REST"},{"floor":44,"key":"REST"},{"data":"Echo Form","floor":49,"key":"SMITH"}],"neow_cost":"TEN_PERCENT_HP_LOSS","seed_source_timestamp":67846613523099,"circlet_count":0,"master_deck":["Strike_B+1","Strike_B","Defend_B","Defend_B","Defend_B","Defend_B","Zap+1","Dualcast","White Noise","Ball Lightning+1","Reprogram+1","Hologram","Darkness","Hologram","Steam","Biased Cognition","Redo","Hologram","Tempest","Mayhem","Redo+1","Chill","Chaos+1","Multi-Cast+1","Discovery+1","Redo+1","Leap+1","Undo+1","Echo Form+1","Heatsinks+1","Madness+1","Madness+1","Apotheosis+1","Turbo+1","Loop","Panacea+1","Transmutation+1"],"relics":["Cracked Core","Incense Burner","SsserpentHead","Gremlin Horn","Pantograph","Cables","Tiny House","Toxic Egg 2","Sundial","Boot","Shuriken","Busted Crown","Bird Faced Urn","Whetstone","Vajra","Chemical X","Happy Flower","Ginger"],"potions_floor_usage":[11,18,18,18,19,23,23,23,25,35,37,47,48],"damage_taken":[{"damage":0,"enemies":"Jaw Worm","floor":1,"turns":3},{"damage":0,"enemies":"Cultist","floor":2,"turns":5},{"damage":2,"enemies":"2 Louse","floor":4,"turns":2},{"damage":36,"enemies":"3 Sentries","floor":7,"turns":11},{"damage":16,"enemies":"Lots of Slimes","floor":10,"turns":2},{"damage":23,"enemies":"Gremlin Nob","floor":11,"turns":4},{"damage":4,"enemies":"3 Louse","floor":12,"turns":3},{"damage":3,"enemies":"Large Slime","floor":14,"turns":5},{"damage":39,"enemies":"The Guardian","floor":16,"turns":10},{"damage":0,"enemies":"Chosen","floor":18,"turns":3},{"damage":1,"enemies":"Spheric Guardian","floor":19,"turns":4},{"damage":2,"enemies":"Centurion and Healer","floor":21,"turns":4},{"damage":69,"enemies":"Slavers","floor":23,"turns":5},{"damage":20,"enemies":"Book of Stabbing","floor":25,"turns":5},{"damage":3,"enemies":"Cultist and Chosen","floor":30,"turns":3},{"damage":0,"enemies":"Snake Plant","floor":31,"turns":4},{"damage":33,"enemies":"Champ","floor":33,"turns":12},{"damage":26,"enemies":"3 Shapes","floor":35,"turns":4},{"damage":10,"enemies":"Mind Bloom Boss Battle","floor":37,"turns":4},{"damage":38,"enemies":"Nemesis","floor":41,"turns":5},{"damage":34,"enemies":"3 Darklings","floor":42,"turns":5},{"damage":6,"enemies":"4 Shapes","floor":47,"turns":3},{"damage":0,"enemies":"Reptomancer","floor":48,"turns":4},{"damage":70,"enemies":"Awakened One","floor":50,"turns":12}],"seed_played":"-7540734525115817748","potions_obtained":[{"floor":10,"key":"FocusPotion"},{"floor":16,"key":"Swift Potion"},{"floor":17,"key":"EntropicBrew"},{"floor":18,"key":"Weak Potion"},{"floor":19,"key":"Weak Potion"},{"floor":21,"key":"Regen Potion"},{"floor":33,"key":"Block Potion"},{"floor":35,"key":"SkillPotion"},{"floor":41,"key":"Energy Potion"},{"floor":47,"key":"SkillPotion"}],"is_trial":false,"path_per_floor":["M","M","?","M","?","R","E","R","T","M","E","M","R","M","R","B",null,"M","M","$","M","?","E","$","E","T","R","?","R","M","M","R","B",null,"M","?","?","?","?","R","E","M","T","R","?","$","M","E","R","B",null],"character_chosen":"DEFECT","items_purchased":["Mayhem","Redo","Multi-Cast+1","Discovery+1","Redo+1","PowerPotion","Chemical X","Happy Flower","Loop","Panacea+1","Transmutation+1"],"campfire_rested":7,"item_purchase_floors":[20,20,24,24,24,24,46,46,46,46,46],"current_hp_per_floor":[68,68,68,66,66,66,30,50,50,34,11,7,27,24,44,29,63,63,62,62,60,60,25,25,5,5,26,26,47,44,44,44,36,64,38,38,53,44,44,65,41,19,19,40,40,40,38,60,60,17],"gold":136,"neow_bonus":"ONE_RARE_RELIC","is_prod":false,"is_daily":false,"chose_seed":false,"campfire_upgraded":3,"win_rate":0,"timestamp":1552066366,"path_taken":["M","M","?","?","?","R","E","R","T","?","E","M","R","M","R","BOSS","M","M","$","M","?","E","$","E","T","R","?","R","M","M","R","BOSS","M","?","?","?","?","R","E","M","T","R","?","$","?","E","R","BOSS"],"build_version":"2019-01-23","purchased_purges":2,"victory":true,"max_hp_per_floor":[68,68,68,68,68,68,68,68,68,68,68,68,68,68,68,68,73,73,73,73,73,73,73,73,73,73,73,73,73,73,73,73,73,73,73,73,73,73,73,73,73,73,73,73,73,73,73,73,73,73],"card_choices":[{"not_picked":["Leap","Rebound"],"picked":"White Noise","floor":1},{"not_picked":["Steam","Compile Driver"],"picked":"Ball Lightning","floor":2},{"not_picked":["Hologram","Lockon"],"picked":"Reprogram","floor":4},{"not_picked":["Beam Cell","Heatsinks"],"picked":"Hologram","floor":7},{"not_picked":["Genetic Algorithm","Cold Snap","Go for the Eyes"],"picked":"SKIP","floor":10},{"not_picked":["Fusion","Recycle"],"picked":"Darkness","floor":11},{"not_picked":["Fusion","Reprogram"],"picked":"Hologram","floor":12},{"not_picked":["Blizzard","Reboot"],"picked":"Steam","floor":14},{"not_picked":["Buffer","Core Surge"],"picked":"Biased Cognition","floor":16},{"not_picked":["Streamline","Force Field"],"picked":"Redo","floor":17},{"not_picked":["Steam","Reprogram+1"],"picked":"Hologram","floor":18},{"not_picked":["Meteor Strike","Stack"],"picked":"Tempest","floor":19},{"not_picked":["Gash+1","Ball Lightning"],"picked":"Chill","floor":21},{"not_picked":["Leap","Compile Driver"],"picked":"Chaos","floor":23},{"not_picked":["Recycle+1","Stack+1"],"picked":"Leap+1","floor":25},{"not_picked":["Cold Snap+1","Reprogram+1"],"picked":"Undo+1","floor":30},{"not_picked":["Heatsinks","Auto Shields+1","Hyperbeam"],"picked":"SKIP","floor":31},{"not_picked":["Machine Learning","All For One"],"picked":"Echo Form","floor":33},{"not_picked":["Stack+1"],"picked":"SKIP","floor":35},{"not_picked":[],"picked":"Heatsinks+1","floor":37},{"not_picked":[],"picked":"Apotheosis+1","floor":39},{"not_picked":["Ball Lightning+1"],"picked":"SKIP","floor":41},{"not_picked":[],"picked":"Turbo+1","floor":42},{"not_picked":["Conserve Battery+1"],"picked":"SKIP","floor":47},{"not_picked":["Lockon+1"],"picked":"SKIP","floor":48}],"player_experience":1458647,"relics_obtained":[{"floor":7,"key":"Gremlin Horn"},{"floor":9,"key":"Pantograph"},{"floor":11,"key":"Cables"},{"floor":23,"key":"Toxic Egg 2"},{"floor":25,"key":"Sundial"},{"floor":26,"key":"Boot"},{"floor":37,"key":"Bird Faced Urn"},{"floor":41,"key":"Whetstone"},{"floor":43,"key":"Vajra"},{"floor":48,"key":"Ginger"}],"event_choices":[{"damage_healed":0,"gold_gain":0,"player_choice":"Trade","damage_taken":0,"relics_obtained":["SsserpentHead"],"max_hp_gain":0,"max_hp_loss":0,"event_name":"FaceTrader","floor":3,"gold_loss":0},{"damage_healed":0,"gold_gain":0,"player_choice":"Upgraded","damage_taken":0,"max_hp_gain":0,"max_hp_loss":0,"event_name":"Upgrade Shrine","floor":5,"gold_loss":0,"cards_upgraded":["Reprogram"]},{"damage_healed":0,"gold_gain":0,"player_choice":"Smashed Altar","damage_taken":0,"max_hp_gain":0,"max_hp_loss":0,"event_name":"Forgotten Altar","floor":22,"gold_loss":0,"cards_obtained":["Decay"]},{"damage_healed":0,"gold_gain":0,"player_choice":"Opened","damage_taken":0,"relics_obtained":["Shuriken"],"max_hp_gain":0,"max_hp_loss":0,"event_name":"The Mausoleum","floor":28,"gold_loss":0},{"cards_removed":["Strike_B"],"damage_healed":0,"gold_gain":0,"player_choice":"Removed Attack","damage_taken":0,"max_hp_gain":0,"max_hp_loss":0,"event_name":"Falling","floor":36,"gold_loss":0},{"damage_healed":0,"gold_gain":0,"player_choice":"Fight","damage_taken":0,"max_hp_gain":0,"max_hp_loss":0,"event_name":"MindBloom","floor":37,"gold_loss":0},{"damage_healed":0,"gold_gain":0,"player_choice":"Embrace Madness","damage_taken":9,"max_hp_gain":0,"max_hp_loss":0,"event_name":"Winding Halls","floor":38,"gold_loss":0,"cards_obtained":["Madness","Madness"]},{"damage_healed":0,"gold_gain":0,"player_choice":"Memory 1","damage_taken":0,"max_hp_gain":0,"max_hp_loss":0,"event_name":"SensoryStone","floor":39,"gold_loss":0},{"damage_healed":0,"gold_gain":0,"player_choice":"Ignored","damage_taken":0,"max_hp_gain":0,"max_hp_loss":0,"event_name":"Mysterious Sphere","floor":45,"gold_loss":0}],"is_beta":false,"boss_relics":[{"not_picked":["Snecko Eye","Velvet Choker"],"picked":"Tiny House"},{"not_picked":["Philosopher\u0027s Stone","Black Star"],"picked":"Busted Crown"}],"items_purged_floors":[20,24],"is_endless":false,"potions_floor_spawned":[10,16,18,19,21,33,35,41,47],"ascension_level":9}