{"gold_per_floor":[184,269,334,334,3,3,68,163,163,233,183,13,13,103,103,443,443,488,533,116,161,41,41,111,221,221,146,191,16,16,41,41,361,361,406,470,555,205,290,290,335,179,179,249,314,245,245,2,2,22],"floor_reached":51,"playtime":4471,"items_purged":[],"score":884,"play_id":"f1cb3cfa-e2f9-4278-a1e2-e2b768d962e0","local_time":"20181231200111","daily_mods":["Allstar","Hoarder","Midas"],"is_ascension_mode":false,"campfire_choices":[{"floor":6,"key":"REST"},{"floor":13,"key":"REST"},{"floor":15,"key":"REST"},{"floor":23,"key":"REST"},{"floor":32,"key":"REST"}],"neow_cost":"","seed_source_timestamp":357929320663169,"circlet_count":0,"master_deck":["Strike_R","Strike_R","Strike_R","Strike_R","Strike_R","Defend_R","Defend_R","Bandage Up","Bandage Up","Bandage Up","Jack Of All Trades","Jack Of All Trades","Jack Of All Trades","HandOfGreed","HandOfGreed","HandOfGreed","Chrysalis","Chrysalis","Chrysalis","Finesse","Finesse","Finesse","Armaments","Armaments","Armaments","Panache","Panache","Panache","Double Tap","Double Tap","Double Tap","HandOfGreed","HandOfGreed","HandOfGreed","Double Tap","Double Tap","Double Tap","Seeing Red","Seeing Red","Seeing Red","Finesse","Finesse","Finesse","Armaments+1","Armaments+1","Armaments+1","Secret Technique+1","Secret Technique+1","Secret Technique+1","Sentinel+1","Sentinel+1","Sentinel+1","Swift Strike+1","Swift Strike+1","Swift Strike+1","Finesse+1","Finesse+1","Finesse+1","Secret Weapon+1","Secret Weapon+1","Secret Weapon+1"],"special_seed":17897,"relics":["Burning Blood","Happy Flower","Membership Card","Bottled Tornado","Blood Vial","Sozu","Strange Spoon","Blue Candle","Torii","Tiny Chest","Lantern","Dodecahedron","Juzu Bracelet","ClockworkSouvenir","Bag of Marbles","Nilry\u0027s Codex","Red Skull","Coffee Dripper","Unceasing Top","Molten Egg 2","Toxic Egg 2","MealTicket","Centennial Puzzle","Paper Frog","The Courier","Sundial"],"potions_floor_usage":[10,21,50],"damage_taken":[{"damage":8,"enemies":"Small Slimes","floor":1,"turns":5},{"damage":3,"enemies":"2 Louse","floor":2,"turns":3},{"damage":4,"enemies":"Jaw Worm","floor":3,"turns":3},{"damage":0,"enemies":"Blue Slaver","floor":7,"turns":2},{"damage":12,"enemies":"Exordium Wildlife","floor":8,"turns":4},{"damage":28,"enemies":"Large Slime","floor":10,"turns":6},{"damage":0,"enemies":"2 Fungi Beasts","floor":14,"turns":3},{"damage":10,"enemies":"Slime Boss","floor":16,"turns":8},{"damage":21,"enemies":"2 Thieves","floor":18,"turns":3},{"damage":0,"enemies":"3 Byrds","floor":19,"turns":2},{"damage":13,"enemies":"Snecko","floor":21,"turns":3},{"damage":30,"enemies":"Snake Plant","floor":24,"turns":3},{"damage":0,"enemies":"Gremlin Leader","floor":25,"turns":5},{"damage":13,"enemies":"Colosseum Slavers","floor":28,"turns":3},{"damage":57,"enemies":"Collector","floor":33,"turns":9},{"damage":10,"enemies":"3 Darklings","floor":35,"turns":4},{"damage":21,"enemies":"2 Orb Walkers","floor":36,"turns":3},{"damage":24,"enemies":"3 Shapes","floor":37,"turns":4},{"damage":31,"enemies":"Jaw Worm Horde","floor":39,"turns":5},{"damage":0,"enemies":"Transient","floor":41,"turns":5},{"damage":1,"enemies":"3 Darklings","floor":44,"turns":2},{"damage":0,"enemies":"Jaw Worm Horde","floor":45,"turns":1},{"damage":1,"enemies":"Donu and Deca","floor":50,"turns":4}],"seed_played":"2052676809091822558","potions_obtained":[{"floor":2,"key":"SpeedPotion"},{"floor":14,"key":"Ancient Potion"},{"floor":16,"key":"GamblersBrew"}],"is_trial":false,"path_per_floor":["M","M","M","?","$","R","M","M","T","M","?","$","R","M","R","B",null,"M","M","$","M","$","R","M","E","T","?","?","$","?","T","R","B",null,"M","?","M","$","M","R","M","$","T","M","M","?","?","$","R","B",null],"character_chosen":"IRONCLAD","items_purchased":["Membership Card","Armaments","Panache","AttackPotion","HandOfGreed","Blood Vial","Strange Spoon","Finesse","Blue Candle","Torii","Tiny Chest","Lantern","ClockworkSouvenir","Bag of Marbles","Molten Egg 2","Toxic Egg 2","MealTicket","Centennial Puzzle","Secret Technique+1","Sundial","Swift Strike+1","Finesse+1","Secret Weapon+1"],"campfire_rested":5,"item_purchase_floors":[5,5,5,5,12,12,20,20,20,20,22,22,29,29,38,38,38,42,42,48,48,48,48],"current_hp_per_floor":[80,80,80,73,73,80,80,80,80,71,71,71,80,80,80,79,80,69,80,80,73,73,80,60,72,72,72,71,71,55,55,79,37,80,80,65,59,59,46,46,80,80,80,80,80,80,80,80,80,80],"gold":22,"neow_bonus":"","is_prod":false,"is_daily":true,"chose_seed":false,"campfire_upgraded":0,"win_rate":0,"timestamp":1546315271,"path_taken":["M","M","M","?","$","R","M","M","T","M","?","$","R","M","R","BOSS","M","M","$","M","$","R","M","E","T","?","?","?","?","?","R","BOSS","M","?","M","$","M","R","M","$","T","M","M","?","?","?","R","BOSS"],"build_version":"2018-12-20","purchased_purges":0,"victory":true,"max_hp_per_floor":[80,80,80,80,80,80,80,80,80,80,80,80,80,80,80,80,80,80,80,80,80,80,80,80,80,80,80,80,80,80,80,80,80,80,80,80,80,80,80,80,80,80,80,80,80,80,80,80,80,80],"card_choices":[{"not_picked":["Battle Trance","Cleave","Warcry"],"picked":"SKIP","floor":1},{"not_picked":["Havoc","Bloodletting","Warcry"],"picked":"SKIP","floor":2},{"not_picked":["Sword Boomerang","Anger","Pommel Strike"],"picked":"SKIP","floor":3},{"not_picked":["Pummel","Havoc","Twin Strike"],"picked":"SKIP","floor":7},{"not_picked":["Pommel Strike","Fire Breathing"],"picked":"Double Tap","floor":8},{"not_picked":["Clothesline","Metallicize","Anger"],"picked":"SKIP","floor":10},{"not_picked":["Fire Breathing","Sword Boomerang","Anger"],"picked":"SKIP","floor":14},{"not_picked":["Fiend Fire","Exhume"],"picked":"Double Tap","floor":16},{"not_picked":["Shrug It Off+1","Sever Soul","Clash+1"],"picked":"SKIP","floor":18},{"not_picked":["Combust+1","Feel No Pain"],"picked":"Seeing Red","floor":19},{"not_picked":["Searing Blow+1","Headbutt+1","Feel No Pain"],"picked":"SKIP","floor":21},{"not_picked":["Pommel Strike","Cleave","True Grit"],"picked":"SKIP","floor":24},{"not_picked":["Burning Pact","Blood for Blood+1","Bludgeon"],"picked":"SKIP","floor":25},{"not_picked":["Shrug It Off","Clothesline","Searing Blow+1"],"picked":"SKIP","floor":35},{"not_picked":["Wild Strike","Fire Breathing+1"],"picked":"Armaments+1","floor":36},{"not_picked":["True Grit+1","Searing Blow+1","Warcry"],"picked":"SKIP","floor":37},{"not_picked":["Twin Strike+1","Perfected Strike+1","Anger+1"],"picked":"SKIP","floor":39},{"not_picked":["Twin Strike+1","Rampage+1","Headbutt+1"],"picked":"SKIP","floor":41},{"not_picked":["Havoc+1","Heavy Blade+1","Armaments+1"],"picked":"SKIP","floor":44},{"not_picked":["Searing Blow+1","Perfected Strike+1","Disarm+1"],"picked":"SKIP","floor":45}],"player_experience":309583,"relics_obtained":[{"floor":9,"key":"Bottled Tornado"},{"floor":25,"key":"Dodecahedron"},{"floor":26,"key":"Juzu Bracelet"},{"floor":30,"key":"Nilry\u0027s Codex"},{"floor":31,"key":"Red Skull"},{"floor":36,"key":"Unceasing Top"},{"floor":43,"key":"Paper Frog"}],"event_choices":[{"damage_healed":0,"gold_gain":0,"player_choice":"Success","damage_taken":7,"relics_obtained":["Happy Flower"],"max_hp_gain":0,"max_hp_loss":0,"event_name":"Scrap Ooze","floor":4,"gold_loss":0},{"cards_removed":["Bash"],"damage_healed":0,"gold_gain":0,"player_choice":"Card Removal","damage_taken":0,"max_hp_gain":0,"max_hp_loss":0,"event_name":"The Cleric","floor":11,"gold_loss":50},{"cards_removed":["Defend_R"],"damage_healed":0,"gold_gain":0,"player_choice":"Gave Gold","damage_taken":0,"max_hp_gain":0,"max_hp_loss":0,"event_name":"Beggar","floor":27,"gold_loss":75},{"damage_healed":0,"gold_gain":0,"player_choice":"Fight","damage_taken":0,"max_hp_gain":0,"max_hp_loss":0,"event_name":"Colosseum","floor":28,"gold_loss":0},{"damage_healed":0,"gold_gain":0,"player_choice":"Fled From Nobs","damage_taken":0,"max_hp_gain":0,"max_hp_loss":0,"event_name":"Colosseum","floor":28,"gold_loss":0},{"damage_healed":0,"gold_gain":0,"player_choice":"Obtained Book","damage_taken":16,"max_hp_gain":0,"max_hp_loss":0,"event_name":"Cursed Tome","floor":30,"gold_loss":0},{"damage_healed":0,"gold_gain":0,"player_choice":"Fight","damage_taken":0,"max_hp_gain":0,"max_hp_loss":0,"event_name":"Mysterious Sphere","floor":36,"gold_loss":0},{"damage_healed":0,"gold_gain":0,"player_choice":"Paid Gold","damage_taken":0,"relics_obtained":["The Courier"],"max_hp_gain":0,"max_hp_loss":0,"event_name":"WeMeetAgain","floor":46,"gold_loss":69},{"damage_healed":0,"gold_gain":0,"cards_transformed":["Defend_R"],"player_choice":"Transformed","damage_taken":0,"max_hp_gain":0,"max_hp_loss":0,"event_name":"Transmorgrifier","floor":47,"gold_loss":0,"cards_obtained":["Sentinel"]}],"is_beta":false,"boss_relics":[{"not_picked":["Astrolabe","Tiny House"],"picked":"Sozu"},{"not_picked":["Runic Pyramid","Empty Cage"],"picked":"Coffee Dripper"}],"items_purged_floors":[],"is_endless":false,"potions_floor_spawned":[2,14,16,18,24,25,36,39,44],"ascension_level":0}