{"gold_per_floor":[218,143,161,174,193,222,222,222,222,235,235,235],"floor_reached":12,"playtime":585,"items_purged":["Strike_R"],"score":84,"play_id":"116c2335-c090-44ad-89a7-cad456bcbe5c","local_time":"20190504004627","is_ascension_mode":true,"campfire_choices":[{"floor":11,"key":"REST"}],"neow_cost":"NONE","seed_source_timestamp":1317882306141575,"circlet_count":0,"master_deck":["Strike_R","Strike_R","Strike_R","Strike_R","Defend_R","Defend_R","Defend_R","Bash","Flame Barrier","Limit Break"],"relics":["Burning Blood","Strawberry","Golden Idol","Juzu Bracelet"],"potions_floor_usage":[12,12],"damage_taken":[{"damage":2,"enemies":"2 Louse","floor":1,"turns":4},{"damage":1,"enemies":"Jaw Worm","floor":3,"turns":5},{"damage":4,"enemies":"Small Slimes","floor":4,"turns":4},{"damage":10,"enemies":"Looter","floor":5,"turns":4},{"damage":28,"enemies":"Gremlin Nob","floor":6,"turns":5},{"damage":5,"enemies":"3 Louse","floor":10,"turns":5},{"damage":82,"enemies":"Lagavulin Event","floor":12,"turns":9}],"seed_played":"-8191762476372603110","potions_obtained":[{"floor":5,"key":"BloodPotion"},{"floor":6,"key":"EntropicBrew"}],"is_trial":false,"path_per_floor":["M","$","M","M","M","E","?","?","T","M","R","?"],"character_chosen":"IRONCLAD","items_purchased":[],"campfire_rested":1,"item_purchase_floors":[],"current_hp_per_floor":[80,80,80,80,76,61,40,33,33,34,60,0],"gold":235,"neow_bonus":"HUNDRED_GOLD","is_prod":false,"is_daily":false,"chose_seed":false,"campfire_upgraded":0,"win_rate":0,"timestamp":1556948787,"path_taken":["M","$","M","M","M","E","?","?","T","M","R","?"],"build_version":"2019-01-23","purchased_purges":1,"victory":false,"max_hp_per_floor":[80,80,80,80,80,87,87,87,87,87,87,87],"card_choices":[{"not_picked":["Iron Wave","Flex","Anger"],"picked":"SKIP","floor":1},{"not_picked":["Clothesline","Havoc"],"picked":"Flame Barrier","floor":3},{"not_picked":["Anger","Sword Boomerang","Clash"],"picked":"SKIP","floor":4},{"not_picked":["Iron Wave","Wild Strike","Cleave"],"picked":"SKIP","floor":5},{"not_picked":["Pommel Strike","Rampage"],"picked":"Limit Break","floor":6},{"not_picked":["Headbutt","Burning Pact","Havoc"],"picked":"SKIP","floor":10}],"player_experience":235101,"relics_obtained":[{"floor":6,"key":"Strawberry"},{"floor":9,"key":"Juzu Bracelet"}],"event_choices":[{"damage_healed":0,"gold_gain":0,"player_choice":"Take Damage","damage_taken":21,"relics_obtained":["Golden Idol"],"max_hp_gain":0,"max_hp_loss":0,"event_name":"Golden Idol","floor":7,"gold_loss":0},{"cards_removed":["Defend_R"],"damage_healed":0,"gold_gain":0,"player_choice":"Card Removal","damage_taken":7,"max_hp_gain":0,"max_hp_loss":0,"event_name":"Golden Wing","floor":8,"gold_loss":0},{"damage_healed":0,"gold_gain":0,"player_choice":"Searched \u00272\u0027 times","damage_taken":0,"max_hp_gain":0,"max_hp_loss":0,"event_name":"Dead Adventurer","floor":12,"gold_loss":0}],"is_beta":false,"boss_relics":[],"items_purged_floors":[2],"is_endless":false,"potions_floor_spawned":[5,6],"killed_by":"Lagavulin Event","ascension_level":1}