{"gold_per_floor":[117,117,130,58,72,72,101,101,101,19,38,57,57,67,67,166,166,178,192,242,292,361,361,371,371,419,419,435,451,462,474,474,573,573,583,365,381,13,63,63,90,140,140,39,99,111,111],"floor_reached":47,"playtime":2992,"items_purged":["Intimidate+1"],"score":620,"play_id":"d8ef492b-a839-4738-b483-78bca23982b1","local_time":"20181103012555","is_ascension_mode":true,"campfire_choices":[{"floor":6,"key":"REST"},{"floor":8,"key":"REST"},{"data":"Demon Form","floor":15,"key":"SMITH"},{"floor":23,"key":"REST"},{"floor":25,"key":"REST"},{"data":"Armaments","floor":27,"key":"SMITH"},{"floor":32,"key":"REST"},{"floor":40,"key":"REST"}],"neow_cost":"NONE","seed_source_timestamp":358344877168000,"circlet_count":0,"master_deck":["Bash","Anger","Corruption","Rage","Feed","Cleave","Metallicize","Demon Form+1","Double Tap","Headbutt","Iron Wave","Anger","Thunderclap","Combust","Armaments+1","Rampage","Infernal Blade","Havoc","Shockwave+1","Heavy Blade","Exhume","Spot Weakness","Flex","Juggernaut","Dual Wield","Mayhem","Madness","Madness","Feel No Pain+1","Doubt","Dual Wield","True Grit"],"relics":["Burning Blood","Dream Catcher","Odd Mushroom","Self Forming Clay","SsserpentHead","Pandora\u0027s Box","Regal Pillow","Fusion Hammer","Lantern","Brimstone","Boot","Bronze Scales"],"potions_floor_usage":[7,12,16,18,28,31,31,33,41],"damage_taken":[{"damage":11,"enemies":"Small Slimes","floor":1,"turns":4},{"damage":3,"enemies":"2 Louse","floor":3,"turns":3},{"damage":10,"enemies":"Cultist","floor":5,"turns":4},{"damage":27,"enemies":"The Mushroom Lair","floor":7,"turns":4},{"damage":10,"enemies":"Blue Slaver","floor":11,"turns":4},{"damage":8,"enemies":"Exordium Wildlife","floor":12,"turns":5},{"damage":5,"enemies":"Large Slime","floor":14,"turns":6},{"damage":45,"enemies":"Hexaghost","floor":16,"turns":9},{"damage":26,"enemies":"3 Byrds","floor":18,"turns":4},{"damage":21,"enemies":"2 Thieves","floor":19,"turns":3},{"damage":17,"enemies":"Centurion and Healer","floor":22,"turns":4},{"damage":42,"enemies":"Cultist and Chosen","floor":24,"turns":7},{"damage":19,"enemies":"Shelled Parasite and Fungi","floor":28,"turns":4},{"damage":35,"enemies":"Snake Plant","floor":29,"turns":5},{"damage":24,"enemies":"Chosen and Byrds","floor":30,"turns":6},{"damage":1,"enemies":"3 Cultists","floor":31,"turns":3},{"damage":48,"enemies":"Champ","floor":33,"turns":8},{"damage":28,"enemies":"3 Shapes","floor":35,"turns":4},{"damage":17,"enemies":"Orb Walker","floor":37,"turns":3},{"damage":67,"enemies":"Nemesis","floor":41,"turns":5},{"damage":33,"enemies":"Jaw Worm Horde","floor":45,"turns":4},{"damage":63,"enemies":"Maw","floor":46,"turns":6},{"damage":58,"enemies":"Giant Head","floor":47,"turns":6}],"seed_played":"1942393070242831262","potions_obtained":[{"floor":1,"key":"LiquidBronze"},{"floor":3,"key":"SkillPotion"},{"floor":7,"key":"Ancient Potion"},{"floor":11,"key":"EssenceOfSteel"},{"floor":14,"key":"Fire Potion"},{"floor":19,"key":"Ancient Potion"},{"floor":24,"key":"SteroidPotion"},{"floor":30,"key":"Dexterity Potion"},{"floor":35,"key":"FairyPotion"},{"floor":37,"key":"Poison Potion"}],"is_trial":false,"path_per_floor":["M","?","M","$","M","R","?","R","T","$","M","M","?","M","R","B",null,"M","M","?","?","M","R","M","R","T","R","M","M","M","M","R","B",null,"M","$","M","$","?","R","E","?","T","$","M","M"],"character_chosen":"IRONCLAD","items_purchased":["Corruption","Metallicize","Lantern","Mayhem","Brimstone","Dual Wield","True Grit"],"campfire_rested":6,"item_purchase_floors":[4,10,36,38,38,44,44],"current_hp_per_floor":[75,59,62,62,58,80,59,80,80,80,76,77,77,78,78,39,72,52,37,64,64,57,83,47,73,73,73,60,31,16,24,66,24,76,57,57,46,46,34,77,20,100,100,100,76,19,0],"gold":111,"neow_bonus":"RANDOM_COMMON_RELIC","is_prod":false,"is_daily":false,"chose_seed":false,"campfire_upgraded":2,"win_rate":0,"timestamp":1541204755,"path_taken":["M","?","M","$","M","R","?","R","T","$","M","M","?","M","R","BOSS","M","M","?","?","?","R","M","R","T","R","M","M","M","M","R","BOSS","M","$","M","$","?","R","E","?","T","$","?","M","E"],"build_version":"2018-10-25v2","purchased_purges":1,"victory":false,"max_hp_per_floor":[80,80,80,80,80,80,80,80,80,80,80,83,83,83,83,83,83,83,83,83,83,87,87,87,87,87,87,87,87,90,93,93,93,93,96,96,96,96,96,96,100,100,100,100,103,103,103],"card_choices":[{"not_picked":["Dropkick","Clash"],"picked":"Rampage","floor":1},{"not_picked":["Perfected Strike","Reckless Charge"],"picked":"Anger","floor":3},{"not_picked":["Fire Breathing","Sever Soul"],"picked":"Rage","floor":5},{"not_picked":["Iron Wave","Thunderclap"],"picked":"Feed","floor":6},{"not_picked":["Metallicize","Bloodletting"],"picked":"Cleave","floor":7},{"not_picked":["Perfected Strike","Power Through","Anger"],"picked":"SKIP","floor":11},{"not_picked":["Whirlwind","Bloodletting","Thunderclap"],"picked":"SKIP","floor":12},{"not_picked":["Shockwave","True Grit"],"picked":"Demon Form","floor":14},{"not_picked":["Juggernaut","Berserk"],"picked":"Double Tap","floor":16},{"not_picked":["Feel No Pain","Twin Strike+1"],"picked":"Shockwave+1","floor":18},{"not_picked":["Twin Strike","Havoc"],"picked":"Heavy Blade","floor":19},{"not_picked":["Shockwave","Armaments","Headbutt"],"picked":"SKIP","floor":22},{"not_picked":["Body Slam","Thunderclap"],"picked":"Exhume","floor":23},{"not_picked":["Carnage","Hemokinesis","Warcry+1"],"picked":"SKIP","floor":24},{"not_picked":["Rampage","Bludgeon"],"picked":"Spot Weakness","floor":28},{"not_picked":["Anger+1","Perfected Strike","Heavy Blade"],"picked":"SKIP","floor":29},{"not_picked":["Entrench","Cleave"],"picked":"Flex","floor":30},{"not_picked":["Clothesline+1","Heavy Blade"],"picked":"Intimidate+1","floor":31},{"not_picked":["Offering","Brutality"],"picked":"Juggernaut","floor":33},{"not_picked":["Headbutt+1","Rage"],"picked":"Dual Wield","floor":35},{"not_picked":["Metallicize","Cleave","Headbutt+1"],"picked":"SKIP","floor":37},{"not_picked":["Twin Strike+1","True Grit"],"picked":"Feel No Pain+1","floor":41},{"not_picked":["Cleave+1","Pommel Strike+1","Warcry+1"],"picked":"SKIP","floor":45},{"not_picked":["Dropkick","Shockwave","Armaments"],"picked":"SKIP","floor":46}],"player_experience":832702,"relics_obtained":[{"floor":7,"key":"Odd Mushroom"},{"floor":9,"key":"Self Forming Clay"},{"floor":26,"key":"Regal Pillow"},{"floor":41,"key":"Boot"},{"floor":43,"key":"Bronze Scales"}],"event_choices":[{"damage_healed":0,"gold_gain":0,"player_choice":"Entered Light","damage_taken":16,"max_hp_gain":0,"max_hp_loss":0,"event_name":"Shining Light","floor":2,"gold_loss":0,"cards_upgraded":["Strike_R","Defend_R"]},{"damage_healed":0,"gold_gain":0,"player_choice":"Fought Mushrooms","damage_taken":0,"max_hp_gain":0,"max_hp_loss":0,"event_name":"Mushrooms","floor":7,"gold_loss":0},{"damage_healed":0,"gold_gain":0,"player_choice":"Trade","damage_taken":0,"relics_obtained":["SsserpentHead"],"max_hp_gain":0,"max_hp_loss":0,"event_name":"FaceTrader","floor":13,"gold_loss":0},{"damage_healed":27,"gold_gain":0,"player_choice":"Heal","damage_taken":0,"max_hp_gain":0,"max_hp_loss":0,"event_name":"The Library","floor":20,"gold_loss":0},{"cards_removed":["Rampage"],"damage_healed":0,"gold_gain":0,"player_choice":"Elegance","damage_taken":0,"max_hp_gain":0,"max_hp_loss":0,"event_name":"Back to Basics","floor":21,"gold_loss":0},{"damage_healed":0,"gold_gain":0,"player_choice":"Embrace Madness","damage_taken":12,"max_hp_gain":0,"max_hp_loss":0,"event_name":"Winding Halls","floor":39,"gold_loss":0,"cards_obtained":["Madness","Madness"]},{"damage_healed":80,"gold_gain":0,"player_choice":"Heal","damage_taken":0,"max_hp_gain":0,"max_hp_loss":0,"event_name":"MindBloom","floor":42,"gold_loss":0,"cards_obtained":["Doubt"]}],"is_beta":false,"boss_relics":[{"not_picked":["Runic Dome","Philosopher\u0027s Stone"],"picked":"Pandora\u0027s Box"},{"not_picked":["Calling Bell","Sozu"],"picked":"Fusion Hammer"}],"items_purged_floors":[36],"is_endless":false,"potions_floor_spawned":[1,3,7,11,14,19,24,30,35,37],"killed_by":"Giant Head","ascension_level":5}