{"gold_per_floor":[117,137,137,137,3,38,57,85,85,113,50,76,88,117,129,215,227,252,364,388,478,505,517,555,567,605,650,462,489,489,499,499,570,570,589,167,179,179,179,179,179,205,205,205,252,252,284,303,303,303,303,303,303,40,65,65],"floor_reached":57,"playtime":3036,"items_purged":["Strike_R","Defend_R","Defend_R","Defend_R"],"score":3018,"play_id":"c6ca45ab-432d-41e2-8694-6a21cfb92097","local_time":"20190513015027","is_ascension_mode":true,"campfire_choices":[{"data":"Armaments","floor":13.0,"key":"SMITH"},{"data":"Body Slam","floor":15.0,"key":"SMITH"},{"data":"Burning Pact","floor":23.0,"key":"SMITH"},{"floor":25.0,"key":"REST"},{"data":"Dual Wield","floor":32.0,"key":"SMITH"},{"data":"Dark Embrace","floor":40,"key":"SMITH"},{"floor":44,"key":"DIG"},{"floor":46,"key":"DIG"},{"floor":49,"key":"RECALL"},{"floor":53,"key":"DIG"}],"neow_cost":"NONE","seed_source_timestamp":208268623015423,"circlet_count":0,"master_deck":["AscendersBane","Defend_R","Bash","Shrug It Off","Burning Pact+1","Bloodletting","Armaments+1","Dropkick","Body Slam+1","Seeing Red","Immolate","Feed","Dual Wield+1","Havoc+1","Evolve","Deep Breath+1","Dark Embrace+1","True Grit+1","Exhume+1","Panacea+1","Madness+1","Madness+1","Doubt"],"special_seed":0,"relics":["Burning Blood","NeowsBlessing","Gambling Chip","Magic Flower","Thread and Needle","Pocketwatch","MawBank","Empty Cage","Du-Vu Doll","Paper Frog","Toxic Egg 2","Singing Bowl","Smiling Mask","Lantern","Mango","Cursed Key","TheAbacus","Shovel","Boot","Nunchaku","Dodecahedron","Frozen Egg 2","Pantograph","Bag of Marbles","Centennial Puzzle"],"potions_floor_usage":[55,56],"damage_taken":[{"damage":0.0,"enemies":"Cultist","floor":1.0,"turns":1.0},{"damage":0.0,"enemies":"Jaw Worm","floor":2.0,"turns":1.0},{"damage":0.0,"enemies":"Gremlin Nob","floor":6.0,"turns":1.0},{"damage":1.0,"enemies":"Small Slimes","floor":7.0,"turns":4.0},{"damage":36.0,"enemies":"Lagavulin","floor":8.0,"turns":6.0},{"damage":35.0,"enemies":"Gremlin Nob","floor":10.0,"turns":4.0},{"damage":0.0,"enemies":"2 Fungi Beasts","floor":12.0,"turns":2.0},{"damage":3.0,"enemies":"Large Slime","floor":14.0,"turns":3.0},{"damage":13.0,"enemies":"Hexaghost","floor":16.0,"turns":7.0},{"damage":3.0,"enemies":"2 Thieves","floor":18.0,"turns":4.0},{"damage":19.0,"enemies":"Colosseum Slavers","floor":19.0,"turns":5.0},{"damage":12.0,"enemies":"Colosseum Nobs","floor":19.0,"turns":6.0},{"damage":17.0,"enemies":"3 Byrds","floor":20.0,"turns":5.0},{"damage":29.0,"enemies":"Shelled Parasite and Fungi","floor":22.0,"turns":6.0},{"damage":49.0,"enemies":"Slavers","floor":24.0,"turns":4.0},{"damage":8.0,"enemies":"Gremlin Leader","floor":27.0,"turns":5.0},{"damage":20.0,"enemies":"Book of Stabbing","floor":29.0,"turns":3.0},{"damage":33.0,"enemies":"Snecko","floor":31.0,"turns":5.0},{"damage":21.0,"enemies":"Champ","floor":33.0,"turns":4.0},{"damage":3.0,"enemies":"3 Darklings","floor":35.0,"turns":4.0},{"damage":3,"enemies":"Orb Walker","floor":37,"turns":4},{"damage":6,"enemies":"Giant Head","floor":42,"turns":3},{"damage":41,"enemies":"2 Orb Walkers","floor":45,"turns":5},{"damage":19,"enemies":"Nemesis","floor":47,"turns":5},{"damage":5,"enemies":"3 Darklings","floor":48,"turns":2},{"damage":28,"enemies":"Time Eater","floor":50,"turns":9},{"damage":30,"enemies":"Awakened One","floor":51,"turns":5},{"damage":95,"enemies":"Shield and Spear","floor":55,"turns":5},{"damage":75,"enemies":"The Heart","floor":56,"turns":6}],"seed_played":"-3824025321936153000","potions_obtained":[{"floor":1.0,"key":"LiquidBronze"},{"floor":7.0,"key":"BloodPotion"},{"floor":10.0,"key":"Energy Potion"},{"floor":16.0,"key":"SkillPotion"},{"floor":22.0,"key":"SteroidPotion"},{"floor":27.0,"key":"SkillPotion"},{"floor":33.0,"key":"Strength Potion"},{"floor":35.0,"key":"Poison Potion"}],"is_trial":false,"path_per_floor":["M","M","?","?","$","E","M","E","T","E","?","M","R","M","R","B",null,"M","?","M","T","M","R","E","R","T","E","$","E","?","M","R","B",null,"M","$","M","?","?","R","?","E","T","R","?","R","E","M","R","B","B",null,"R","$","E","B",null],"character_chosen":"IRONCLAD","items_purchased":["Armaments","Evolve","Deep Breath+1","TheAbacus","True Grit+1","Exhume+1","Block Potion","Bag of Marbles"],"campfire_rested":1,"item_purchase_floors":[5,28,28,36,36,36,54,54],"current_hp_per_floor":[74,75,75,49,49,55,63,47,47,21,21,30,30,36,36,32,64,75,68,65,65,51,51,25,54,54,62,62,73,73,57,57,51,113,127,127,141,141,135,135,108,113,113,113,88,88,85,97,97,84,81,158,158,158,80,52],"gold":65,"neow_bonus":"THREE_ENEMY_KILL","is_prod":false,"is_daily":false,"chose_seed":false,"campfire_upgraded":5,"win_rate":0,"timestamp":1557683427,"path_taken":["M","?","?","?","$","E","M","E","T","E","?","M","R","M","R","BOSS","M","?","M","?","M","R","E","R","T","E","$","E","?","M","R","BOSS","M","$","M","?","?","R","?","E","T","R","?","R","E","M","R","BOSS","BOSS","R","$","E","BOSS"],"build_version":"2019-01-23","purchased_purges":4,"victory":true,"max_hp_per_floor":[75,75,75,75,75,75,75,75,75,75,75,75,75,75,75,75,75,78,82,85,85,89,89,99,99,99,104,104,124,124,130,130,134,134,140,140,146,146,150,150,150,152,152,152,157,157,162,168,168,172,184,184,184,184,190,190],"card_choices":[{"not_picked":["Heavy Blade","Twin Strike"],"picked":"Shrug It Off","floor":1.0},{"not_picked":["Wild Strike","True Grit"],"picked":"Burning Pact","floor":2.0},{"not_picked":["True Grit","Havoc"],"picked":"Dropkick","floor":6.0},{"not_picked":["Carnage","Flex"],"picked":"Body Slam","floor":7.0},{"not_picked":["Pummel","Thunderclap"],"picked":"Seeing Red","floor":8.0},{"not_picked":["Armaments","Warcry"],"picked":"Immolate","floor":10.0},{"not_picked":["Rage","Blood for Blood","Carnage"],"picked":"SKIP","floor":12.0},{"not_picked":["Clothesline","Warcry","Iron Wave"],"picked":"SKIP","floor":14.0},{"not_picked":["Juggernaut","Demon Form"],"picked":"Feed","floor":16.0},{"not_picked":["Clothesline","Fire Breathing","Uppercut"],"picked":"SKIP","floor":18.0},{"not_picked":["Headbutt+1","Inflame"],"picked":"Dual Wield","floor":19.0},{"not_picked":["Metallicize+1","Warcry","Whirlwind+1"],"picked":"SKIP","floor":20.0},{"not_picked":["Rampage","Wild Strike"],"picked":"Havoc+1","floor":22.0},{"not_picked":["Perfected Strike","Headbutt","Flame Barrier+1"],"picked":"Singing Bowl","floor":24.0},{"not_picked":["Cleave","Intimidate+1","Rampage+1"],"picked":"Singing Bowl","floor":27.0},{"not_picked":["Bloodletting+1","Metallicize","Iron Wave"],"picked":"Singing Bowl","floor":29.0},{"not_picked":["Immolate","Spot Weakness+1","Cleave"],"picked":"Singing Bowl","floor":31.0},{"not_picked":["Double Tap+1","Immolate"],"picked":"Dark Embrace","floor":33.0},{"not_picked":["Havoc+1","Flex+1","Warcry+1"],"picked":"Singing Bowl","floor":35.0},{"not_picked":["Uppercut+1","Headbutt","True Grit+1"],"picked":"Singing Bowl","floor":37},{"not_picked":["Discovery+1","Deep Breath+1","Blind+1"],"picked":"Singing Bowl","floor":39},{"not_picked":["Violence+1","Forethought+1","Magnetism"],"picked":"Singing Bowl","floor":39},{"not_picked":["Dramatic Entrance","Discovery+1"],"picked":"Panacea+1","floor":39},{"not_picked":["Clash","Limit Break+1","Headbutt+1"],"picked":"Singing Bowl","floor":42},{"not_picked":["Sword Boomerang","Entrench+1","Warcry+1"],"picked":"Singing Bowl","floor":45},{"not_picked":["Clothesline","True Grit+1","Evolve"],"picked":"Singing Bowl","floor":47},{"not_picked":["Twin Strike","Iron Wave+1","Blood for Blood"],"picked":"Singing Bowl","floor":48},{"not_picked":["Flex+1","True Grit+1","Uppercut"],"picked":"Singing Bowl","floor":55}],"player_experience":1634311,"relics_obtained":[{"floor":6.0,"key":"Magic Flower"},{"floor":8.0,"key":"Thread and Needle"},{"floor":9.0,"key":"Pocketwatch"},{"floor":10.0,"key":"MawBank"},{"floor":19.0,"key":"Du-Vu Doll"},{"floor":19.0,"key":"Paper Frog"},{"floor":21.0,"key":"Toxic Egg 2"},{"floor":24.0,"key":"Singing Bowl"},{"floor":26.0,"key":"Smiling Mask"},{"floor":27.0,"key":"Lantern"},{"floor":29.0,"key":"Mango"},{"floor":42,"key":"Shovel"},{"floor":44,"key":"Boot"},{"floor":45,"key":"Nunchaku"},{"floor":46,"key":"Dodecahedron"},{"floor":47,"key":"Frozen Egg 2"},{"floor":53,"key":"Pantograph"},{"floor":55,"key":"Centennial Puzzle"}],"event_choices":[{"damage_healed":0.0,"max_hp_gain":0.0,"max_hp_loss":0.0,"gold_gain":0.0,"cards_transformed":["Strike_R"],"event_name":"Living Wall","player_choice":"Change","floor":3.0,"gold_loss":0.0,"damage_taken":0.0,"cards_obtained":["Bloodletting"]},{"damage_healed":0.0,"max_hp_gain":0.0,"max_hp_loss":0.0,"gold_gain":0.0,"event_name":"Scrap Ooze","player_choice":"Success","floor":4.0,"gold_loss":0.0,"damage_taken":26.0,"relics_obtained":["Gambling Chip"]},{"cards_removed":["Strike_R"],"damage_healed":0.0,"max_hp_gain":0.0,"max_hp_loss":0.0,"gold_gain":0.0,"event_name":"The Cleric","player_choice":"Card Removal","floor":11.0,"gold_loss":75.0,"damage_taken":0.0},{"damage_healed":0.0,"max_hp_gain":0.0,"max_hp_loss":0.0,"gold_gain":0.0,"event_name":"Colosseum","player_choice":"Fight","floor":19.0,"gold_loss":0.0,"damage_taken":0.0},{"damage_healed":0.0,"max_hp_gain":0.0,"max_hp_loss":0.0,"gold_gain":0.0,"event_name":"Colosseum","player_choice":"Fought Nobs","floor":19.0,"gold_loss":0.0,"damage_taken":0.0},{"damage_healed":0.0,"max_hp_gain":0.0,"max_hp_loss":0.0,"gold_gain":0.0,"event_name":"The Mausoleum","player_choice":"Ignored","floor":30.0,"gold_loss":0.0,"damage_taken":0.0},{"damage_healed":0,"gold_gain":0,"player_choice":"Ignored","damage_taken":0,"max_hp_gain":0,"max_hp_loss":0,"event_name":"Tomb of Lord Red Mask","floor":38,"gold_loss":0},{"damage_healed":0,"gold_gain":0,"player_choice":"Memory 3","damage_taken":10,"max_hp_gain":0,"max_hp_loss":0,"event_name":"SensoryStone","floor":39,"gold_loss":0},{"damage_healed":0,"gold_gain":0,"player_choice":"Embrace Madness","damage_taken":27,"max_hp_gain":0,"max_hp_loss":0,"event_name":"Winding Halls","floor":41,"gold_loss":0,"cards_obtained":["Madness","Madness"]},{"damage_healed":0,"gold_gain":0,"player_choice":"Fight","damage_taken":0,"max_hp_gain":0,"max_hp_loss":0,"event_name":"Mysterious Sphere","floor":45,"gold_loss":0}],"is_beta":false,"boss_relics":[{"not_picked":["Tiny House","Runic Dome"],"picked":"Empty Cage"},{"not_picked":["Lizard Tail","Velvet Choker"],"picked":"Cursed Key"}],"items_purged_floors":[5,28,36,54],"is_endless":false,"potions_floor_spawned":[1,7,10,16,19,22,27,33,35,47],"ascension_level":20}