{"gold_per_floor":[110,126,49,65,82,109,109,128,128,303,334,63,13,47,47,152,152,162,12,12,12,12,12,44,44,44,72,88,101,118,118],"floor_reached":31,"playtime":1639,"items_purged":["Doubt"],"score":440,"play_id":"0d4f29e4-210e-48c3-aff8-3522c582978a","local_time":"20190126203238","is_ascension_mode":true,"campfire_choices":[{"floor":7,"key":"REST"},{"floor":15,"key":"REST"},{"floor":23,"key":"REST"}],"neow_cost":"TEN_PERCENT_HP_LOSS","seed_source_timestamp":268343084376700,"circlet_count":0,"master_deck":["AscendersBane","Strike_R","Strike_R","Strike_R+1","Strike_R","Defend_R","Defend_R","Defend_R","Defend_R","Bash","Dropkick","Clash+1","Immolate","Seeing Red","Shrug It Off","Armaments","Dropkick","Exhume","Flame Barrier","Demon Form","Whirlwind","Writhe","Armaments","Demon Form","Rage","Body Slam+1","Rampage"],"relics":["Burning Blood","Magic Flower","Bag of Preparation","Whetstone","Art of War","HandDrill","Matryoshka","Mark of Pain","Lantern","Smiling Mask","Question Card","Boot","Anchor","Strawberry"],"potions_floor_usage":[5,11,14,16,24,24,28,29,30],"damage_taken":[{"damage":4,"enemies":"2 Louse","floor":1,"turns":3},{"damage":9,"enemies":"Jaw Worm","floor":2,"turns":3},{"damage":0,"enemies":"Small Slimes","floor":4,"turns":2},{"damage":8,"enemies":"Exordium Thugs","floor":5,"turns":4},{"damage":44,"enemies":"Lagavulin","floor":6,"turns":9},{"damage":0,"enemies":"Exordium Wildlife","floor":8,"turns":2},{"damage":22,"enemies":"3 Sentries","floor":11,"turns":5},{"damage":14,"enemies":"Lagavulin","floor":14,"turns":6},{"damage":64,"enemies":"Hexaghost","floor":16,"turns":10},{"damage":15,"enemies":"Chosen","floor":18,"turns":6},{"damage":18,"enemies":"Slavers","floor":24,"turns":4},{"damage":39,"enemies":"Gremlin Leader","floor":27,"turns":7},{"damage":36,"enemies":"Spheric Guardian","floor":28,"turns":7},{"damage":0,"enemies":"Snecko","floor":29,"turns":4},{"damage":32,"enemies":"Centurion and Healer","floor":30,"turns":7},{"damage":17,"enemies":"Snake Plant","floor":31,"turns":3}],"seed_played":"-1558590210888996396","potions_obtained":[{"floor":2,"key":"SkillPotion"},{"floor":5,"key":"Swift Potion"},{"floor":8,"key":"Weak Potion"},{"floor":11,"key":"EssenceOfSteel"},{"floor":14,"key":"Strength Potion"},{"floor":18,"key":"AttackPotion"},{"floor":27,"key":"Regen Potion"},{"floor":28,"key":"SpeedPotion"},{"floor":29,"key":"AttackPotion"}],"is_trial":false,"path_per_floor":["M","M","$","M","M","E","R","M","T","?","E","$","?","E","R","B",null,"M","$","?","?","$","R","E","?","T","E","M","M","M","M"],"character_chosen":"IRONCLAD","items_purchased":["Immolate","HandDrill","Lantern"],"campfire_rested":3,"item_purchase_floors":[3,12,19],"current_hp_per_floor":[72,72,72,72,72,37,58,67,67,67,54,54,54,49,70,15,58,52,52,52,39,39,62,53,53,53,30,27,36,13,0],"gold":118,"neow_bonus":"ONE_RARE_RELIC","is_prod":false,"is_daily":false,"chose_seed":false,"campfire_upgraded":0,"win_rate":0,"timestamp":1548531158,"path_taken":["M","M","$","M","M","E","R","M","T","?","E","$","?","E","R","BOSS","M","$","?","?","$","R","E","?","T","E","M","M","?","M"],"build_version":"2019-01-23","purchased_purges":1,"victory":false,"max_hp_per_floor":[72,72,72,72,72,72,72,72,72,72,72,72,72,72,72,72,72,72,72,72,77,77,77,77,77,77,84,84,84,84,84],"card_choices":[{"not_picked":["Cleave","Hemokinesis"],"picked":"Dropkick","floor":1},{"not_picked":["Flex","Metallicize"],"picked":"Clash","floor":2},{"not_picked":["Clash","Burning Pact"],"picked":"Seeing Red","floor":4},{"not_picked":["Wild Strike","Clash"],"picked":"Shrug It Off","floor":5},{"not_picked":["Combust","Searing Blow"],"picked":"Armaments","floor":6},{"not_picked":["Pommel Strike","Clothesline"],"picked":"Dropkick","floor":8},{"not_picked":["Clash","Brutality"],"picked":"Exhume","floor":11},{"not_picked":["Shrug It Off","Corruption"],"picked":"Flame Barrier","floor":14},{"not_picked":["Berserk","Brutality"],"picked":"Demon Form","floor":16},{"not_picked":["Thunderclap","Perfected Strike"],"picked":"Whirlwind","floor":18},{"not_picked":["Clash","Wild Strike"],"picked":"Armaments","floor":24},{"not_picked":["Anger","Headbutt","Pommel Strike"],"picked":"Rage","floor":27},{"not_picked":["Barricade","Armaments","Disarm"],"picked":"Body Slam+1","floor":28},{"not_picked":["Dropkick","Ghostly Armor+1","Headbutt","Feel No Pain"],"picked":"SKIP","floor":29},{"not_picked":["Shrug It Off","Sword Boomerang","Cleave"],"picked":"Rampage","floor":30}],"player_experience":1319776,"relics_obtained":[{"floor":6,"key":"Bag of Preparation"},{"floor":9,"key":"Whetstone"},{"floor":11,"key":"Art of War"},{"floor":14,"key":"Matryoshka"},{"floor":24,"key":"Question Card"},{"floor":26,"key":"Boot"},{"floor":26,"key":"Anchor"},{"floor":27,"key":"Strawberry"}],"event_choices":[{"damage_healed":0,"gold_gain":175,"player_choice":"AGREE","damage_taken":0,"max_hp_gain":0,"max_hp_loss":0,"event_name":"Liars Game","floor":10,"gold_loss":0,"cards_obtained":["Doubt"]},{"cards_removed":["Strike_R"],"damage_healed":0,"gold_gain":0,"player_choice":"Card Removal","damage_taken":0,"max_hp_gain":0,"max_hp_loss":0,"event_name":"The Cleric","floor":13,"gold_loss":50},{"damage_healed":0,"gold_gain":0,"player_choice":"Opened","damage_taken":0,"relics_obtained":["Smiling Mask"],"max_hp_gain":0,"max_hp_loss":0,"event_name":"The Mausoleum","floor":20,"gold_loss":0,"cards_obtained":["Writhe"]},{"damage_healed":0,"gold_gain":0,"player_choice":"Shed Blood","damage_taken":18,"max_hp_gain":5,"max_hp_loss":0,"event_name":"Forgotten Altar","floor":21,"gold_loss":0},{"damage_healed":0,"gold_gain":0,"player_choice":"Copied","damage_taken":0,"max_hp_gain":0,"max_hp_loss":0,"event_name":"Duplicator","floor":25,"gold_loss":0,"cards_obtained":["Demon Form"]}],"is_beta":false,"boss_relics":[{"not_picked":["Snecko Eye","Black Star"],"picked":"Mark of Pain"}],"items_purged_floors":[12],"is_endless":false,"potions_floor_spawned":[2,5,8,11,14,18,27,28,29],"killed_by":"Snake Plant","ascension_level":10}