{"gold_per_floor":[110,35,85,104,122,142,142,21,21,35,50,70,70,94,94,189,189,214,214,234,234,270,270,270],"floor_reached":24,"playtime":1118,"items_purged":["Normality"],"score":342,"play_id":"5b44a489-c447-4f09-b086-1b755de48464","local_time":"20190504192619","is_ascension_mode":true,"campfire_choices":[{"data":"Mind Blast","floor":7,"key":"SMITH"},{"data":"Caltrops","floor":15,"key":"SMITH"},{"floor":23,"key":"REST"}],"neow_cost":"CURSE","seed_source_timestamp":42857656024070,"circlet_count":0,"master_deck":["AscendersBane","Defend_G","Defend_G","Defend_G","Defend_G","Defend_G","Strike_G","Strike_G","Strike_G","Strike_G","Survivor","Neutralize","Discovery","Mind Blast+1","Predator","Leg Sweep","Predator","Backflip","Dramatic Entrance","Outmaneuver","Noxious Fumes","Quick Slash","Bouncing Flask","Injury","Caltrops+1","A Thousand Cuts","Noxious Fumes","Sucker Punch","Leg Sweep","Dagger Spray"],"relics":["Ring of the Snake","Mummified Hand","Golden Idol","Eternal Feather","Red Mask"],"potions_floor_usage":[12,16,16,22],"damage_taken":[{"damage":8,"enemies":"2 Louse","floor":1,"turns":4},{"damage":0,"enemies":"Cultist","floor":4,"turns":3},{"damage":0,"enemies":"Jaw Worm","floor":5,"turns":3},{"damage":1,"enemies":"Blue Slaver","floor":6,"turns":4},{"damage":2,"enemies":"Gremlin Gang","floor":10,"turns":3},{"damage":0,"enemies":"2 Fungi Beasts","floor":11,"turns":2},{"damage":3,"enemies":"Large Slime","floor":12,"turns":4},{"damage":0,"enemies":"Blue Slaver","floor":14,"turns":3},{"damage":16,"enemies":"Hexaghost","floor":16,"turns":8},{"damage":19,"enemies":"Spheric Guardian","floor":18,"turns":4},{"damage":0,"enemies":"3 Byrds","floor":20,"turns":4},{"damage":31,"enemies":"Masked Bandits","floor":22,"turns":4},{"damage":43,"enemies":"Book of Stabbing","floor":24,"turns":4}],"seed_played":"5601318526337211947","potions_obtained":[{"floor":4,"key":"PowerPotion"},{"floor":5,"key":"Explosive Potion"},{"floor":12,"key":"SkillPotion"},{"floor":20,"key":"Explosive Potion"}],"is_trial":false,"path_per_floor":["M","$","?","M","M","M","R","$","T","M","M","M","?","M","R","B",null,"M","?","M","?","?","R","E"],"character_chosen":"THE_SILENT","items_purchased":["Dramatic Entrance","Outmaneuver"],"campfire_rested":1,"item_purchase_floors":[8,8],"current_hp_per_floor":[51,51,45,45,45,44,44,44,44,42,42,39,39,39,39,23,55,36,36,36,36,5,42,0],"gold":270,"neow_bonus":"RANDOM_COLORLESS_2","is_prod":false,"is_daily":false,"chose_seed":false,"campfire_upgraded":2,"win_rate":0,"timestamp":1557023179,"path_taken":["M","$","?","M","M","?","R","$","T","M","M","M","?","M","R","BOSS","M","?","?","?","?","R","E"],"build_version":"2019-01-23","purchased_purges":1,"victory":false,"max_hp_per_floor":[66,66,66,66,66,66,66,66,66,66,66,66,66,66,66,66,66,66,66,66,66,66,66,66],"card_choices":[{"not_picked":["Cloak And Dagger","Poisoned Stab"],"picked":"Predator","floor":1},{"not_picked":["Eviscerate","Quick Slash"],"picked":"Leg Sweep","floor":4},{"not_picked":["Reflex","All Out Attack"],"picked":"Predator","floor":5},{"not_picked":["Slice","All Out Attack"],"picked":"Backflip","floor":6},{"not_picked":["Dagger Spray","PiercingWail"],"picked":"Noxious Fumes","floor":10},{"not_picked":["Heel Hook","Slice"],"picked":"Quick Slash","floor":11},{"not_picked":["Calculated Gamble","Flying Knee"],"picked":"Bouncing Flask","floor":12},{"not_picked":["Bane","Escape Plan"],"picked":"Caltrops","floor":14},{"not_picked":["Grand Finale","Wraith Form v2"],"picked":"A Thousand Cuts","floor":16},{"not_picked":["Quick Slash","Flying Knee"],"picked":"Noxious Fumes","floor":18},{"not_picked":["Distraction","Reflex"],"picked":"Leg Sweep","floor":20},{"not_picked":["Sucker Punch","Quick Slash"],"picked":"Dagger Spray","floor":22}],"player_experience":1607363,"relics_obtained":[{"floor":9,"key":"Mummified Hand"},{"floor":22,"key":"Red Mask"}],"event_choices":[{"damage_healed":0,"gold_gain":50,"player_choice":"Touch","damage_taken":6,"max_hp_gain":0,"max_hp_loss":0,"event_name":"FaceTrader","floor":3,"gold_loss":0},{"damage_healed":0,"gold_gain":0,"player_choice":"Take Wound","damage_taken":0,"relics_obtained":["Golden Idol"],"max_hp_gain":0,"max_hp_loss":0,"event_name":"Golden Idol","floor":13,"gold_loss":0,"cards_obtained":["Injury"]},{"damage_healed":0,"gold_gain":0,"cards_transformed":["Strike_G"],"player_choice":"Transformed","damage_taken":0,"max_hp_gain":0,"max_hp_loss":0,"event_name":"Transmorgrifier","floor":19,"gold_loss":0,"cards_obtained":["Sucker Punch"]},{"damage_healed":0,"gold_gain":0,"player_choice":"Ignored","damage_taken":0,"max_hp_gain":0,"max_hp_loss":0,"event_name":"Vampires","floor":21,"gold_loss":0},{"damage_healed":0,"gold_gain":0,"player_choice":"Fought Bandits","damage_taken":0,"max_hp_gain":0,"max_hp_loss":0,"event_name":"Masked Bandits","floor":22,"gold_loss":0}],"is_beta":false,"boss_relics":[{"not_picked":["HoveringKite","Philosopher\u0027s Stone"],"picked":"Eternal Feather"}],"items_purged_floors":[2],"is_endless":false,"potions_floor_spawned":[4,5,6,12,20],"killed_by":"Book of Stabbing","ascension_level":16}