{"gold_per_floor":[360,435,22,36,48,73,73,89,89,89,105,105,115,133,133,234,234,252,272,272,104,114,114,144,154,230,243,254,254,254,254,254,359,359,373,49,69,114,114,114,132,152,152,178,28,28,56,69,69,69],"floor_reached":51,"playtime":2476,"items_purged":["Strike_R","Brutality","Feel No Pain","Bash"],"score":937,"play_id":"c2a21ba4-f9b9-412e-9f22-60a2ece69d1a","local_time":"20190514210427","is_ascension_mode":true,"campfire_choices":[{"data":"1","floor":7.0,"key":"LIFT"},{"floor":12.0,"key":"REST"},{"data":"2","floor":15.0,"key":"LIFT"},{"data":"3","floor":23.0,"key":"LIFT"},{"floor":30.0,"key":"REST"},{"data":"Spot Weakness","floor":32.0,"key":"SMITH"},{"floor":40.0,"key":"REST"},{"floor":49.0,"key":"REST"}],"neow_cost":"PERCENT_DAMAGE","seed_source_timestamp":546754984549791,"circlet_count":0,"master_deck":["Warcry","Iron Wave","Battle Trance","Spot Weakness+1","Reaper","Evolve","Cleave","Thunderclap","Anger","Double Tap","Metallicize","Heavy Blade+1","Warcry+1","Spot Weakness+1","Reaper","Armaments+1","Shockwave+1","Spot Weakness+1","Limit Break+1","Writhe","Spot Weakness+1","Heavy Blade+1","Pummel+1"],"special_seed":0,"relics":["Burning Blood","Girya","Singing Bowl","Kunai","Pandora\u0027s Box","Toxic Egg 2","Question Card","Lizard Tail","Brimstone","Dead Branch","Sundial","Dream Catcher","Oddly Smooth Stone"],"potions_floor_usage":[],"damage_taken":[{"damage":0.0,"enemies":"Small Slimes","floor":1.0,"turns":4.0},{"damage":8.0,"enemies":"2 Louse","floor":4.0,"turns":5.0},{"damage":1.0,"enemies":"Cultist","floor":5.0,"turns":3.0},{"damage":29.0,"enemies":"Lagavulin","floor":6.0,"turns":7.0},{"damage":17.0,"enemies":"3 Louse","floor":8.0,"turns":5.0},{"damage":3.0,"enemies":"Blue Slaver","floor":11.0,"turns":5.0},{"damage":4.0,"enemies":"Red Slaver","floor":13.0,"turns":4.0},{"damage":10.0,"enemies":"3 Louse","floor":14.0,"turns":5.0},{"damage":18.0,"enemies":"Slime Boss","floor":16.0,"turns":9.0},{"damage":12.0,"enemies":"Chosen","floor":18.0,"turns":4.0},{"damage":28.0,"enemies":"Shell Parasite","floor":19.0,"turns":3.0},{"damage":18.0,"enemies":"Snake Plant","floor":22.0,"turns":3.0},{"damage":69.0,"enemies":"Book of Stabbing","floor":24.0,"turns":5.0},{"damage":22.0,"enemies":"Centurion and Healer","floor":25.0,"turns":4.0},{"damage":28.0,"enemies":"Shelled Parasite and Fungi","floor":27.0,"turns":5.0},{"damage":21.0,"enemies":"Chosen and Byrds","floor":28.0,"turns":4.0},{"damage":39.0,"enemies":"Automaton","floor":33.0,"turns":6.0},{"damage":43.0,"enemies":"3 Darklings","floor":35.0,"turns":3.0},{"damage":18.0,"enemies":"Orb Walker","floor":37.0,"turns":3.0},{"damage":62.0,"enemies":"2 Orb Walkers","floor":38.0,"turns":4.0},{"damage":40.0,"enemies":"Jaw Worm Horde","floor":41.0,"turns":3.0},{"damage":29.0,"enemies":"Spire Growth","floor":42.0,"turns":3.0},{"damage":96.0,"enemies":"Nemesis","floor":44.0,"turns":7.0},{"damage":19.0,"enemies":"Giant Head","floor":47.0,"turns":4.0},{"damage":49.0,"enemies":"Writhing Mass","floor":48.0,"turns":3.0},{"damage":77,"enemies":"Donu and Deca","floor":50,"turns":5}],"seed_played":"4011446792640942756","potions_obtained":[{"floor":4.0,"key":"Energy Potion"},{"floor":5.0,"key":"EssenceOfSteel"},{"floor":8.0,"key":"Strength Potion"},{"floor":14.0,"key":"Dexterity Potion"},{"floor":16.0,"key":"Dexterity Potion"},{"floor":19.0,"key":"Block Potion"},{"floor":20.0,"key":"AttackPotion"},{"floor":20.0,"key":"AttackPotion"},{"floor":20.0,"key":"SkillPotion"},{"floor":22.0,"key":"FearPotion"},{"floor":25.0,"key":"SkillPotion"},{"floor":28.0,"key":"Weak Potion"},{"floor":33.0,"key":"Block Potion"},{"floor":38.0,"key":"Weak Potion"},{"floor":47.0,"key":"Explosive Potion"}],"is_trial":false,"path_per_floor":["M","?","$","M","M","E","R","M","T","$","M","R","M","M","R","B",null,"M","M","?","$","M","R","E","M","T","M","M","?","R","?","R","B",null,"M","$","M","?","?","R","M","M","T","E","$","?","E","M","R","B",null],"character_chosen":"IRONCLAD","items_purchased":["Warcry","Girya","Metallicize","Brimstone"],"campfire_rested":4,"item_purchase_floors":[3,3,21,36],"current_hp_per_floor":[62,51,51,49,54,33,33,22,22,22,27,52,56,54,54,42,88,90,70,70,70,75,75,31,17,17,11,16,16,44,76,76,64,96,96,96,84,28,28,56,85,91,91,19,19,44,70,46,76,100],"gold":69,"neow_bonus":"TWO_FIFTY_GOLD","is_prod":false,"is_daily":false,"chose_seed":false,"campfire_upgraded":1,"win_rate":0,"timestamp":1557835467,"path_taken":["M","?","$","M","M","E","R","M","T","$","M","R","M","M","R","BOSS","M","M","?","$","M","R","E","M","T","M","?","?","R","?","R","BOSS","M","$","M","?","?","R","?","M","T","E","$","?","E","M","R","BOSS"],"build_version":"2019-01-23","purchased_purges":4,"victory":true,"max_hp_per_floor":[80,80,80,80,80,82,82,82,82,82,84,84,86,88,88,88,88,90,92,92,92,94,94,94,96,96,96,96,96,96,96,96,96,96,96,96,96,96,96,96,98,100,100,100,100,100,100,100,100,100],"card_choices":[{"not_picked":["Sword Boomerang","Anger","True Grit"],"picked":"SKIP","floor":1.0},{"not_picked":["Rupture","Havoc"],"picked":"Iron Wave","floor":4.0},{"not_picked":["Wild Strike","Shrug It Off"],"picked":"Battle Trance","floor":5.0},{"not_picked":["Intimidate","Searing Blow","Barricade"],"picked":"Singing Bowl","floor":6.0},{"not_picked":["Havoc","Sword Boomerang"],"picked":"Spot Weakness","floor":8.0},{"not_picked":["Dropkick","Hemokinesis","Feel No Pain"],"picked":"Singing Bowl","floor":11.0},{"not_picked":["Whirlwind","True Grit","Rampage"],"picked":"Singing Bowl","floor":13.0},{"not_picked":["Bloodletting","Perfected Strike","Flex"],"picked":"Singing Bowl","floor":14.0},{"not_picked":["Berserk","Barricade"],"picked":"Reaper","floor":16.0},{"not_picked":["Havoc","Flex","Sever Soul"],"picked":"Singing Bowl","floor":18.0},{"not_picked":["Clash","Evolve","Wild Strike"],"picked":"Singing Bowl","floor":19.0},{"not_picked":["Warcry","Sword Boomerang","Intimidate"],"picked":"Singing Bowl","floor":22.0},{"not_picked":["Berserk","Fire Breathing"],"picked":"Heavy Blade+1","floor":24.0},{"not_picked":["Body Slam","Corruption","Wild Strike"],"picked":"Singing Bowl","floor":25.0},{"not_picked":["Wild Strike+1","Iron Wave","Second Wind+1"],"picked":"Warcry+1","floor":27.0},{"not_picked":["Warcry+1","Headbutt","Whirlwind+1"],"picked":"Spot Weakness+1","floor":28.0},{"not_picked":["Berserk","Double Tap+1","Immolate"],"picked":"Reaper","floor":33.0},{"not_picked":["Shrug It Off+1","Carnage","Burning Pact+1"],"picked":"Armaments+1","floor":35.0},{"not_picked":["Uppercut+1","Burning Pact+1","Perfected Strike+1"],"picked":"Shockwave+1","floor":37.0},{"not_picked":["Ghostly Armor+1","Shockwave+1","Pommel Strike"],"picked":"Spot Weakness+1","floor":38.0},{"not_picked":["Wild Strike+1","Evolve","Body Slam+1","Cleave+1"],"picked":"Singing Bowl","floor":41.0},{"not_picked":["Cleave","Fire Breathing+1","Warcry+1","Iron Wave+1"],"picked":"Singing Bowl","floor":42.0},{"not_picked":["Wild Strike","Evolve+1","Thunderclap"],"picked":"Limit Break+1","floor":44.0},{"not_picked":["Twin Strike+1","Immolate","Armaments+1"],"picked":"Spot Weakness+1","floor":47.0},{"not_picked":["Blood for Blood+1","Sentinel+1","Inflame+1"],"picked":"Heavy Blade+1","floor":48.0},{"not_picked":["Carnage+1","Fire Breathing+1","Rampage+1"],"picked":"Pummel+1","floor":49.0}],"player_experience":189837,"relics_obtained":[{"floor":6.0,"key":"Singing Bowl"},{"floor":9.0,"key":"Kunai"},{"floor":24.0,"key":"Toxic Egg 2"},{"floor":26.0,"key":"Question Card"},{"floor":38.0,"key":"Dead Branch"},{"floor":43.0,"key":"Sundial"},{"floor":44.0,"key":"Dream Catcher"},{"floor":47.0,"key":"Oddly Smooth Stone"}],"event_choices":[{"damage_healed":0.0,"max_hp_gain":0.0,"max_hp_loss":0.0,"gold_gain":75.0,"event_name":"World of Goop","player_choice":"Gather Gold","floor":2.0,"gold_loss":0.0,"damage_taken":11.0},{"damage_healed":0.0,"max_hp_gain":0.0,"max_hp_loss":0.0,"gold_gain":0.0,"event_name":"Lab","player_choice":"Got Potions","floor":20.0,"gold_loss":0.0,"damage_taken":0.0},{"cards_removed":["Juggernaut"],"damage_healed":0.0,"max_hp_gain":0.0,"max_hp_loss":0.0,"gold_gain":0.0,"event_name":"Back to Basics","player_choice":"Elegance","floor":29.0,"gold_loss":0.0,"damage_taken":0.0},{"damage_healed":32.0,"max_hp_gain":0.0,"max_hp_loss":0.0,"gold_gain":0.0,"event_name":"The Library","player_choice":"Heal","floor":31.0,"gold_loss":0.0,"damage_taken":0.0},{"damage_healed":0.0,"max_hp_gain":0.0,"max_hp_loss":0.0,"gold_gain":0.0,"event_name":"Mysterious Sphere","player_choice":"Fight","floor":38.0,"gold_loss":0.0,"damage_taken":0.0},{"damage_healed":0.0,"max_hp_gain":0.0,"max_hp_loss":0.0,"gold_gain":0.0,"event_name":"SecretPortal","player_choice":"Ignored","floor":39.0,"gold_loss":0.0,"damage_taken":0.0},{"damage_healed":25.0,"max_hp_gain":0.0,"max_hp_loss":0.0,"gold_gain":0.0,"event_name":"Winding Halls","player_choice":"Writhe","floor":46.0,"gold_loss":0.0,"damage_taken":0.0,"cards_obtained":["Writhe"]}],"is_beta":false,"boss_relics":[{"not_picked":["Cursed Key","Fusion Hammer"],"picked":"Pandora\u0027s Box"},{"not_picked":["White Beast Statue","Busted Crown"],"picked":"Lizard Tail"}],"items_purged_floors":[3,21,36,45],"is_endless":false,"potions_floor_spawned":[4,5,8,14,16,19,22,25,28,33,38,41,42,47],"ascension_level":3}