{"gold_per_floor":[119,119,131,56,70,70,95,95,95,108,121,121,69,19,19,149,149,169,369,369,369,175,175,216,216,216,232,250,250,318,331,331,454,454,469,485,485,485,508,508,523,541,541,541],"floor_reached":44,"playtime":8280,"items_purged":["Strike_R","Strike_R"],"score":589,"play_id":"a2a8de40-90bf-4979-adb5-db2a65685923","local_time":"20181031123259","is_ascension_mode":true,"campfire_choices":[{"data":"Armaments","floor":6,"key":"SMITH"},{"floor":8,"key":"REST"},{"data":"Limit Break","floor":15,"key":"SMITH"},{"floor":23,"key":"REST"},{"data":"J.A.X.","floor":25,"key":"SMITH"},{"floor":32,"key":"REST"},{"floor":40,"key":"REST"}],"neow_cost":"PERCENT_DAMAGE","seed_source_timestamp":133896335587000,"circlet_count":0,"master_deck":["Strike_R","Strike_R","Defend_R","Defend_R","Defend_R","Defend_R","Bash","Armaments+1","Pummel","Headbutt","Limit Break+1","Whirlwind","Flex","Double Tap","J.A.X.+1","Purity","Body Slam","Limit Break+1","Offering"],"relics":["Burning Blood","Ginger","Bag of Preparation","Pantograph","Golden Idol","Busted Crown","Meat on the Bone","Thread and Needle","Tiny Chest","Black Star","Matryoshka","Happy Flower","PreservedInsect","Dream Catcher","Mercury Hourglass"],"potions_floor_usage":[16,16,27,31,42,44,44],"damage_taken":[{"damage":0,"enemies":"Small Slimes","floor":1,"turns":3},{"damage":0,"enemies":"2 Louse","floor":3,"turns":3},{"damage":19,"enemies":"Jaw Worm","floor":5,"turns":6},{"damage":23,"enemies":"Gremlin Nob","floor":7,"turns":4},{"damage":0,"enemies":"Blue Slaver","floor":10,"turns":3},{"damage":0,"enemies":"2 Fungi Beasts","floor":11,"turns":3},{"damage":62,"enemies":"Hexaghost","floor":16,"turns":11},{"damage":13,"enemies":"Spheric Guardian","floor":18,"turns":4},{"damage":6,"enemies":"Gremlin Leader","floor":24,"turns":4},{"damage":6,"enemies":"Shell Parasite","floor":27,"turns":3},{"damage":60,"enemies":"Centurion and Healer","floor":28,"turns":5},{"damage":21,"enemies":"Book of Stabbing","floor":30,"turns":3},{"damage":8,"enemies":"Chosen and Byrds","floor":31,"turns":5},{"damage":26,"enemies":"Champ","floor":33,"turns":6},{"damage":25,"enemies":"3 Shapes","floor":35,"turns":4},{"damage":14,"enemies":"3 Darklings","floor":36,"turns":4},{"damage":46,"enemies":"Transient","floor":41,"turns":5},{"damage":42,"enemies":"Sphere and 2 Shapes","floor":42,"turns":7},{"damage":20,"enemies":"Writhing Mass","floor":44,"turns":1}],"seed_played":"-4364236355737816088","potions_obtained":[{"floor":5,"key":"Weak Potion"},{"floor":10,"key":"SkillPotion"},{"floor":24,"key":"Fire Potion"},{"floor":30,"key":"BloodPotion"},{"floor":33,"key":"FearPotion"},{"floor":41,"key":"LiquidBronze"},{"floor":42,"key":"Fire Potion"}],"is_trial":false,"path_per_floor":["M","?","M","$","M","R","E","R","T","M","M","?","$","?","R","B",null,"M","?","?","?","$","R","E","R","T","M","M","?","E","M","R","B",null,"M","M","T","?","T","R","M","M","T"],"character_chosen":"IRONCLAD","items_purchased":["Flex","Purity"],"campfire_rested":4,"item_purchase_floors":[13,22],"current_hp_per_floor":[62,62,68,68,55,55,38,62,62,68,74,74,74,74,74,24,66,59,59,59,59,59,80,80,80,80,80,38,38,35,53,77,60,75,56,48,48,48,48,72,44,20,20,0],"gold":541,"neow_bonus":"ONE_RARE_RELIC","is_prod":false,"is_daily":false,"chose_seed":false,"campfire_upgraded":3,"win_rate":0,"timestamp":1540985579,"path_taken":["M","?","M","$","M","R","E","R","T","M","M","?","$","?","R","BOSS","M","?","?","?","$","R","E","R","T","?","M","?","E","M","R","BOSS","M","?","?","?","?","R","M","M","T","?"],"build_version":"2018-10-25v2","purchased_purges":2,"victory":false,"max_hp_per_floor":[80,80,80,80,80,80,80,80,80,80,80,80,80,80,80,80,80,80,80,80,80,80,80,80,80,80,80,80,80,80,80,80,80,80,80,80,80,80,80,80,80,80,80,80],"card_choices":[{"not_picked":["Dropkick","Flex"],"picked":"Armaments","floor":1},{"not_picked":["Ghostly Armor","Thunderclap"],"picked":"Pummel","floor":3},{"not_picked":["Heavy Blade","Perfected Strike"],"picked":"Headbutt","floor":5},{"not_picked":["Heavy Blade","Headbutt"],"picked":"Limit Break","floor":7},{"not_picked":["Disarm","True Grit"],"picked":"Whirlwind","floor":10},{"not_picked":["Perfected Strike","Heavy Blade","Clothesline"],"picked":"SKIP","floor":11},{"not_picked":["Offering","Brutality"],"picked":"Double Tap","floor":16},{"not_picked":["Shrug It Off"],"picked":"SKIP","floor":18},{"not_picked":[],"picked":"Body Slam","floor":24},{"not_picked":["Sword Boomerang"],"picked":"SKIP","floor":27},{"not_picked":["Armaments"],"picked":"SKIP","floor":28},{"not_picked":["Headbutt"],"picked":"SKIP","floor":30},{"not_picked":["Perfected Strike"],"picked":"SKIP","floor":31},{"not_picked":[],"picked":"Offering","floor":33},{"not_picked":["Armaments"],"picked":"SKIP","floor":35},{"not_picked":["Carnage+1"],"picked":"SKIP","floor":36},{"not_picked":["Havoc+1"],"picked":"SKIP","floor":41},{"not_picked":["Hemokinesis+1"],"picked":"SKIP","floor":42}],"player_experience":817771,"relics_obtained":[{"floor":7,"key":"Bag of Preparation"},{"floor":9,"key":"Pantograph"},{"floor":24,"key":"Meat on the Bone"},{"floor":26,"key":"Thread and Needle"},{"floor":30,"key":"Tiny Chest"},{"floor":37,"key":"Matryoshka"},{"floor":39,"key":"Happy Flower"},{"floor":39,"key":"PreservedInsect"},{"floor":43,"key":"Dream Catcher"},{"floor":43,"key":"Mercury Hourglass"}],"event_choices":[{"cards_removed":["Strike_R"],"damage_healed":0,"gold_gain":0,"player_choice":"Forget","damage_taken":0,"max_hp_gain":0,"max_hp_loss":0,"event_name":"Living Wall","floor":2,"gold_loss":0},{"damage_healed":0,"gold_gain":0,"player_choice":"Take Wound","damage_taken":0,"relics_obtained":["Golden Idol"],"max_hp_gain":0,"max_hp_loss":0,"event_name":"Golden Idol","floor":12,"gold_loss":0,"cards_obtained":["Injury"]},{"cards_removed":["Injury"],"damage_healed":0,"gold_gain":0,"player_choice":"Card Removal","damage_taken":0,"max_hp_gain":0,"max_hp_loss":0,"event_name":"The Cleric","floor":14,"gold_loss":50},{"damage_healed":0,"gold_gain":200,"player_choice":"Gold","damage_taken":0,"max_hp_gain":0,"max_hp_loss":0,"event_name":"Wheel of Change","floor":19,"gold_loss":0},{"damage_healed":0,"gold_gain":0,"player_choice":"Ignored","damage_taken":0,"max_hp_gain":0,"max_hp_loss":0,"event_name":"Ghosts","floor":20,"gold_loss":0},{"damage_healed":0,"gold_gain":0,"player_choice":"Obtain J.A.X.","damage_taken":0,"max_hp_gain":0,"max_hp_loss":0,"event_name":"Drug Dealer","floor":21,"gold_loss":0,"cards_obtained":["J.A.X."]},{"damage_healed":0,"gold_gain":0,"player_choice":"Copied","damage_taken":0,"max_hp_gain":0,"max_hp_loss":0,"event_name":"Duplicator","floor":29,"gold_loss":0,"cards_obtained":["Limit Break"]},{"damage_healed":0,"gold_gain":0,"player_choice":"Ignored","damage_taken":0,"max_hp_gain":0,"max_hp_loss":0,"event_name":"Tomb of Lord Red Mask","floor":38,"gold_loss":0}],"is_beta":false,"boss_relics":[{"not_picked":["Astrolabe","Orrery"],"picked":"Busted Crown"},{"not_picked":["Snecko Eye","Tiny House"],"picked":"Black Star"}],"items_purged_floors":[4,22],"is_endless":false,"potions_floor_spawned":[5,10,24,30,33,41,42],"killed_by":"Writhing Mass","ascension_level":5}