{"gold_per_floor":[111,111,1,1,1,334,334,369,369,369,387,412,72,91,91,219,219,237,237,258,158,173,173],"floor_reached":23,"playtime":1452,"items_purged":["Regret","Regret"],"score":224,"play_id":"efaac282-f60b-4b9e-81b5-0bd1c4428970","local_time":"20181007200223","is_ascension_mode":false,"campfire_choices":[{"floor":7,"key":"REST"},{"floor":10,"key":"REST"},{"data":"Limit Break","floor":15,"key":"SMITH"}],"neow_cost":"CURSE","seed_source_timestamp":108545972781500,"circlet_count":0,"master_deck":["Strike_R","Strike_R","Strike_R","Strike_R","Strike_R","Defend_R","Defend_R","Defend_R","Defend_R","Bash","Metallicize","Limit Break+1","Clash","True Grit","Infernal Blade","Apotheosis","Limit Break","Cleave"],"relics":["Burning Blood","Golden Idol","Torii","Old Coin","Champion Belt","Bottled Flame","Happy Flower","Runic Pyramid","MutagenicStrength"],"potions_floor_usage":[16,16,18,18,23],"damage_taken":[{"damage":5,"enemies":"Small Slimes","floor":1,"turns":4},{"damage":37,"enemies":"Gremlin Nob","floor":6,"turns":6},{"damage":39,"enemies":"3 Sentries","floor":8,"turns":14},{"damage":0,"enemies":"2 Louse","floor":11,"turns":2},{"damage":1,"enemies":"Jaw Worm","floor":12,"turns":2},{"damage":3,"enemies":"Blue Slaver","floor":14,"turns":4},{"damage":8,"enemies":"Hexaghost","floor":16,"turns":7},{"damage":26,"enemies":"3 Byrds","floor":18,"turns":7},{"damage":33,"enemies":"Shell Parasite","floor":20,"turns":7},{"damage":36,"enemies":"3 Cultists","floor":22,"turns":8},{"damage":22,"enemies":"Book of Stabbing","floor":23,"turns":5}],"seed_played":"-1215410646081540926","potions_obtained":[{"floor":6,"key":"EssenceOfSteel"},{"floor":12,"key":"Strength Potion"},{"floor":14,"key":"PowerPotion"},{"floor":16,"key":"Poison Potion"},{"floor":20,"key":"Swift Potion"}],"is_trial":false,"path_per_floor":["M","?","$","?","$","E","R","E","T","R","M","M","$","M","R","B",null,"M","?","M","$","M"],"character_chosen":"IRONCLAD","items_purchased":["Metallicize","Apotheosis","Happy Flower"],"campfire_rested":2,"item_purchase_floors":[3,13,13],"current_hp_per_floor":[96,72,72,72,72,41,69,36,36,64,70,75,75,78,78,76,96,76,76,49,49,19,0],"gold":173,"neow_bonus":"TWENTY_PERCENT_HP_BONUS","is_prod":false,"is_daily":false,"chose_seed":false,"campfire_upgraded":1,"win_rate":0,"timestamp":1538935343,"path_taken":["M","?","$","?","$","E","R","E","T","R","?","M","?","M","R","BOSS","M","?","M","$","M","E"],"build_version":"2018-10-04v2","purchased_purges":2,"victory":false,"max_hp_per_floor":[96,96,96,96,96,96,96,96,96,96,96,96,96,96,96,96,96,96,96,96,96,96,96],"card_choices":[{"not_picked":["Havoc","Clothesline","Warcry"],"picked":"SKIP","floor":1},{"not_picked":["Battle Trance","Immolate"],"picked":"Limit Break","floor":6},{"not_picked":["Evolve","Headbutt"],"picked":"Clash","floor":8},{"not_picked":["Uppercut","Wild Strike"],"picked":"True Grit","floor":11},{"not_picked":["Evolve","Clothesline"],"picked":"Infernal Blade","floor":12},{"not_picked":["Iron Wave","Clothesline","Sword Boomerang"],"picked":"SKIP","floor":14},{"not_picked":["Immolate","Double Tap"],"picked":"Limit Break","floor":16},{"not_picked":["Anger","True Grit","Combust"],"picked":"SKIP","floor":18},{"not_picked":["Feel No Pain","Clash+1","Warcry"],"picked":"SKIP","floor":20},{"not_picked":["Clash+1","True Grit"],"picked":"Cleave","floor":22}],"player_experience":572540,"relics_obtained":[{"floor":6,"key":"Old Coin"},{"floor":8,"key":"Champion Belt"},{"floor":9,"key":"Bottled Flame"}],"event_choices":[{"event_name":"Golden Idol","player_choice":"Take Damage","floor":2,"damage_taken":0},{"event_name":"Big Fish","player_choice":"Box","floor":4,"damage_taken":0},{"event_name":"Drug Dealer","player_choice":"Inject Mutagens","floor":19,"damage_taken":0}],"is_beta":false,"boss_relics":[{"not_picked":["Sozu","Philosopher\u0027s Stone"],"picked":"Runic Pyramid"}],"items_purged_floors":[3,21],"is_endless":false,"potions_floor_spawned":[6,12,14,16,20],"killed_by":"Book of Stabbing","ascension_level":0}