{"gold_per_floor":[114,2,21,21,96,129,129,129,129,129,94,94,112,112,112,112],"floor_reached":16,"playtime":451,"items_purged":["Normality"],"score":169,"play_id":"243df5b9-4f66-4d98-be54-f5fd758c0b38","local_time":"20190124230312","is_ascension_mode":true,"campfire_choices":[{"floor":7,"key":"REST"},{"floor":12,"key":"REST"},{"floor":15,"key":"REST"}],"neow_cost":"CURSE","seed_source_timestamp":105764573688700,"circlet_count":0,"master_deck":["AscendersBane","Strike_R","Strike_R","Strike_R","Defend_R+1","Defend_R+1","Defend_R","Defend_R","Bash","Dual Wield","Bloodletting","Twin Strike","Armaments","Flame Barrier","Blood for Blood"],"relics":["Burning Blood","Orichalcum","Ancient Tea Set"],"potions_floor_usage":[6,16],"damage_taken":[{"damage":9,"enemies":"2 Louse","floor":1,"turns":3},{"damage":4,"enemies":"Small Slimes","floor":3,"turns":3},{"damage":65,"enemies":"Lagavulin","floor":6,"turns":9},{"damage":2,"enemies":"Jaw Worm","floor":13,"turns":5},{"damage":81,"enemies":"Hexaghost","floor":16,"turns":11}],"seed_played":"-381075437739550523","potions_obtained":[{"floor":3,"key":"Energy Potion"},{"floor":13,"key":"EssenceOfSteel"}],"is_trial":false,"path_per_floor":["M","$","M","?","?","E","R","?","T","?","$","R","M","?","R","B"],"character_chosen":"IRONCLAD","items_purchased":["Bloodletting","Flame Barrier"],"campfire_rested":3,"item_purchase_floors":[2,11],"current_hp_per_floor":[85,85,87,87,76,17,45,38,38,38,38,66,70,51,79,0],"gold":112,"neow_bonus":"TWENTY_PERCENT_HP_BONUS","is_prod":false,"is_daily":false,"chose_seed":false,"campfire_upgraded":0,"win_rate":0,"timestamp":1548367392,"path_taken":["M","$","M","?","?","E","R","?","T","?","?","R","M","?","R","BOSS"],"build_version":"2019-01-23","purchased_purges":1,"victory":false,"max_hp_per_floor":[96,96,96,96,96,96,96,96,96,96,96,96,96,96,96,96],"card_choices":[{"not_picked":["Pummel","Metallicize"],"picked":"Dual Wield","floor":1},{"not_picked":["Intimidate","Havoc"],"picked":"Twin Strike","floor":3},{"not_picked":["Metallicize","Body Slam"],"picked":"Armaments","floor":6},{"not_picked":["Warcry","Evolve"],"picked":"Blood for Blood","floor":13}],"player_experience":1288462,"relics_obtained":[{"floor":6,"key":"Orichalcum"},{"floor":9,"key":"Ancient Tea Set"}],"event_choices":[{"damage_healed":0,"gold_gain":0,"player_choice":"Leave","damage_taken":0,"max_hp_gain":0,"max_hp_loss":0,"event_name":"The Cleric","floor":4,"gold_loss":0},{"damage_healed":0,"gold_gain":75,"player_choice":"Gather Gold","damage_taken":11,"max_hp_gain":0,"max_hp_loss":0,"event_name":"World of Goop","floor":5,"gold_loss":0},{"cards_removed":["Strike_R"],"damage_healed":0,"gold_gain":0,"player_choice":"Card Removal","damage_taken":7,"max_hp_gain":0,"max_hp_loss":0,"event_name":"Golden Wing","floor":8,"gold_loss":0},{"cards_removed":["Strike_R"],"damage_healed":0,"gold_gain":0,"player_choice":"Forget","damage_taken":0,"max_hp_gain":0,"max_hp_loss":0,"event_name":"Living Wall","floor":10,"gold_loss":0},{"damage_healed":0,"gold_gain":0,"player_choice":"Entered Light","damage_taken":19,"max_hp_gain":0,"max_hp_loss":0,"event_name":"Shining Light","floor":14,"gold_loss":0,"cards_upgraded":["Defend_R","Defend_R"]}],"is_beta":false,"boss_relics":[],"items_purged_floors":[2],"is_endless":false,"potions_floor_spawned":[3,13],"killed_by":"Hexaghost","ascension_level":10}