{"gold_per_floor":[13,13,30,30,44,70,89,116,116,30,30,30,30,30,30,30],"floor_reached":16,"playtime":586,"items_purged":[],"score":187,"play_id":"5cbdab8a-72b4-4581-9e1a-2b8f9fc3900b","local_time":"20190127123742","is_ascension_mode":true,"campfire_choices":[{"floor":12,"key":"REST"},{"floor":15,"key":"REST"}],"neow_cost":"NO_GOLD","seed_source_timestamp":327300654723100,"circlet_count":0,"master_deck":["AscendersBane","Strike_R","Strike_R","Strike_R","Strike_R","Defend_R","Defend_R","Defend_R","Defend_R","Bash","Armaments+1","Clash","Clash","Fiend Fire","Seeing Red","Dramatic Entrance"],"relics":["Burning Blood","Juzu Bracelet","Omamori","Ornamental Fan","Ice Cream"],"potions_floor_usage":[6,16,16],"damage_taken":[{"damage":2,"enemies":"Small Slimes","floor":1,"turns":5},{"damage":11,"enemies":"Cultist","floor":3,"turns":4},{"damage":1,"enemies":"2 Louse","floor":5,"turns":2},{"damage":30,"enemies":"Lagavulin","floor":6,"turns":5},{"damage":8,"enemies":"Large Slime","floor":7,"turns":5},{"damage":23,"enemies":"Gremlin Nob","floor":8,"turns":4},{"damage":91,"enemies":"Slime Boss","floor":16,"turns":17}],"seed_played":"5790295594159815124","potions_obtained":[{"floor":3,"key":"LiquidBronze"},{"floor":5,"key":"Regen Potion"},{"floor":7,"key":"Weak Potion"}],"is_trial":false,"path_per_floor":["M","$","M","?","M","E","M","E","T","$","?","R","?","$","R","B"],"character_chosen":"IRONCLAD","items_purchased":["Dramatic Entrance"],"campfire_rested":2,"item_purchase_floors":[10],"current_hp_per_floor":[92,92,87,87,92,68,66,49,49,49,16,44,44,44,72,0],"gold":30,"neow_bonus":"TWENTY_PERCENT_HP_BONUS","is_prod":false,"is_daily":false,"chose_seed":false,"campfire_upgraded":0,"win_rate":0,"timestamp":1548589062,"path_taken":["M","$","M","?","?","E","M","E","T","$","?","R","?","$","R","BOSS"],"build_version":"2019-01-23","purchased_purges":0,"victory":false,"max_hp_per_floor":[96,96,96,96,96,96,96,96,96,96,96,96,96,96,96,96],"card_choices":[{"not_picked":["True Grit","Burning Pact"],"picked":"Armaments","floor":1},{"not_picked":["Evolve","Sword Boomerang"],"picked":"Clash","floor":3},{"not_picked":["Pommel Strike","Wild Strike"],"picked":"Clash","floor":5},{"not_picked":["Sentinel","Anger"],"picked":"Fiend Fire","floor":6},{"not_picked":["Perfected Strike","Dropkick","Ghostly Armor"],"picked":"SKIP","floor":7},{"not_picked":["Ghostly Armor","Havoc"],"picked":"Seeing Red","floor":8}],"player_experience":1331956,"relics_obtained":[{"floor":6,"key":"Juzu Bracelet"},{"floor":8,"key":"Omamori"},{"floor":9,"key":"Ornamental Fan"}],"event_choices":[{"damage_healed":0,"gold_gain":0,"player_choice":"Upgraded","damage_taken":0,"max_hp_gain":0,"max_hp_loss":0,"event_name":"Upgrade Shrine","floor":4,"gold_loss":0,"cards_upgraded":["Armaments"]},{"damage_healed":0,"gold_gain":0,"player_choice":"Success","damage_taken":33,"relics_obtained":["Ice Cream"],"max_hp_gain":0,"max_hp_loss":0,"event_name":"Scrap Ooze","floor":11,"gold_loss":0},{"cards_removed":["Strike_R"],"damage_healed":0,"gold_gain":0,"player_choice":"Purged","damage_taken":0,"max_hp_gain":0,"max_hp_loss":0,"event_name":"Purifier","floor":13,"gold_loss":0}],"is_beta":false,"boss_relics":[],"items_purged_floors":[],"is_endless":false,"potions_floor_spawned":[3,5,7],"killed_by":"Slime Boss","ascension_level":10}