{"gold_per_floor":[119,219,230,74,74,104,104,129,210,224,244,263,263,291,291,364,364,383,383,383,397,220,220,220,220,220,220,237,237,237],"floor_reached":30,"playtime":1311,"items_purged":[],"score":447,"play_id":"e8d9a3b2-1400-4ff7-b54a-35c07eb1528c","local_time":"20190513225507","is_ascension_mode":true,"campfire_choices":[{"floor":7,"key":"REST"},{"floor":13,"key":"REST"},{"floor":15,"key":"REST"},{"floor":23,"key":"REST"},{"floor":27,"key":"REST"}],"neow_cost":"NONE","seed_source_timestamp":16582409303800,"circlet_count":0,"master_deck":["AscendersBane","Strike_B+1","Strike_B+1","Strike_B+1","Strike_B+1","Defend_B+1","Defend_B+1","Defend_B+1","Defend_B+1","Zap","Dualcast+1","Echo Form+1","Ball Lightning","Recycle","Leap","Glacier","Reinforced Body","Auto Shields","Creative AI","Skim+1","Gash+1","Discovery","Defragment","White Noise+1"],"relics":["Cracked Core","Anchor","War Paint","DataDisk","Dodecahedron","Shuriken","Lizard Tail","Singing Bowl","Bag of Preparation"],"potions_floor_usage":[6,8,14,14,16,30],"damage_taken":[{"damage":8,"enemies":"Small Slimes","floor":1,"turns":3},{"damage":0,"enemies":"Cultist","floor":3,"turns":3},{"damage":35,"enemies":"3 Sentries","floor":6,"turns":7},{"damage":30,"enemies":"Gremlin Nob","floor":8,"turns":4},{"damage":0,"enemies":"2 Louse","floor":10,"turns":2},{"damage":1,"enemies":"2 Fungi Beasts","floor":11,"turns":5},{"damage":1,"enemies":"Looter","floor":12,"turns":3},{"damage":0,"enemies":"Lagavulin","floor":14,"turns":8},{"damage":20,"enemies":"Hexaghost","floor":16,"turns":10},{"damage":37,"enemies":"Shell Parasite","floor":18,"turns":10},{"damage":53,"enemies":"3 Byrds","floor":21,"turns":8},{"damage":18,"enemies":"Snake Plant","floor":28,"turns":5},{"damage":68,"enemies":"Gremlin Leader","floor":30,"turns":10}],"seed_played":"-2002433089804848047","potions_obtained":[{"floor":1,"key":"Regen Potion"},{"floor":3,"key":"Poison Potion"},{"floor":10,"key":"PowerPotion"},{"floor":11,"key":"Weak Potion"},{"floor":14,"key":"LiquidBronze"},{"floor":21,"key":"Block Potion"},{"floor":28,"key":"GamblersBrew"}],"is_trial":false,"path_per_floor":["M","?","M","$","?","E","R","E","T","M","M","M","R","E","R","B",null,"M","?","?","M","$","R","?","?","T","R","M","T","E"],"character_chosen":"DEFECT","items_purchased":["Anchor","Discovery","Defragment"],"campfire_rested":5,"item_purchase_floors":[4,22,22],"current_hp_per_floor":[60,60,60,60,45,25,47,17,17,17,16,15,37,37,59,39,66,29,29,29,13,13,35,21,47,47,71,53,53,0],"gold":237,"neow_bonus":"ONE_RANDOM_RARE_CARD","is_prod":false,"is_daily":false,"chose_seed":false,"campfire_upgraded":0,"win_rate":0,"timestamp":1557780907,"path_taken":["M","?","?","$","?","E","R","E","T","M","M","M","R","E","R","BOSS","M","?","?","M","$","R","?","?","T","R","M","?","E"],"build_version":"2019-01-23","purchased_purges":0,"victory":false,"max_hp_per_floor":[75,75,75,75,75,75,75,75,75,75,75,75,75,75,75,75,75,75,75,75,75,75,75,80,80,80,80,80,80,80],"card_choices":[{"not_picked":["Steam Power","Beam Cell"],"picked":"Ball Lightning","floor":1},{"not_picked":["FTL","Doom and Gloom","Go for the Eyes"],"picked":"SKIP","floor":3},{"not_picked":["Beam Cell","Scrape"],"picked":"Recycle","floor":6},{"not_picked":["Coolheaded","Stack"],"picked":"Leap","floor":8},{"not_picked":["Compile Driver","Scrape"],"picked":"Glacier","floor":10},{"not_picked":["Leap","Steam","Beam Cell"],"picked":"SKIP","floor":11},{"not_picked":["Beam Cell","FTL"],"picked":"Reinforced Body","floor":12},{"not_picked":["Consume","Aggregate"],"picked":"Auto Shields","floor":14},{"not_picked":["Seek","Reboot"],"picked":"Creative AI","floor":16},{"not_picked":["Blizzard","Redo"],"picked":"Skim+1","floor":18},{"not_picked":["Doom and Gloom+1","Coolheaded"],"picked":"Gash+1","floor":21},{"not_picked":["Rip and Tear","Undo+1"],"picked":"White Noise+1","floor":28}],"player_experience":1854633,"relics_obtained":[{"floor":6,"key":"War Paint"},{"floor":8,"key":"DataDisk"},{"floor":9,"key":"Dodecahedron"},{"floor":14,"key":"Shuriken"},{"floor":26,"key":"Singing Bowl"},{"floor":29,"key":"Bag of Preparation"}],"event_choices":[{"damage_healed":0,"gold_gain":100,"player_choice":"Gold","damage_taken":0,"max_hp_gain":0,"max_hp_loss":0,"event_name":"Wheel of Change","floor":2,"gold_loss":0},{"damage_healed":0,"gold_gain":0,"player_choice":"Entered Light","damage_taken":15,"max_hp_gain":0,"max_hp_loss":0,"event_name":"Shining Light","floor":5,"gold_loss":0,"cards_upgraded":["Echo Form","Strike_B"]},{"damage_healed":0,"gold_gain":0,"player_choice":"Simplicity","damage_taken":0,"max_hp_gain":0,"max_hp_loss":0,"event_name":"Back to Basics","floor":19,"gold_loss":0,"cards_upgraded":["Strike_B","Strike_B","Strike_B","Defend_B","Defend_B","Defend_B"]},{"damage_healed":0,"gold_gain":0,"player_choice":"Ignored","damage_taken":0,"max_hp_gain":0,"max_hp_loss":0,"event_name":"Beggar","floor":20,"gold_loss":0},{"damage_healed":0,"gold_gain":0,"player_choice":"Shed Blood","damage_taken":19,"max_hp_gain":5,"max_hp_loss":0,"event_name":"Forgotten Altar","floor":24,"gold_loss":0},{"damage_healed":26,"gold_gain":0,"player_choice":"Heal","damage_taken":0,"max_hp_gain":0,"max_hp_loss":0,"event_name":"The Library","floor":25,"gold_loss":0}],"is_beta":false,"boss_relics":[{"not_picked":["Sozu","White Beast Statue"],"picked":"Lizard Tail"}],"items_purged_floors":[],"is_endless":false,"potions_floor_spawned":[1,3,10,11,14,21,28],"killed_by":"Gremlin Leader","ascension_level":13}