{"gold_per_floor":[112,122,140,31,50,50,62,75,144,160,160,160,170,2,2,77,77,91,91,108,128,128,128],"floor_reached":23,"playtime":1537,"items_purged":[],"score":405,"play_id":"5ddf9b8c-cb0e-442b-9c80-983733108098","local_time":"20190513095128","is_ascension_mode":true,"campfire_choices":[{"data":"Well Laid Plans","floor":6,"key":"SMITH"},{"data":"Cloak And Dagger","floor":12,"key":"SMITH"},{"floor":15,"key":"REST"}],"neow_cost":"NONE","seed_source_timestamp":10279582605890,"circlet_count":0,"master_deck":["AscendersBane","Defend_G","Defend_G","Defend_G","Defend_G","Defend_G","Strike_G","Strike_G","Strike_G","Strike_G","Strike_G","Survivor","Neutralize","PiercingWail","Predator","Backflip","Well Laid Plans+1","Quick Slash","Dash","Dagger Spray","Leg Sweep","Cloak And Dagger+1","A Thousand Cuts","Noxious Fumes","Terror","Adrenaline","PiercingWail","Predator","Dagger Spray","Cloak And Dagger","Malaise","Leg Sweep","Cloak And Dagger+1","Cloak And Dagger","Burst"],"relics":["Ring of the Snake","Shuriken","Orrery"],"potions_floor_usage":[7,13,16,16,21],"damage_taken":[{"damage":5,"enemies":"2 Louse","floor":1,"turns":4},{"damage":6,"enemies":"Cultist","floor":2,"turns":4},{"damage":7,"enemies":"Small Slimes","floor":3,"turns":5},{"damage":8,"enemies":"Blue Slaver","floor":5,"turns":4},{"damage":2,"enemies":"Lots of Slimes","floor":7,"turns":5},{"damage":15,"enemies":"Exordium Thugs","floor":8,"turns":7},{"damage":0,"enemies":"Large Slime","floor":10,"turns":5},{"damage":0,"enemies":"Lots of Slimes","floor":13,"turns":4},{"damage":22,"enemies":"The Guardian","floor":16,"turns":11},{"damage":19,"enemies":"Spheric Guardian","floor":18,"turns":7},{"damage":0,"enemies":"3 Byrds","floor":20,"turns":3},{"damage":19,"enemies":"Sentry and Sphere","floor":21,"turns":11},{"damage":35,"enemies":"Slavers","floor":23,"turns":3}],"seed_played":"-2920213966817286474","potions_obtained":[{"floor":3,"key":"Dexterity Potion"},{"floor":5,"key":"LiquidBronze"},{"floor":10,"key":"Fire Potion"},{"floor":13,"key":"Block Potion"},{"floor":20,"key":"SkillPotion"}],"is_trial":false,"path_per_floor":["M","M","M","$","M","R","M","M","T","M","?","R","M","$","R","B",null,"M","?","M","M","?","E"],"character_chosen":"THE_SILENT","items_purchased":["Well Laid Plans","Quick Slash","Noxious Fumes","Terror"],"campfire_rested":1,"item_purchase_floors":[4,4,14,14],"current_hp_per_floor":[60,54,47,47,39,39,37,22,22,22,18,18,18,18,39,17,58,39,39,39,20,20,0],"gold":128,"neow_bonus":"TEN_PERCENT_HP_BONUS","is_prod":false,"is_daily":false,"chose_seed":false,"campfire_upgraded":2,"win_rate":0,"timestamp":1557766288,"path_taken":["M","M","M","$","M","R","M","M","T","M","?","R","M","$","R","BOSS","M","?","M","?","?","E"],"build_version":"2019-01-23","purchased_purges":0,"victory":false,"max_hp_per_floor":[72,72,72,72,72,72,72,72,72,72,72,72,72,72,72,72,72,72,72,72,72,72,72],"card_choices":[{"not_picked":["Endless Agony","Quick Slash"],"picked":"PiercingWail","floor":1},{"not_picked":["Dodge and Roll","Blur"],"picked":"Predator","floor":2},{"not_picked":["Dodge and Roll","Tactician"],"picked":"Backflip","floor":3},{"not_picked":["Flying Knee","Dodge and Roll"],"picked":"Dash","floor":5},{"not_picked":["Heel Hook","Flying Knee"],"picked":"Dagger Spray","floor":7},{"not_picked":["Blade Dance","Deadly Poison"],"picked":"Leg Sweep","floor":8},{"not_picked":["All Out Attack","Deflect"],"picked":"Cloak And Dagger","floor":10},{"not_picked":["Skewer","Poisoned Stab"],"picked":"A Thousand Cuts","floor":13},{"not_picked":["Bullet Time","Die Die Die"],"picked":"Adrenaline","floor":16},{"not_picked":["Bane","Deflect"],"picked":"PiercingWail","floor":17},{"not_picked":["Deflect","Bane"],"picked":"Predator","floor":17},{"not_picked":["Prepared","Underhanded Strike"],"picked":"Dagger Spray","floor":17},{"not_picked":["Quick Slash","Backflip"],"picked":"Cloak And Dagger","floor":17},{"not_picked":["Terror","Slice"],"picked":"Malaise","floor":17},{"not_picked":["Sucker Punch","Dodge and Roll"],"picked":"Leg Sweep","floor":18},{"not_picked":["Blade Dance","Outmaneuver"],"picked":"Cloak And Dagger","floor":20},{"not_picked":["Cloak And Dagger","PiercingWail"],"picked":"Burst","floor":21}],"player_experience":1696152,"relics_obtained":[{"floor":9,"key":"Shuriken"}],"event_choices":[{"damage_healed":0,"gold_gain":0,"player_choice":"Bought 0 Potions","damage_taken":0,"max_hp_gain":0,"max_hp_loss":0,"event_name":"The Woman in Blue","floor":11,"gold_loss":0},{"damage_healed":0,"gold_gain":0,"player_choice":"Copied","damage_taken":0,"max_hp_gain":0,"max_hp_loss":0,"event_name":"Duplicator","floor":19,"gold_loss":0,"cards_obtained":["Cloak And Dagger"]},{"damage_healed":0,"gold_gain":0,"player_choice":"Ignored","damage_taken":0,"max_hp_gain":0,"max_hp_loss":0,"event_name":"Beggar","floor":22,"gold_loss":0}],"is_beta":false,"boss_relics":[{"not_picked":["Ring of the Serpent","Busted Crown"],"picked":"Orrery"}],"items_purged_floors":[],"is_endless":false,"potions_floor_spawned":[3,5,10,13,20],"killed_by":"Slavers","ascension_level":18}