{"gold_per_floor":[16,33,308,320,40,75,75,94,166,181,196,214,247,257,257,354,354,341,41,51,150,150,177,187,197,277,310,336,336,336,354,354,450,500,516,516,527,540,199,199,232,232,232,248,248,263,263,280,280,280],"floor_reached":51,"playtime":9743,"items_purged":["Regret","Defend_B","Strike_B"],"score":758,"play_id":"70d403ea-ee4d-47c0-a1b9-88d766ff1fb8","local_time":"20190501225945","is_ascension_mode":false,"campfire_choices":[{"floor":7.0,"key":"REST"},{"floor":15.0,"key":"REST"},{"floor":30.0,"key":"REST"},{"floor":32.0,"key":"REST"},{"data":"Machine Learning","floor":40.0,"key":"SMITH"},{"floor":45.0,"key":"REST"},{"floor":49,"key":"REST"}],"neow_cost":"NO_GOLD","seed_source_timestamp":0,"circlet_count":0,"master_deck":["Strike_B","Defend_B","Defend_B","Go for the Eyes","Gash","Ball Lightning","Steam","Hello World","Steam+1","Glacier","Loop","Coolheaded","Coolheaded","Reinforced Body","Coolheaded","Buffer","Redo+1","Stack","White Noise","Ball Lightning","Rebound+1","Cold Snap+1","Undo+1","Coolheaded+1","Defragment","Skim","Decay","Rebound+1","Creative AI","White Noise+1","Skim+1","Go for the Eyes+1","Machine Learning+1","Skim+1","Chill","Violence+1","Coolheaded+1","Deep Breath+1","Stack+1","Stack+1","Echo Form","Hologram+1","Reinforced Body+1","Madness+1","Turbo+1","Gash+1"],"special_seed":0,"relics":["Cracked Core","ClockworkSouvenir","Prayer Wheel","Dodecahedron","Pen Nib","Nuclear Battery","Membership Card","Bottled Lightning","Matryoshka","Unceasing Top","Blood Vial","Bag of Preparation","Tiny House","Toxic Egg 2","Molten Egg 2","Anchor","Happy Flower"],"potions_floor_usage":[50],"damage_taken":[{"damage":2.0,"enemies":"Jaw Worm","floor":1.0,"turns":6.0},{"damage":0.0,"enemies":"Cultist","floor":2.0,"turns":3.0},{"damage":1.0,"enemies":"2 Louse","floor":4.0,"turns":3.0},{"damage":44.0,"enemies":"3 Sentries","floor":6.0,"turns":9.0},{"damage":6.0,"enemies":"Exordium Wildlife","floor":8.0,"turns":4.0},{"damage":12.0,"enemies":"Exordium Thugs","floor":10.0,"turns":5.0},{"damage":0.0,"enemies":"Large Slime","floor":11.0,"turns":6.0},{"damage":0.0,"enemies":"2 Fungi Beasts","floor":12.0,"turns":4.0},{"damage":3.0,"enemies":"Gremlin Nob","floor":13.0,"turns":5.0},{"damage":3.0,"enemies":"Lots of Slimes","floor":14.0,"turns":3.0},{"damage":8.0,"enemies":"Hexaghost","floor":16.0,"turns":13.0},{"damage":1.0,"enemies":"2 Thieves","floor":18.0,"turns":4.0},{"damage":0.0,"enemies":"Chosen","floor":20.0,"turns":7.0},{"damage":16.0,"enemies":"Book of Stabbing","floor":23.0,"turns":8.0},{"damage":0.0,"enemies":"Snake Plant","floor":24.0,"turns":8.0},{"damage":0.0,"enemies":"Snecko","floor":25.0,"turns":6.0},{"damage":36.0,"enemies":"Slavers","floor":27.0,"turns":6.0},{"damage":0.0,"enemies":"3 Cultists","floor":31.0,"turns":7.0},{"damage":64.0,"enemies":"Collector","floor":33.0,"turns":17.0},{"damage":7.0,"enemies":"3 Darklings","floor":35.0,"turns":10.0},{"damage":0.0,"enemies":"3 Shapes","floor":37.0,"turns":5.0},{"damage":8.0,"enemies":"Sphere and 2 Shapes","floor":38.0,"turns":8.0},{"damage":60.0,"enemies":"Giant Head","floor":41.0,"turns":14.0},{"damage":0.0,"enemies":"Transient","floor":44.0,"turns":5.0},{"damage":4.0,"enemies":"Jaw Worm Horde","floor":46.0,"turns":7.0},{"damage":0.0,"enemies":"Spire Growth","floor":48.0,"turns":8.0},{"damage":42,"enemies":"Time Eater","floor":50,"turns":12}],"seed_played":"4722365828651210268","potions_obtained":[{"floor":1.0,"key":"Ancient Potion"},{"floor":8.0,"key":"LiquidBronze"},{"floor":10.0,"key":"SpeedPotion"},{"floor":13.0,"key":"Explosive Potion"},{"floor":16.0,"key":"Dexterity Potion"},{"floor":24.0,"key":"SpeedPotion"},{"floor":27.0,"key":"SteroidPotion"},{"floor":34.0,"key":"Explosive Potion"},{"floor":38.0,"key":"GamblersBrew"},{"floor":41.0,"key":"FairyPotion"},{"floor":46.0,"key":"FocusPotion"}],"is_trial":false,"path_per_floor":["M","M","?","M","$","E","R","M","T","M","M","M","E","M","R","B",null,"M","$","M","?","?","E","M","M","T","E","T","?","R","M","R","B",null,"M","?","M","M","$","R","E","?","T","M","R","M","?","M","R","B",null],"character_chosen":"DEFECT","items_purchased":["ClockworkSouvenir","Membership Card","White Noise","Toxic Egg 2","Violence+1","Coolheaded+1","Deep Breath+1"],"campfire_rested":6,"item_purchase_floors":[5,19,19,39,39,39,39],"current_hp_per_floor":[73,73,73,72,72,28,50,44,44,32,32,32,29,26,48,40,75,74,74,74,74,74,58,58,58,58,22,22,22,44,46,68,6,80,73,73,75,69,69,69,11,11,11,13,37,35,35,37,61,21],"gold":280,"neow_bonus":"REMOVE_TWO","is_prod":false,"is_daily":false,"chose_seed":false,"campfire_upgraded":1,"win_rate":0.0,"timestamp":1556744385,"path_taken":["M","M","?","M","$","E","R","M","T","M","M","M","E","?","R","BOSS","M","$","M","?","?","E","M","?","T","E","?","?","R","M","R","BOSS","M","?","M","M","?","R","E","?","T","M","R","M","?","?","R","BOSS"],"build_version":"2019-01-23","purchased_purges":3,"victory":true,"max_hp_per_floor":[75,75,75,75,75,75,75,75,75,75,75,75,75,75,75,75,75,75,75,75,75,75,75,75,75,75,75,75,75,75,75,75,75,80,80,80,80,80,80,80,80,80,80,80,80,80,80,80,80,80],"card_choices":[{"not_picked":["Blizzard","Rebound"],"picked":"Go for the Eyes","floor":1.0},{"not_picked":["Force Field","Turbo"],"picked":"Gash","floor":2.0},{"not_picked":["Turbo","Double Energy","Force Field"],"picked":"SKIP","floor":4.0},{"not_picked":["Aggregate","Turbo"],"picked":"Ball Lightning","floor":6.0},{"not_picked":["Streamline","Amplify"],"picked":"Steam","floor":8.0},{"not_picked":["Compile Driver","Go for the Eyes"],"picked":"Hello World","floor":8.0},{"not_picked":["Hologram","Barrage"],"picked":"Steam","floor":10.0},{"not_picked":["Skim","Cold Snap"],"picked":"Glacier","floor":10.0},{"not_picked":["Doom and Gloom","Beam Cell"],"picked":"Loop","floor":11.0},{"not_picked":["Fusion","Reinforced Body"],"picked":"Coolheaded","floor":11.0},{"not_picked":["Ball Lightning","Scrape"],"picked":"Coolheaded","floor":12.0},{"not_picked":["Force Field","Sweeping Beam"],"picked":"Reinforced Body","floor":12.0},{"not_picked":["Steam","Rip and Tear","Go for the Eyes"],"picked":"SKIP","floor":13.0},{"not_picked":["Conserve Battery","Reinforced Body"],"picked":"Coolheaded","floor":14.0},{"not_picked":["Steam","Double Energy","Force Field"],"picked":"SKIP","floor":14.0},{"not_picked":["Multi-Cast","Biased Cognition"],"picked":"Buffer","floor":16.0},{"not_picked":["Gash","Conserve Battery"],"picked":"Redo+1","floor":18.0},{"not_picked":["Multi-Cast","Heatsinks"],"picked":"Stack","floor":18.0},{"not_picked":["Turbo","Compile Driver"],"picked":"Ball Lightning","floor":20.0},{"not_picked":["Hologram","Ball Lightning","Barrage"],"picked":"SKIP","floor":20.0},{"not_picked":["Darkness","Thunder Strike"],"picked":"Rebound+1","floor":23.0},{"not_picked":["Rebound+1","Melter+1"],"picked":"Cold Snap+1","floor":24.0},{"not_picked":["Double Energy","Redo"],"picked":"Undo+1","floor":24.0},{"not_picked":["Conserve Battery","Aggregate"],"picked":"Coolheaded+1","floor":25.0},{"not_picked":["Ball Lightning","Glacier"],"picked":"Defragment","floor":25.0},{"not_picked":["Ball Lightning","Leap+1"],"picked":"Skim","floor":27.0},{"not_picked":["Lockon+1","Tempest"],"picked":"Rebound+1","floor":31.0},{"not_picked":["Sweeping Beam+1","Ball Lightning","Scrape"],"picked":"SKIP","floor":31.0},{"not_picked":["Biased Cognition","Reboot"],"picked":"Creative AI","floor":33.0},{"not_picked":["Undo+1","Aggregate+1"],"picked":"White Noise+1","floor":34.0},{"not_picked":["Compile Driver","Force Field+1"],"picked":"Skim+1","floor":35.0},{"not_picked":["Redo+1","Storm+1"],"picked":"Go for the Eyes+1","floor":35.0},{"not_picked":["Heatsinks","Redo+1"],"picked":"Skim+1","floor":37.0},{"not_picked":["Steam","Beam Cell","Amplify"],"picked":"SKIP","floor":37.0},{"not_picked":["Sweeping Beam","Turbo"],"picked":"Chill","floor":38.0},{"not_picked":["Steam Power+1","Rebound","Heatsinks+1"],"picked":"SKIP","floor":38.0},{"not_picked":["Darkness+1","Go for the Eyes"],"picked":"Stack+1","floor":41.0},{"not_picked":["Go for the Eyes+1","Loop"],"picked":"Stack+1","floor":44.0},{"not_picked":["Lockon+1","Cold Snap+1"],"picked":"Echo Form","floor":44.0},{"not_picked":["Go for the Eyes+1","Conserve Battery+1"],"picked":"Hologram+1","floor":46.0},{"not_picked":["Redo+1","Darkness+1"],"picked":"Reinforced Body+1","floor":46.0},{"not_picked":["Sweeping Beam+1","Capacitor"],"picked":"Turbo+1","floor":48.0},{"not_picked":["Auto Shields+1","Static Discharge+1"],"picked":"Gash+1","floor":48.0}],"player_experience":36175,"relics_obtained":[{"floor":6.0,"key":"Prayer Wheel"},{"floor":9.0,"key":"Dodecahedron"},{"floor":13.0,"key":"Pen Nib"},{"floor":23.0,"key":"Bottled Lightning"},{"floor":26.0,"key":"Matryoshka"},{"floor":27.0,"key":"Unceasing Top"},{"floor":28.0,"key":"Blood Vial"},{"floor":28.0,"key":"Bag of Preparation"},{"floor":41.0,"key":"Molten Egg 2"},{"floor":43.0,"key":"Anchor"},{"floor":43.0,"key":"Happy Flower"}],"event_choices":[{"damage_healed":0.0,"max_hp_gain":0.0,"max_hp_loss":0.0,"gold_gain":275.0,"event_name":"Golden Shrine","player_choice":"Desecrate","floor":3.0,"gold_loss":0.0,"damage_taken":0.0,"cards_obtained":["Regret"]},{"damage_healed":0.0,"max_hp_gain":0.0,"max_hp_loss":0.0,"gold_gain":99.0,"event_name":"Nest","player_choice":"Stole From Cult","floor":21.0,"gold_loss":0.0,"damage_taken":0.0},{"cards_removed":["Defend_B"],"damage_healed":0.0,"max_hp_gain":0.0,"max_hp_loss":0.0,"gold_gain":0.0,"event_name":"Back to Basics","player_choice":"Elegance","floor":22.0,"gold_loss":0.0,"damage_taken":0.0},{"damage_healed":0.0,"max_hp_gain":0.0,"max_hp_loss":0.0,"gold_gain":0.0,"event_name":"Forgotten Altar","player_choice":"Smashed Altar","floor":29.0,"gold_loss":0.0,"damage_taken":0.0,"cards_obtained":["Decay"]},{"damage_healed":0.0,"max_hp_gain":0.0,"max_hp_loss":0.0,"gold_gain":0.0,"cards_transformed":["Strike_B"],"event_name":"Transmorgrifier","player_choice":"Transformed","floor":36.0,"gold_loss":0.0,"damage_taken":0.0,"cards_obtained":["Machine Learning"]},{"cards_removed":["Strike_B"],"damage_healed":0.0,"max_hp_gain":0.0,"max_hp_loss":0.0,"gold_gain":0.0,"event_name":"Falling","player_choice":"Removed Attack","floor":42.0,"gold_loss":0.0,"damage_taken":0.0},{"damage_healed":0.0,"max_hp_gain":0.0,"max_hp_loss":0.0,"gold_gain":0.0,"event_name":"Match and Keep!","player_choice":"1 cards matched","floor":47.0,"gold_loss":0.0,"damage_taken":0.0,"cards_obtained":["Madness"]}],"is_beta":false,"boss_relics":[{"not_picked":["Busted Crown","White Beast Statue"],"picked":"Nuclear Battery"},{"not_picked":["Coffee Dripper","Inserter"],"picked":"Tiny House"}],"items_purged_floors":[5,19,39],"is_endless":false,"potions_floor_spawned":[1,8,10,13,16,24,27,38,41,46],"ascension_level":0}