{"gold_per_floor":[110,73,148,167,99,131,131,141,141,161,196,212,225,255,255,355,355,366,366,393,379,390,390,423,442,442,197,197],"floor_reached":28,"playtime":1405,"items_purged":[],"score":314,"play_id":"200d5f14-4083-4f3f-a2ac-53b93be10e83","local_time":"20181128180654","is_ascension_mode":true,"campfire_choices":[{"data":"Noxious Fumes","floor":7.0,"key":"SMITH"},{"floor":15.0,"key":"REST"},{"floor":23,"key":"REST"}],"neow_cost":"NONE","seed_source_timestamp":494033715082031,"circlet_count":0,"master_deck":["Defend_G","Defend_G","Defend_G","Defend_G+1","Defend_G","Strike_G","Strike_G","Strike_G","Strike_G","Strike_G","Survivor","Neutralize","Noxious Fumes+1","Burst","Bouncing Flask","Caltrops","Bouncing Flask","Dagger Spray","Blur+1","Deadly Poison","Adrenaline","Bouncing Flask","Malaise","Bouncing Flask"],"special_seed":0,"relics":["Ring of the Snake","NeowsBlessing","Mummified Hand","Kunai","PreservedInsect","Odd Mushroom","Black Star","Red Mask","War Paint","Bag of Preparation","Ornamental Fan","MealTicket"],"potions_floor_usage":[22,24,24,25],"damage_taken":[{"damage":0.0,"enemies":"Cultist","floor":1.0,"turns":1.0},{"damage":0.0,"enemies":"2 Louse","floor":4.0,"turns":1.0},{"damage":0.0,"enemies":"Gremlin Nob","floor":6.0,"turns":1.0},{"damage":0.0,"enemies":"Jaw Worm","floor":8.0,"turns":5.0},{"damage":6.0,"enemies":"Large Slime","floor":10.0,"turns":5.0},{"damage":7.0,"enemies":"Lagavulin","floor":11.0,"turns":5.0},{"damage":0.0,"enemies":"Blue Slaver","floor":12.0,"turns":4.0},{"damage":10.0,"enemies":"Exordium Wildlife","floor":13.0,"turns":4.0},{"damage":16.0,"enemies":"The Mushroom Lair","floor":14.0,"turns":4.0},{"damage":14.0,"enemies":"Hexaghost","floor":16.0,"turns":7.0},{"damage":0.0,"enemies":"3 Byrds","floor":18.0,"turns":4.0},{"damage":57.0,"enemies":"Masked Bandits","floor":20.0,"turns":5.0},{"damage":9.0,"enemies":"2 Thieves","floor":21.0,"turns":5.0},{"damage":1,"enemies":"Centurion and Healer","floor":22,"turns":6},{"damage":17,"enemies":"Gremlin Leader","floor":24,"turns":6},{"damage":4,"enemies":"Snecko","floor":25,"turns":5},{"damage":3,"enemies":"3 Cultists","floor":28,"turns":2}],"seed_played":"-2451379235949036580","potions_obtained":[{"floor":6.0,"key":"GhostInAJar"},{"floor":10.0,"key":"FearPotion"},{"floor":11.0,"key":"Energy Potion"},{"floor":22,"key":"Explosive Potion"},{"floor":24,"key":"GhostInAJar"}],"is_trial":false,"path_per_floor":["M","$","?","M","$","E","R","M","T","M","E","M","M","?","R","B",null,"M","?","?","M","M","R","E","M","T","$","M"],"character_chosen":"THE_SILENT","items_purchased":["Noxious Fumes","Burst","MealTicket","Bouncing Flask"],"campfire_rested":2,"item_purchase_floors":[2,5,27,27],"current_hp_per_floor":[70,70,59,59,59,59,59,59,59,53,46,46,36,20,41,27,70,70,70,13,4,3,24,7,3,3,3,0],"gold":197,"neow_bonus":"THREE_ENEMY_KILL","is_prod":false,"is_daily":false,"chose_seed":false,"campfire_upgraded":1,"win_rate":0,"timestamp":1543396014,"path_taken":["M","?","?","?","$","E","R","M","T","M","E","M","M","?","R","BOSS","M","?","?","M","M","R","E","M","T","?","M"],"build_version":"2018-11-15","purchased_purges":0,"victory":false,"max_hp_per_floor":[70,70,70,70,70,70,70,70,70,70,70,70,70,70,70,70,70,70,70,70,70,70,70,70,70,70,70,70],"card_choices":[{"not_picked":["PiercingWail","Bane","Backflip"],"picked":"SKIP","floor":1.0},{"not_picked":["Backflip","Deflect","Quick Slash"],"picked":"SKIP","floor":4.0},{"not_picked":["Cloak And Dagger","All Out Attack"],"picked":"Bouncing Flask","floor":6.0},{"not_picked":["Backstab","Quick Slash","Deflect"],"picked":"SKIP","floor":8.0},{"not_picked":["Deflect","Accuracy"],"picked":"Caltrops","floor":10.0},{"not_picked":["Tactician","Backflip"],"picked":"Bouncing Flask","floor":11.0},{"not_picked":["Underhanded Strike","PiercingWail"],"picked":"Dagger Spray","floor":12.0},{"not_picked":["Acrobatics","Eviscerate"],"picked":"Blur","floor":13.0},{"not_picked":["Calculated Gamble","Flying Knee"],"picked":"Deadly Poison","floor":14.0},{"not_picked":["Die Die Die","Bullet Time"],"picked":"Adrenaline","floor":16.0},{"not_picked":["Dodge and Roll","Slice","Blade Dance"],"picked":"SKIP","floor":18.0},{"not_picked":["Dodge and Roll","Choke"],"picked":"Malaise","floor":21.0},{"not_picked":["Calculated Gamble","Underhanded Strike","Poisoned Stab"],"picked":"SKIP","floor":22},{"not_picked":["Underhanded Strike+1","Distraction+1","Sucker Punch+1"],"picked":"SKIP","floor":24},{"not_picked":["Infinite Blades+1","Sucker Punch","Flying Knee"],"picked":"SKIP","floor":25}],"player_experience":145689,"relics_obtained":[{"floor":6.0,"key":"Mummified Hand"},{"floor":9.0,"key":"Kunai"},{"floor":11.0,"key":"PreservedInsect"},{"floor":14.0,"key":"Odd Mushroom"},{"floor":20.0,"key":"Red Mask"},{"floor":24,"key":"War Paint"},{"floor":24,"key":"Bag of Preparation"},{"floor":26,"key":"Ornamental Fan"}],"event_choices":[{"damage_healed":0.0,"max_hp_gain":0.0,"max_hp_loss":0.0,"gold_gain":75.0,"event_name":"World of Goop","player_choice":"Gather Gold","floor":3.0,"gold_loss":0.0,"damage_taken":11.0},{"damage_healed":0.0,"max_hp_gain":0.0,"max_hp_loss":0.0,"gold_gain":0.0,"event_name":"Mushrooms","player_choice":"Fought Mushrooms","floor":14.0,"gold_loss":0.0,"damage_taken":0.0},{"damage_healed":0.0,"max_hp_gain":0.0,"max_hp_loss":0.0,"gold_gain":0.0,"event_name":"The Library","player_choice":"Read","floor":19.0,"gold_loss":0.0,"damage_taken":0.0,"cards_obtained":["Bouncing Flask"]},{"damage_healed":0.0,"max_hp_gain":0.0,"max_hp_loss":0.0,"gold_gain":0.0,"event_name":"Masked Bandits","player_choice":"Fought Bandits","floor":20.0,"gold_loss":0.0,"damage_taken":0.0}],"is_beta":false,"boss_relics":[{"not_picked":["Runic Pyramid","Ectoplasm"],"picked":"Black Star"}],"items_purged_floors":[],"is_endless":false,"potions_floor_spawned":[6,10,11,14,22,24],"killed_by":"3 Cultists","ascension_level":1}