{"gold_per_floor":[118,131,147,166,0,0,34,34,34,59,69,85,85,100,100,203,203,215,227,241,49,49,49,77,96,96,96,108,108,135,153,153,257,257,268,316,316,326,338,373,373,385,435,468,468,494,148,168,168,168],"floor_reached":51,"playtime":3385,"items_purged":["Self Repair"],"score":1019,"play_id":"65903b48-609c-41e2-abc6-f95243c682c3","local_time":"20190514221037","is_ascension_mode":true,"campfire_choices":[{"data":"Chill","floor":6.0,"key":"SMITH"},{"data":"Sunder","floor":13.0,"key":"SMITH"},{"data":"Barrage","floor":15.0,"key":"SMITH"},{"data":"Consume","floor":23.0,"key":"SMITH"},{"floor":29.0,"key":"REST"},{"data":"Defragment","floor":32.0,"key":"SMITH"},{"floor":41.0,"key":"REST"},{"floor":45,"key":"REST"},{"floor":49,"key":"REST"}],"neow_cost":"NONE","seed_source_timestamp":549792429565395,"circlet_count":0,"master_deck":["Strike_B","Strike_B","Strike_B","Defend_B","Defend_B","Defend_B","Defend_B","Zap","Dualcast","FTL+1","BootSequence","Chill+1","Cold Snap","Barrage+1","Barrage+1","Sunder+1","Redo","Echo Form","Turbo+1","Consume+1","Chill","Defragment+1","Reboot","Hologram+1","Go for the Eyes+1","Sunder","Beam Cell+1","Ball Lightning","Cold Snap+1","Skim+1"],"special_seed":0,"relics":["Cracked Core","Dodecahedron","Matryoshka","Mango","Black Star","PreservedInsect","MutagenicStrength","Whetstone","Letter Opener","Pear","Bronze Scales","Vajra","Orichalcum","Orrery","Ginger","Pantograph","Bird Faced Urn","Omamori","Pen Nib","Molten Egg 2","Potion Belt","The Courier","Bag of Preparation","Runic Capacitor","Bag of Marbles"],"potions_floor_usage":[44,50],"damage_taken":[{"damage":0.0,"enemies":"Small Slimes","floor":1.0,"turns":3.0},{"damage":2.0,"enemies":"Jaw Worm","floor":2.0,"turns":3.0},{"damage":1.0,"enemies":"Cultist","floor":3.0,"turns":3.0},{"damage":11.0,"enemies":"3 Louse","floor":4.0,"turns":3.0},{"damage":5.0,"enemies":"3 Sentries","floor":7.0,"turns":11.0},{"damage":0.0,"enemies":"Gremlin Nob","floor":10.0,"turns":2.0},{"damage":6.0,"enemies":"Large Slime","floor":11.0,"turns":5.0},{"damage":6.0,"enemies":"Blue Slaver","floor":12.0,"turns":3.0},{"damage":0.0,"enemies":"3 Louse","floor":14.0,"turns":2.0},{"damage":35.0,"enemies":"The Guardian","floor":16.0,"turns":10.0},{"damage":0.0,"enemies":"3 Byrds","floor":18.0,"turns":4.0},{"damage":10.0,"enemies":"2 Thieves","floor":19.0,"turns":3.0},{"damage":17.0,"enemies":"Snake Plant","floor":20.0,"turns":4.0},{"damage":30.0,"enemies":"Book of Stabbing","floor":24.0,"turns":4.0},{"damage":14.0,"enemies":"Cultist and Chosen","floor":25.0,"turns":7.0},{"damage":3.0,"enemies":"Colosseum Slavers","floor":27.0,"turns":2.0},{"damage":10.0,"enemies":"Centurion and Healer","floor":28.0,"turns":5.0},{"damage":9.0,"enemies":"Slavers","floor":30.0,"turns":4.0},{"damage":5.0,"enemies":"Snecko","floor":31.0,"turns":4.0},{"damage":37.0,"enemies":"Champ","floor":33.0,"turns":10.0},{"damage":0.0,"enemies":"3 Darklings","floor":35.0,"turns":4.0},{"damage":21.0,"enemies":"2 Orb Walkers","floor":36.0,"turns":5.0},{"damage":0.0,"enemies":"Orb Walker","floor":38.0,"turns":3.0},{"damage":15.0,"enemies":"3 Darklings","floor":39.0,"turns":7.0},{"damage":58.0,"enemies":"Nemesis","floor":40.0,"turns":6.0},{"damage":15.0,"enemies":"Sphere and 2 Shapes","floor":42.0,"turns":4.0},{"damage":41,"enemies":"Reptomancer","floor":44,"turns":5},{"damage":17,"enemies":"Giant Head","floor":46,"turns":8},{"damage":0,"enemies":"Jaw Worm Horde","floor":48,"turns":4},{"damage":12,"enemies":"Donu and Deca","floor":50,"turns":9}],"seed_played":"-4883879781263842490","potions_obtained":[{"floor":2.0,"key":"FearPotion"},{"floor":7.0,"key":"Explosive Potion"},{"floor":12.0,"key":"Swift Potion"},{"floor":14.0,"key":"EssenceOfSteel"},{"floor":16.0,"key":"Fire Potion"},{"floor":20.0,"key":"Strength Potion"},{"floor":30.0,"key":"Energy Potion"},{"floor":31.0,"key":"Poison Potion"},{"floor":33.0,"key":"SteroidPotion"},{"floor":35.0,"key":"Fruit Juice"},{"floor":38.0,"key":"SkillPotion"},{"floor":44,"key":"SteroidPotion"},{"floor":48,"key":"AttackPotion"}],"is_trial":false,"path_per_floor":["M","M","M","M","$","R","E","$","T","E","M","M","R","M","R","B",null,"M","M","M","$","?","R","E","M","T","?","M","R","E","M","R","B",null,"M","?","?","M","M","E","R","M","T","E","R","E","$","M","R","B",null],"character_chosen":"DEFECT","items_purchased":["Chill","Cold Snap","Self Repair","Consume","PreservedInsect","Runic Capacitor","Bag of Marbles"],"campfire_rested":4,"item_purchase_floors":[5,5,5,21,21,47,47],"current_hp_per_floor":[75,73,72,61,61,61,63,63,63,77,78,72,72,79,79,44,89,89,79,62,62,62,62,32,25,35,32,29,58,49,51,51,21,99,104,90,90,90,82,31,62,49,49,14,45,32,32,34,65,82],"gold":168,"neow_bonus":"REMOVE_CARD","is_prod":false,"is_daily":false,"chose_seed":false,"campfire_upgraded":5,"win_rate":0,"timestamp":1557839437,"path_taken":["M","M","M","M","$","R","E","$","T","E","M","M","R","M","R","BOSS","M","M","M","$","?","R","E","M","T","?","M","R","E","M","R","BOSS","M","?","?","?","M","E","R","M","T","E","R","E","$","M","R","BOSS"],"build_version":"2019-01-23","purchased_purges":1,"victory":true,"max_hp_per_floor":[75,75,75,75,75,75,75,75,75,89,89,89,89,89,89,89,89,89,89,89,89,89,89,89,89,99,99,99,99,99,99,99,99,99,104,104,104,104,104,104,104,104,104,104,104,104,104,104,104,104],"card_choices":[{"not_picked":["Streamline","Hello World"],"picked":"FTL","floor":1.0},{"not_picked":["Barrage","Coolheaded","Leap"],"picked":"SKIP","floor":2.0},{"not_picked":["White Noise","Streamline"],"picked":"BootSequence","floor":3.0},{"not_picked":["Lockon","Steam Power","Blizzard"],"picked":"SKIP","floor":4.0},{"not_picked":["Self Repair","Gash"],"picked":"Barrage","floor":7.0},{"not_picked":["Steam","Streamline"],"picked":"Barrage","floor":10.0},{"not_picked":["Blizzard","Barrage"],"picked":"Sunder","floor":11.0},{"not_picked":["Leap","Loop","Rebound"],"picked":"SKIP","floor":12.0},{"not_picked":["Auto Shields","Stack"],"picked":"Redo","floor":14.0},{"not_picked":["Amplify","Fission"],"picked":"Echo Form","floor":16.0},{"not_picked":["Streamline+1","Melter"],"picked":"Turbo+1","floor":18.0},{"not_picked":["Rebound+1","Barrage","Sweeping Beam+1"],"picked":"SKIP","floor":19.0},{"not_picked":["Stack","Streamline+1","Genetic Algorithm"],"picked":"SKIP","floor":20.0},{"not_picked":["Echo Form","Scrape"],"picked":"Chill","floor":24.0},{"not_picked":["Compile Driver","Heatsinks+1","Beam Cell"],"picked":"SKIP","floor":25.0},{"not_picked":["Ball Lightning","Doom and Gloom"],"picked":"Defragment","floor":28.0},{"not_picked":["Steam+1","Fusion","Leap"],"picked":"SKIP","floor":30.0},{"not_picked":["Rebound","Double Energy+1","Streamline"],"picked":"SKIP","floor":31.0},{"not_picked":["Fission","Hyperbeam"],"picked":"Reboot","floor":33.0},{"not_picked":["Beam Cell","Sunder"],"picked":"Hologram+1","floor":34.0},{"not_picked":["Streamline","Beam Cell"],"picked":"Go for the Eyes+1","floor":34.0},{"not_picked":["Beam Cell","Coolheaded"],"picked":"Sunder","floor":34.0},{"not_picked":["Rebound+1","Meteor Strike"],"picked":"Beam Cell+1","floor":35.0},{"not_picked":["Sweeping Beam+1","Rebound","Barrage"],"picked":"SKIP","floor":38.0},{"not_picked":["Redo+1","Force Field+1","Turbo+1"],"picked":"SKIP","floor":39.0},{"not_picked":["Scrape","Lockon"],"picked":"Ball Lightning","floor":40.0},{"not_picked":["Ball Lightning+1","Streamline"],"picked":"Cold Snap+1","floor":42.0},{"not_picked":["Beam Cell","Hello World+1","Sweeping Beam"],"picked":"SKIP","floor":44},{"not_picked":["Sweeping Beam+1","Steam"],"picked":"Skim+1","floor":46},{"not_picked":["Auto Shields+1","Sunder+1","Lockon+1"],"picked":"SKIP","floor":48}],"player_experience":192313,"relics_obtained":[{"floor":7.0,"key":"Dodecahedron"},{"floor":9.0,"key":"Matryoshka"},{"floor":10.0,"key":"Mango"},{"floor":24.0,"key":"Whetstone"},{"floor":24.0,"key":"Letter Opener"},{"floor":26.0,"key":"Pear"},{"floor":26.0,"key":"Bronze Scales"},{"floor":30.0,"key":"Vajra"},{"floor":30.0,"key":"Orichalcum"},{"floor":36.0,"key":"Ginger"},{"floor":40.0,"key":"Pantograph"},{"floor":40.0,"key":"Bird Faced Urn"},{"floor":43.0,"key":"Omamori"},{"floor":43.0,"key":"Pen Nib"},{"floor":44,"key":"Molten Egg 2"},{"floor":44,"key":"Potion Belt"},{"floor":46,"key":"The Courier"},{"floor":46,"key":"Bag of Preparation"}],"event_choices":[{"damage_healed":0.0,"max_hp_gain":0.0,"max_hp_loss":0.0,"gold_gain":0.0,"event_name":"Drug Dealer","player_choice":"Inject Mutagens","floor":22.0,"gold_loss":0.0,"damage_taken":0.0,"relics_obtained":["MutagenicStrength"]},{"damage_healed":0.0,"max_hp_gain":0.0,"max_hp_loss":0.0,"gold_gain":0.0,"event_name":"Colosseum","player_choice":"Fight","floor":27.0,"gold_loss":0.0,"damage_taken":0.0},{"damage_healed":0.0,"max_hp_gain":0.0,"max_hp_loss":0.0,"gold_gain":0.0,"event_name":"Colosseum","player_choice":"Fled From Nobs","floor":27.0,"gold_loss":0.0,"damage_taken":0.0},{"damage_healed":0.0,"max_hp_gain":0.0,"max_hp_loss":0.0,"gold_gain":0.0,"event_name":"Mysterious Sphere","player_choice":"Fight","floor":36.0,"gold_loss":0.0,"damage_taken":0.0},{"damage_healed":0.0,"max_hp_gain":0.0,"max_hp_loss":0.0,"gold_gain":0.0,"event_name":"Match and Keep!","player_choice":"0 cards matched","floor":37.0,"gold_loss":0.0,"damage_taken":0.0,"cards_obtained":[]}],"is_beta":false,"boss_relics":[{"not_picked":["Tiny House","Nuclear Battery"],"picked":"Black Star"},{"not_picked":["Eternal Feather","Coffee Dripper"],"picked":"Orrery"}],"items_purged_floors":[47],"is_endless":false,"potions_floor_spawned":[2,7,12,14,16,20,27,30,31,33,35,38,44,48],"ascension_level":4}