{"gold_per_floor":[116,116,126,89,164,197,197,232,232,249,274,274,96,113,113,113],"floor_reached":16,"playtime":548,"items_purged":[],"score":236,"play_id":"3302b46c-112b-494d-b125-c23fb25ad449","local_time":"20190403163740","is_ascension_mode":true,"campfire_choices":[{"data":"Evolve","floor":7,"key":"SMITH"},{"floor":15,"key":"REST"}],"neow_cost":"NONE","seed_source_timestamp":676974056484400,"circlet_count":0,"master_deck":["AscendersBane","Strike_R","Strike_R","Strike_R","Strike_R","Defend_R","Defend_R","Defend_R","Defend_R","Bash","Carnage","Rupture","Warcry","Inflame","Evolve+1","Headbutt","Body Slam","Combust","Feed","Corruption","Pommel Strike"],"relics":["Burning Blood","NeowsBlessing","Pear","Potion Belt","Mummified Hand","Anchor","Bottled Lightning"],"potions_floor_usage":[8,10,11,11],"damage_taken":[{"damage":0,"enemies":"2 Louse","floor":1,"turns":1},{"damage":0,"enemies":"Cultist","floor":3,"turns":1},{"damage":0,"enemies":"Gremlin Nob","floor":6,"turns":1},{"damage":20,"enemies":"3 Sentries","floor":8,"turns":7},{"damage":0,"enemies":"Small Slimes","floor":10,"turns":3},{"damage":56,"enemies":"Lagavulin","floor":11,"turns":6},{"damage":13,"enemies":"Blue Slaver","floor":14,"turns":5},{"damage":52,"enemies":"Hexaghost","floor":16,"turns":7}],"seed_played":"-3951237371350594405","potions_obtained":[{"floor":1,"key":"Block Potion"},{"floor":6,"key":"Fire Potion"},{"floor":8,"key":"SteroidPotion"},{"floor":10,"key":"Energy Potion"}],"is_trial":false,"path_per_floor":["M","?","M","$","?","E","R","E","T","M","E","T","$","M","R","B"],"character_chosen":"IRONCLAD","items_purchased":["Inflame","Feed","Corruption"],"campfire_rested":1,"item_purchase_floors":[4,13,13],"current_hp_per_floor":[78,78,80,80,69,85,85,71,71,77,27,27,27,20,47,0],"gold":113,"neow_bonus":"THREE_ENEMY_KILL","is_prod":false,"is_daily":false,"chose_seed":false,"campfire_upgraded":1,"win_rate":0,"timestamp":1554302260,"path_taken":["M","?","?","?","?","E","R","E","T","M","E","?","$","M","R","BOSS"],"build_version":"2019-01-23","purchased_purges":0,"victory":false,"max_hp_per_floor":[80,80,80,80,80,90,90,90,90,90,90,90,90,90,90,90],"card_choices":[{"not_picked":["Wild Strike","Cleave"],"picked":"Carnage","floor":1},{"not_picked":["Iron Wave","Sword Boomerang"],"picked":"Warcry","floor":3},{"not_picked":["Headbutt","Twin Strike"],"picked":"Evolve","floor":6},{"not_picked":["Cleave","Iron Wave"],"picked":"Headbutt","floor":8},{"not_picked":["Twin Strike","Hemokinesis"],"picked":"Body Slam","floor":10},{"not_picked":["Whirlwind","Heavy Blade"],"picked":"Combust","floor":11},{"not_picked":["Offering","Dropkick"],"picked":"Pommel Strike","floor":14}],"player_experience":1596466,"relics_obtained":[{"floor":6,"key":"Pear"},{"floor":8,"key":"Potion Belt"},{"floor":9,"key":"Mummified Hand"},{"floor":11,"key":"Anchor"},{"floor":12,"key":"Bottled Lightning"}],"event_choices":[{"damage_healed":0,"gold_gain":0,"cards_transformed":["Strike_R"],"player_choice":"Transformed","damage_taken":0,"max_hp_gain":0,"max_hp_loss":0,"event_name":"Transmorgrifier","floor":2,"gold_loss":0,"cards_obtained":["Rupture"]},{"damage_healed":0,"gold_gain":75,"player_choice":"Gather Gold","damage_taken":11,"max_hp_gain":0,"max_hp_loss":0,"event_name":"World of Goop","floor":5,"gold_loss":0}],"is_beta":false,"boss_relics":[],"items_purged_floors":[],"is_endless":false,"potions_floor_spawned":[1,6,8,10],"killed_by":"Hexaghost","ascension_level":13}