{"path_per_floor":["M","M","?","?","?","R","M","R","T","E","$","M","M","M","R","B",null,"M","$","?","M","M","R","E","R","T","?"],"character_chosen":"THE_SILENT","items_purchased":["Paper Crane","Bane"],"gold_per_floor":[113,128,303,303,303,303,321,321,347,372,297,316,333,350,350,447,447,457,84,84,95,115,115,147,147,147,62],"floor_reached":28,"campfire_rested":3,"playtime":2703,"current_hp_per_floor":[70,66,66,66,66,66,66,66,66,46,46,48,36,26,47,43,70,70,70,70,62,44,65,18,39,39,39],"items_purged":["Strike_G","Strike_G"],"gold":62,"score":238,"play_id":"ad69972c-f9b6-4d35-be3e-ea50235e47ab","is_prod":false,"is_daily":false,"is_ascension_mode":false,"campfire_upgraded":2,"path_taken":["M","M","?","?","?","R","M","R","T","E","?","?","M","M","R","BOSS","M","$","?","M","M","R","E","R","T","?","M"],"build_version":"2018-02-15-PROD1","purchased_purges":4,"victory":false,"master_deck":["Defend_G","Defend_G","Defend_G","Defend_G","Defend_G","Strike_G","Strike_G","Survivor","Neutralize+1","Backflip+1","Dash+1","Noxious Fumes","All Out Attack","Phantasmal Killer","Backflip","Caltrops","PiercingWail","Burst","Slice","Bane","Distraction","Eviscerate+1","Leg Sweep","Backflip+1"],"max_hp_per_floor":[70,70,70,70,70,70,70,70,70,70,70,70,70,70,70,70,70,70,70,70,70,70,70,70,70,70,70],"relics":["Ring of the Snake","Blood Vial","Oddly Smooth Stone","Runic Pyramid","Paper Crane","Dream Catcher","Ginger","Frozen Egg 2"],"card_choices":[{"not_picked":["All Out Attack","Deadly Poison"],"picked":"Backflip"},{"not_picked":["Quick Slash","Dagger Throw"],"picked":"Dash"},{"not_picked":["Underhanded Strike","Poisoned Stab"],"picked":"All Out Attack"},{"not_picked":["Leg Sweep","Bane"],"picked":"Phantasmal Killer"},{"not_picked":["Deadly Poison","Poisoned Stab"],"picked":"Backflip"},{"not_picked":["Cloak And Dagger","Crippling Poison"],"picked":"Caltrops"},{"not_picked":["Bane","Deflect"],"picked":"PiercingWail"},{"not_picked":["Glass Knife","Venomology"],"picked":"Burst"},{"not_picked":["Bane","Choke"],"picked":"Slice"},{"not_picked":["PiercingWail","Dagger Spray"],"picked":"Distraction"},{"not_picked":["Cloak And Dagger","Acrobatics"],"picked":"Eviscerate"},{"not_picked":["Caltrops","Doppelganger"],"picked":"Leg Sweep"},{"not_picked":["Dagger Throw","Slice"],"picked":"Backflip"}],"player_experience":73538,"potions_floor_usage":[16,24,28,28],"damage_taken":[{"damage":0,"enemies":"2 Louse","floor":1,"turns":3},{"damage":4,"enemies":"Jaw Worm","floor":2,"turns":8},{"damage":0,"enemies":"Small Slimes","floor":7,"turns":4},{"damage":22,"enemies":"Gremlin Nob","floor":10,"turns":5},{"damage":0,"enemies":"Looter","floor":12,"turns":4},{"damage":14,"enemies":"Gremlin Gang","floor":13,"turns":4},{"damage":12,"enemies":"Lots of Slimes","floor":14,"turns":4},{"damage":6,"enemies":"The Guardian","floor":16,"turns":12},{"damage":0,"enemies":"Shell Parasite","floor":18,"turns":8},{"damage":8,"enemies":"Spheric Guardian","floor":21,"turns":6},{"damage":20,"enemies":"Slaver and Parasite","floor":22,"turns":7},{"damage":49,"enemies":"Book of Stabbing","floor":24,"turns":8},{"damage":47,"enemies":"Cultist and Chosen","floor":28,"turns":8}],"event_choices":[{"event_name":"Liars Game","player_choice":"agreed","floor":3,"damage_taken":0},{"event_name":"Transmorgrifier","player_choice":"Transform","floor":4,"damage_taken":0},{"event_name":"Living Wall","player_choice":"Forget","floor":5,"damage_taken":0},{"event_name":"The Woman in Blue","player_choice":"Bought 0 Potions","floor":20,"damage_taken":0},{"event_name":"Addict","player_choice":"Obtained Relic","floor":27,"damage_taken":0}],"boss_relics":[{"not_picked":["The Specimen","Astrolabe"],"picked":"Runic Pyramid"}],"potions_floor_spawned":[1,12,13,14,16,24],"seed_played":"1731347396545881917","killed_by":"Cultist and Chosen","ascension_level":0,"is_trial":false}