{"gold_per_floor":[117,29,204,224,224,224,259,269,269,303,303,319,333,343,343,422,422,436,447,15,29,48,48,48,48,48,48,63,76,92,17,17,17],"floor_reached":33,"playtime":6315,"items_purged":["Strike_G"],"score":472,"play_id":"20631626-8411-4a0d-afb6-010f1b445ad9","local_time":"20190502143034","is_ascension_mode":true,"campfire_choices":[{"data":"Backstab","floor":6,"key":"SMITH"},{"data":"Backstab","floor":11,"key":"SMITH"},{"data":"Noxious Fumes","floor":15,"key":"SMITH"},{"floor":23,"key":"REST"},{"floor":25,"key":"REST"},{"data":"Noxious Fumes","floor":27,"key":"SMITH"},{"data":"Noxious Fumes","floor":32,"key":"SMITH"}],"neow_cost":"NONE","seed_source_timestamp":106899606576630,"circlet_count":0,"master_deck":["AscendersBane","Defend_G","Defend_G","Defend_G","Defend_G","Defend_G","Survivor","Neutralize","Backstab+1","Noxious Fumes+1","Reflex","Calculated Gamble","Expertise","Backstab+1","Leg Sweep","Dash","Terror","Burst","Accuracy+1","Die Die Die+1","Catalyst+1","Noxious Fumes+1","Dagger Spray+1","Noxious Fumes+1","Backflip","PiercingWail","All Out Attack+1","Bane+1","Sucker Punch"],"relics":["Ring of the Snake","NeowsBlessing","Bottled Lightning","Pantograph","Bronze Scales","Astrolabe","Mummified Hand","Paper Crane"],"potions_floor_usage":[10,16,19,21,28,28,33],"damage_taken":[{"damage":0,"enemies":"Small Slimes","floor":1,"turns":1},{"damage":0,"enemies":"Jaw Worm","floor":4,"turns":1},{"damage":0,"enemies":"Gremlin Nob","floor":7,"turns":1},{"damage":0,"enemies":"2 Louse","floor":8,"turns":3},{"damage":10,"enemies":"3 Sentries","floor":10,"turns":8},{"damage":0,"enemies":"2 Fungi Beasts","floor":12,"turns":2},{"damage":3,"enemies":"Blue Slaver","floor":13,"turns":2},{"damage":0,"enemies":"Looter","floor":14,"turns":2},{"damage":42,"enemies":"Slime Boss","floor":16,"turns":10},{"damage":8,"enemies":"Chosen","floor":18,"turns":5},{"damage":6,"enemies":"Spheric Guardian","floor":19,"turns":5},{"damage":13,"enemies":"Snecko","floor":21,"turns":5},{"damage":15,"enemies":"Shelled Parasite and Fungi","floor":22,"turns":4},{"damage":0,"enemies":"Centurion and Healer","floor":28,"turns":6},{"damage":7,"enemies":"Snake Plant","floor":29,"turns":4},{"damage":4,"enemies":"Chosen and Byrds","floor":30,"turns":4},{"damage":74,"enemies":"Collector","floor":33,"turns":9}],"seed_played":"-4743895596251483259","potions_obtained":[{"floor":4,"key":"GamblersBrew"},{"floor":8,"key":"FearPotion"},{"floor":10,"key":"Strength Potion"},{"floor":12,"key":"Block Potion"},{"floor":18,"key":"EssenceOfSteel"},{"floor":21,"key":"Dexterity Potion"},{"floor":30,"key":"Energy Potion"}],"is_trial":false,"path_per_floor":["M","$","?","M","?","R","E","M","T","E","R","M","M","M","R","B",null,"M","M","$","M","M","R","?","R","T","R","M","M","M","?","R","B"],"character_chosen":"THE_SILENT","items_purchased":["Noxious Fumes","Explosive Potion","Mummified Hand","Noxious Fumes","Fire Potion"],"campfire_rested":2,"item_purchase_floors":[2,2,20,20,20],"current_hp_per_floor":[63,63,63,63,56,56,56,56,56,46,46,46,43,43,43,26,59,51,45,45,32,17,38,38,59,59,59,59,52,48,48,48,0],"gold":17,"neow_bonus":"THREE_ENEMY_KILL","is_prod":false,"is_daily":false,"chose_seed":false,"campfire_upgraded":5,"win_rate":0,"timestamp":1556832634,"path_taken":["M","$","?","M","?","R","E","M","T","E","R","M","M","M","R","BOSS","M","M","$","M","M","R","?","R","T","R","M","M","M","?","R","BOSS"],"build_version":"2019-01-23","purchased_purges":1,"victory":false,"max_hp_per_floor":[70,70,70,70,70,70,70,70,70,70,70,70,70,70,70,70,70,70,70,70,70,70,70,70,70,70,70,70,70,70,70,70,70],"card_choices":[{"not_picked":["Dagger Throw","Crippling Poison"],"picked":"Backstab","floor":1},{"not_picked":["Bane","Dodge and Roll"],"picked":"Reflex","floor":4},{"not_picked":["Prepared","Blade Dance"],"picked":"Calculated Gamble","floor":7},{"not_picked":["Outmaneuver","Poisoned Stab"],"picked":"Expertise","floor":8},{"not_picked":["Accuracy","Prepared"],"picked":"Backstab","floor":10},{"not_picked":["Dodge and Roll","Blade Dance"],"picked":"Leg Sweep","floor":12},{"not_picked":["Blade Dance","Cloak And Dagger"],"picked":"Dash","floor":13},{"not_picked":["Dash","Cloak And Dagger"],"picked":"Terror","floor":14},{"not_picked":["Phantasmal Killer","Bullet Time"],"picked":"Burst","floor":16},{"not_picked":["Blade Dance","Deadly Poison"],"picked":"Noxious Fumes","floor":18},{"not_picked":["Blade Dance","Cloak And Dagger"],"picked":"Dagger Spray+1","floor":19},{"not_picked":["All Out Attack","Bane"],"picked":"Backflip","floor":21},{"not_picked":["Underhanded Strike","Poisoned Stab"],"picked":"PiercingWail","floor":22},{"not_picked":["Bane","Outmaneuver"],"picked":"All Out Attack+1","floor":28},{"not_picked":["Deflect","Acrobatics+1"],"picked":"Bane+1","floor":29},{"not_picked":["Outmaneuver+1","Quick Slash"],"picked":"Sucker Punch","floor":30}],"player_experience":1554909,"relics_obtained":[{"floor":7,"key":"Bottled Lightning"},{"floor":9,"key":"Pantograph"},{"floor":10,"key":"Bronze Scales"},{"floor":26,"key":"Paper Crane"}],"event_choices":[{"damage_healed":0,"gold_gain":175,"player_choice":"AGREE","damage_taken":0,"max_hp_gain":0,"max_hp_loss":0,"event_name":"Liars Game","floor":3,"gold_loss":0,"cards_obtained":["Doubt"]},{"cards_removed":["Doubt"],"damage_healed":0,"gold_gain":0,"player_choice":"Card Removal","damage_taken":7,"max_hp_gain":0,"max_hp_loss":0,"event_name":"Golden Wing","floor":5,"gold_loss":0},{"damage_healed":0,"gold_gain":0,"player_choice":"Ignored","damage_taken":0,"max_hp_gain":0,"max_hp_loss":0,"event_name":"Ghosts","floor":24,"gold_loss":0},{"cards_removed":["Strike_G"],"damage_healed":0,"gold_gain":0,"player_choice":"Gave Gold","damage_taken":0,"max_hp_gain":0,"max_hp_loss":0,"event_name":"Beggar","floor":31,"gold_loss":75}],"is_beta":false,"boss_relics":[{"not_picked":["Tiny House","White Beast Statue"],"picked":"Astrolabe"}],"items_purged_floors":[20],"is_endless":false,"potions_floor_spawned":[4,8,10,12,18,21,30],"killed_by":"Collector","ascension_level":13}