{"gold_per_floor":[115,190,140,68,82,82,97,125,125,136,136,136,152,152,152,152],"floor_reached":16,"playtime":632,"items_purged":[],"score":155,"play_id":"3e6b6400-249c-45ca-97ec-ddead9f7a74b","local_time":"20190426180256","is_ascension_mode":true,"campfire_choices":[{"data":"Feed","floor":6,"key":"SMITH"},{"data":"Carnage","floor":12,"key":"SMITH"},{"data":"Shrug It Off","floor":15,"key":"SMITH"}],"neow_cost":"NONE","seed_source_timestamp":1329884276967400,"circlet_count":0,"master_deck":["Strike_R","Strike_R","Strike_R","Defend_R","Defend_R","Defend_R","Defend_R","Bash","Shrug It Off+1","Feed+1","Headbutt","Carnage+1","Sentinel","Clothesline","Shrug It Off"],"relics":["Burning Blood","FossilizedHelix","Thread and Needle","Sundial"],"potions_floor_usage":[16,16,16],"damage_taken":[{"damage":0,"enemies":"2 Louse","floor":1,"turns":5},{"damage":0,"enemies":"Jaw Worm","floor":5,"turns":6},{"damage":1,"enemies":"Cultist","floor":7,"turns":3},{"damage":40,"enemies":"Gremlin Nob","floor":8,"turns":5},{"damage":0,"enemies":"Exordium Wildlife","floor":10,"turns":5},{"damage":0,"enemies":"Exordium Thugs","floor":13,"turns":4},{"damage":70,"enemies":"Hexaghost","floor":16,"turns":15}],"seed_played":"-5276988580639365121","potions_obtained":[{"floor":0,"key":"EssenceOfSteel"},{"floor":0,"key":"Regen Potion"},{"floor":0,"key":"Swift Potion"},{"floor":5,"key":"PowerPotion"}],"is_trial":false,"path_per_floor":["M","?","?","$","M","R","M","E","T","M","?","R","M","T","R","B"],"character_chosen":"IRONCLAD","items_purchased":["Feed"],"campfire_rested":0,"item_purchase_floors":[4],"current_hp_per_floor":[78,67,67,67,76,76,85,51,51,61,54,54,64,64,64,0],"gold":152,"neow_bonus":"THREE_SMALL_POTIONS","is_prod":false,"is_daily":false,"chose_seed":false,"campfire_upgraded":3,"win_rate":0,"timestamp":1556326976,"path_taken":["M","?","?","$","M","R","M","E","T","M","?","R","M","?","R","BOSS"],"build_version":"2019-01-23","purchased_purges":0,"victory":false,"max_hp_per_floor":[80,80,80,80,83,83,87,87,87,91,91,91,95,95,95,95],"card_choices":[{"not_picked":["Heavy Blade","True Grit"],"picked":"Shrug It Off","floor":1},{"not_picked":["Intimidate","Warcry"],"picked":"Headbutt","floor":5},{"not_picked":["Evolve","Headbutt"],"picked":"Carnage","floor":7},{"not_picked":["Clash","Flex"],"picked":"Sentinel","floor":8},{"not_picked":["Power Through","Rage"],"picked":"Clothesline","floor":10},{"not_picked":["Seeing Red","Barricade"],"picked":"Shrug It Off","floor":13}],"player_experience":375935,"relics_obtained":[{"floor":8,"key":"FossilizedHelix"},{"floor":9,"key":"Thread and Needle"},{"floor":14,"key":"Sundial"}],"event_choices":[{"damage_healed":0,"gold_gain":75,"player_choice":"Gather Gold","damage_taken":11,"max_hp_gain":0,"max_hp_loss":0,"event_name":"World of Goop","floor":2,"gold_loss":0},{"cards_removed":["Strike_R"],"damage_healed":0,"gold_gain":0,"player_choice":"Card Removal","damage_taken":0,"max_hp_gain":0,"max_hp_loss":0,"event_name":"The Cleric","floor":3,"gold_loss":50},{"cards_removed":["Strike_R"],"damage_healed":0,"gold_gain":0,"player_choice":"Card Removal","damage_taken":7,"max_hp_gain":0,"max_hp_loss":0,"event_name":"Golden Wing","floor":11,"gold_loss":0}],"is_beta":false,"boss_relics":[],"items_purged_floors":[],"is_endless":false,"potions_floor_spawned":[1,5,13],"killed_by":"Hexaghost","ascension_level":6}