{"path_per_floor":["M","$","M","M","$","E","R","M","T","R","M","?","E","M","R","B",null,"M","$","?","M","M","R","E","M","T","M","M","?","R","M","R","B",null,"M","$","M","M","M","?","R","E","T","?"],"character_chosen":"THE_SILENT","items_purchased":["Deflect","Crippling Poison","Distraction","Noxious Fumes","Poisoned Stab","Master of Strategy","Ornamental Fan"],"gold_per_floor":[112,19,34,46,46,74,74,92,138,138,156,185,216,227,227,327,327,343,232,232,197,214,214,248,267,567,587,599,599,599,612,612,712,712,727,254,274,284,302,302,302,336,336,0],"floor_reached":45,"campfire_rested":7,"playtime":6658,"current_hp_per_floor":[70,70,70,65,65,45,66,61,61,70,69,55,23,12,33,27,70,54,54,70,53,24,45,34,23,23,16,35,35,56,56,70,23,70,55,55,55,28,1,1,22,6,6,6],"items_purged":[],"gold":0,"play_id":"09755500-d1a5-4ae8-bafc-3b000992c288","is_prod":false,"is_daily":false,"is_ascension_mode":false,"campfire_upgraded":0,"path_taken":["M","$","M","M","$","E","R","M","T","R","M","?","E","M","R","BOSS","M","$","?","?","M","R","E","M","T","M","M","?","R","M","R","BOSS","M","$","M","?","M","?","R","E","T","?","?"],"build_version":"2018-01-25-PROD3","purchased_purges":0,"victory":false,"master_deck":["Defend_G+1","Defend_G+1","Defend_G+1","Defend_G+1","Defend_G+1","Strike_G+1","Strike_G+1","Strike_G+1","Strike_G+1","Strike_G+1","Survivor","Neutralize","Dodge and Roll","Deflect","Crippling Poison+1","Terror","Flying Knee","Backflip","Crippling Poison","Deflect","Heel Hook","Footwork","Adrenaline","Footwork","Distraction","Noxious Fumes","Dagger Spray+1","Envenom","Dash+1","Backflip","Backflip+1","Blade Dance+1","Prepared","After Image","Quick Slash+1","Poisoned Stab","Master of Strategy","Terror+1","Eviscerate+1","All Out Attack+1","Deflect+1"],"max_hp_per_floor":[70,70,70,70,70,70,70,70,70,70,70,70,70,70,70,70,70,70,70,70,70,70,70,70,70,70,70,70,70,70,70,70,70,70,70,70,70,70,70,70,70,70,70,70],"relics":["Ring of the Snake","Paper Crane","Toxic Egg","Odd Mushroom","Peace Pipe","Lizard Tail","Happy Flower","Old Coin","White Beast Statue","Ornamental Fan","Meat on the Bone","Ice Cream","Red Mask"],"card_choices":[{"not_picked":["Dagger Throw","Sucker Punch"],"picked":"Dodge and Roll"},{"not_picked":["Distraction","Caltrops"],"picked":"Terror"},{"not_picked":["Acrobatics","Sucker Punch"],"picked":"Flying Knee"},{"not_picked":["Calculated Gamble","Dagger Spray"],"picked":"Sucker Punch"},{"not_picked":["Outmaneuver","Die Die Die"],"picked":"Backflip"},{"not_picked":["Finisher","Backflip"],"picked":"Crippling Poison"},{"not_picked":["Dodge and Roll","Choke"],"picked":"Deflect"},{"not_picked":["PiercingWail","Flying Knee"],"picked":"Heel Hook"},{"not_picked":["PiercingWail","Dagger Spray"],"picked":"Footwork"},{"not_picked":["Glass Knife","Burst"],"picked":"Adrenaline"},{"not_picked":["Deflect","Riddle With Holes"],"picked":"Footwork"},{"not_picked":["Flying Knee","Dodge and Roll"],"picked":"Dagger Spray"},{"not_picked":["PiercingWail","Prepared"],"picked":"Envenom"},{"not_picked":["Deflect","Masterful Stab"],"picked":"Dash"},{"not_picked":["PiercingWail","Noxious Fumes"],"picked":"Backflip"},{"not_picked":["Finisher","Choke"],"picked":"Backflip"},{"not_picked":["Well Laid Plans","Noxious Fumes"],"picked":"Blade Dance"},{"not_picked":["Dagger Throw","Sucker Punch"],"picked":"Prepared"},{"not_picked":["Unload","Venomology"],"picked":"After Image"},{"not_picked":["Deflect","Backflip"],"picked":"Quick Slash"},{"not_picked":["Deflect","Quick Slash"],"picked":"Terror"},{"not_picked":["Dodge and Roll","Slice"],"picked":"Eviscerate"},{"not_picked":["Dagger Throw","Blur"],"picked":"All Out Attack"},{"not_picked":["Calculated Gamble","Flying Knee"],"picked":"Deflect"}],"player_experience":2085,"potions_floor_usage":[6,13,13,13,16,24,28,28,38,39,42,42,42],"damage_taken":[{"damage":0,"enemies":"2 Louse","floor":1,"turns":3},{"damage":0,"enemies":"Jaw Worm","floor":3,"turns":8},{"damage":5,"enemies":"Blue Slaver","floor":4,"turns":6},{"damage":20,"enemies":"Lagavulin","floor":6,"turns":9},{"damage":5,"enemies":"Large Slime","floor":8,"turns":9},{"damage":1,"enemies":"2 Fungi Beasts","floor":11,"turns":4},{"damage":14,"enemies":"The Mushroom Lair","floor":12,"turns":7},{"damage":32,"enemies":"3 Sentries","floor":13,"turns":12},{"damage":11,"enemies":"Gremlin Gang","floor":14,"turns":8},{"damage":6,"enemies":"Hexaghost","floor":16,"turns":13},{"damage":16,"enemies":"Spheric Guardian","floor":18,"turns":8},{"damage":17,"enemies":"2 Thieves","floor":21,"turns":5},{"damage":29,"enemies":"3 Cultists","floor":22,"turns":7},{"damage":11,"enemies":"Book of Stabbing","floor":24,"turns":9},{"damage":11,"enemies":"Snake Plant","floor":25,"turns":8},{"damage":7,"enemies":"Centurion and Healer","floor":27,"turns":11},{"damage":17,"enemies":"3 Cultists","floor":28,"turns":6},{"damage":0,"enemies":"Snake Plant","floor":31,"turns":6},{"damage":47,"enemies":"Champ","floor":33,"turns":20},{"damage":15,"enemies":"Orb Walker","floor":35,"turns":10},{"damage":0,"enemies":"3 Shapes","floor":37,"turns":5},{"damage":27,"enemies":"Maw","floor":38,"turns":12},{"damage":27,"enemies":"3 Darklings","floor":39,"turns":12},{"damage":16,"enemies":"Nemesis","floor":42,"turns":16},{"damage":12,"enemies":"Sphere and 2 Shapes","floor":45,"turns":5}],"event_choices":[{"event_name":"Mushrooms","player_choice":"Fought Mushrooms","floor":12,"damage_taken":0},{"event_name":"The Library","player_choice":"Heal","floor":20,"damage_taken":0},{"event_name":"Back to Basics","player_choice":"Simplicity","floor":29,"damage_taken":0},{"event_name":"Tomb of Lord Red Mask","player_choice":"Paid","floor":44,"damage_taken":0}],"boss_relics":[{"not_picked":["Calling Bell","Orrery"],"picked":"Lizard Tail"},{"not_picked":["Question Card","Astrolabe"],"picked":"White Beast Statue"}],"potions_floor_spawned":[4,6,8,12,13,16,21,27,28,31,35,37,38,39,42],"seed_played":"8663351647791633110","killed_by":"Sphere and 2 Shapes","ascension_level":0,"is_trial":false}