{"gold_per_floor":[112,142,217,126,126,126,170,170,197,217,217,61,61,21,21,152,152,180,192,204,216,249,261,23,67,67,67],"floor_reached":27,"playtime":865,"items_purged":["Injury","Strike_R"],"score":335,"play_id":"3a647586-6686-40db-9865-7dda33926597","local_time":"20190127142133","is_ascension_mode":true,"campfire_choices":[{"floor":6,"key":"REST"},{"floor":11,"key":"REST"},{"floor":15,"key":"REST"},{"data":"Shame","floor":23,"key":"PURGE"}],"neow_cost":"TEN_PERCENT_HP_LOSS","seed_source_timestamp":333251672156100,"circlet_count":0,"master_deck":["AscendersBane","Strike_R","Strike_R","Strike_R","Strike_R","Defend_R","Defend_R","Defend_R","Defend_R","Bash","Bludgeon","Infernal Blade","Madness","Power Through","Disarm","Bandage Up","Exhume","Clumsy","Battle Trance","Flex+1","Rage"],"relics":["Burning Blood","Tiny Chest","Golden Idol","Art of War","Red Skull","Lantern","Sundial","Calling Bell","MawBank","Matryoshka","Peace Pipe","Bronze Scales","Mercury Hourglass","Happy Flower","Paper Frog","Molten Egg 2","Bird Faced Urn"],"potions_floor_usage":[7,16,16,16,18,25,27],"damage_taken":[{"damage":2,"enemies":"Jaw Worm","floor":1,"turns":3},{"damage":51,"enemies":"3 Sentries","floor":7,"turns":10},{"damage":0,"enemies":"Small Slimes","floor":10,"turns":3},{"damage":42,"enemies":"The Guardian","floor":16,"turns":14},{"damage":28,"enemies":"Chosen","floor":18,"turns":8},{"damage":28,"enemies":"2 Thieves","floor":22,"turns":4},{"damage":53,"enemies":"Slavers","floor":25,"turns":5},{"damage":18,"enemies":"Snake Plant","floor":27,"turns":2}],"seed_played":"5923528036021278398","potions_obtained":[{"floor":1,"key":"Dexterity Potion"},{"floor":14,"key":"Fruit Juice"},{"floor":14,"key":"Energy Potion"},{"floor":14,"key":"SpeedPotion"},{"floor":16,"key":"Block Potion"},{"floor":18,"key":"Strength Potion"},{"floor":25,"key":"SpeedPotion"}],"is_trial":false,"path_per_floor":["M","?","?","$","?","R","E","T","T","M","R","$","T","?","R","B",null,"M","T","?","?","M","R","$","E","T","M"],"character_chosen":"IRONCLAD","items_purchased":["Madness","Bandage Up","Happy Flower"],"campfire_rested":3,"item_purchase_floors":[4,12,24],"current_hp_per_floor":[72,47,36,36,36,57,12,12,12,18,39,39,39,39,60,33,66,48,48,73,73,59,59,59,16,16,0],"gold":67,"neow_bonus":"THREE_RARE_CARDS","is_prod":false,"is_daily":false,"chose_seed":false,"campfire_upgraded":0,"win_rate":0,"timestamp":1548595293,"path_taken":["M","?","?","$","?","R","E","?","T","M","R","?","?","?","R","BOSS","M","?","?","?","M","R","?","E","T","M"],"build_version":"2019-01-23","purchased_purges":2,"victory":false,"max_hp_per_floor":[72,72,72,72,72,72,72,72,72,72,72,72,72,72,72,77,77,77,77,77,77,77,77,77,77,77,77],"card_choices":[{"not_picked":["Berserk","Double Tap"],"picked":"Bludgeon","floor":0},{"not_picked":["Cleave","Iron Wave"],"picked":"Infernal Blade","floor":1},{"not_picked":["Reckless Charge","Thunderclap"],"picked":"Power Through","floor":7},{"not_picked":["Wild Strike","Bloodletting"],"picked":"Disarm","floor":10},{"not_picked":["Barricade","Berserk"],"picked":"Exhume","floor":16},{"not_picked":["Pommel Strike","Perfected Strike+1"],"picked":"Battle Trance","floor":18},{"not_picked":["Thunderclap+1","Fire Breathing+1"],"picked":"Flex+1","floor":22},{"not_picked":["Flex","Fire Breathing"],"picked":"Rage","floor":25}],"player_experience":1333599,"relics_obtained":[{"floor":7,"key":"Art of War"},{"floor":8,"key":"Red Skull"},{"floor":9,"key":"Lantern"},{"floor":13,"key":"Sundial"},{"floor":17,"key":"MawBank"},{"floor":17,"key":"Matryoshka"},{"floor":17,"key":"Peace Pipe"},{"floor":19,"key":"Bronze Scales"},{"floor":19,"key":"Mercury Hourglass"},{"floor":25,"key":"Paper Frog"},{"floor":26,"key":"Molten Egg 2"},{"floor":26,"key":"Bird Faced Urn"}],"event_choices":[{"damage_healed":0,"gold_gain":0,"player_choice":"Success","damage_taken":25,"relics_obtained":["Tiny Chest"],"max_hp_gain":0,"max_hp_loss":0,"event_name":"Scrap Ooze","floor":2,"gold_loss":0},{"damage_healed":0,"gold_gain":75,"player_choice":"Gather Gold","damage_taken":11,"max_hp_gain":0,"max_hp_loss":0,"event_name":"World of Goop","floor":3,"gold_loss":0},{"damage_healed":0,"gold_gain":0,"player_choice":"Take Wound","damage_taken":0,"relics_obtained":["Golden Idol"],"max_hp_gain":0,"max_hp_loss":0,"event_name":"Golden Idol","floor":5,"gold_loss":0,"cards_obtained":["Injury"]},{"damage_healed":0,"gold_gain":0,"player_choice":"Bought 3 Potions","damage_taken":0,"max_hp_gain":0,"max_hp_loss":0,"event_name":"The Woman in Blue","floor":14,"gold_loss":0},{"damage_healed":25,"gold_gain":0,"player_choice":"Heal","damage_taken":0,"max_hp_gain":0,"max_hp_loss":0,"event_name":"The Library","floor":20,"gold_loss":0},{"cards_removed":["Normality"],"damage_healed":0,"gold_gain":0,"player_choice":"Elegance","damage_taken":0,"max_hp_gain":0,"max_hp_loss":0,"event_name":"Back to Basics","floor":21,"gold_loss":0}],"is_beta":false,"boss_relics":[{"not_picked":["Runic Dome","Mark of Pain"],"picked":"Calling Bell"}],"items_purged_floors":[12,24],"is_endless":false,"potions_floor_spawned":[1,16,18,25],"killed_by":"Snake Plant","ascension_level":10}