{"path_per_floor":["M","M","?","M","$","R","M","R","T","?","$","M","M","M","R","B",null,"M","?","M","$","?","E","?","?","T","E","R","$","R","M","R","B",null,"M","$","?","?","M","R","M","R","T","M","R","?","M","M","R"],"character_chosen":"THE_SILENT","items_purchased":["Riddle With Holes","Footwork","Snake Skull","Noxious Fumes","Terror","Bronze Scales","Footwork","Crippling Poison"],"gold_per_floor":[109,126,126,145,106,106,126,126,204,204,17,31,46,57,57,157,157,176,176,190,153,153,183,183,383,383,415,415,148,148,162,162,259,259,277,164,164,219,229,229,240,240,287,299,299,299,317,328,328],"floor_reached":50,"campfire_rested":7,"playtime":4653,"current_hp_per_floor":[69,69,69,69,69,69,62,62,62,48,48,48,48,48,69,58,70,68,68,68,68,68,61,61,61,61,42,63,63,70,70,70,27,70,50,50,50,19,19,40,35,56,56,50,70,60,56,30,51],"items_purged":["Writhe"],"gold":328,"play_id":"aa0be32b-88e9-471e-8b64-5312912f42a6","is_prod":false,"is_daily":false,"is_ascension_mode":false,"campfire_upgraded":3,"path_taken":["M","?","?","M","$","R","M","R","T","?","?","?","M","M","R","BOSS","M","?","M","$","?","E","?","?","T","E","R","$","R","M","R","BOSS","M","$","?","?","M","R","M","R","T","?","R","?","?","M","R","BOSS"],"build_version":"2018-02-01-PROD1","purchased_purges":1,"victory":false,"master_deck":["Defend_G+1","Defend_G+1","Defend_G+1","Defend_G+1","Defend_G+1","Strike_G+1","Strike_G+1","Strike_G+1","Strike_G+1","Survivor","Neutralize","Quick Slash+1","Dodge and Roll+1","Dodge and Roll+1","Venomology","Neutralize","Deadly Poison","Riddle With Holes","Bane+1","Footwork+1","Adrenaline","Bouncing Flask+1","Poisoned Stab+1","Envenom+1","Deadly Poison","Adrenaline","PiercingWail+1","Noxious Fumes+1","Caltrops+1","Blur","Terror","Deflect+1","Unload","Heel Hook+1","Footwork+1","Crippling Poison","Dagger Spray+1","Backflip+1","Masterful Stab+1","Poisoned Stab+1","Madness","Madness","Dodge and Roll+1","Prepared"],"max_hp_per_floor":[70,70,70,70,70,70,70,70,70,70,70,70,70,70,70,70,70,70,70,70,70,70,70,70,70,70,70,70,70,70,70,70,70,70,70,70,70,70,70,70,70,70,70,70,70,70,70,70,70],"relics":["Ring of the Snake","Frozen Egg 2","Snake Skull","Velvet Choker","Orichalcum","Pen Nib","Unceasing Top","Whetstone","Bronze Scales","The Specimen","Thread and Needle","Lantern"],"card_choices":[{"not_picked":["Sucker Punch","Flying Knee"],"picked":"Quick Slash"},{"not_picked":["Flying Knee","Masterful Stab"],"picked":"Dodge and Roll"},{"not_picked":["Riddle With Holes","Masterful Stab"],"picked":"Dodge and Roll"},{"not_picked":["Dagger Spray","Backflip"],"picked":"Deadly Poison"},{"not_picked":["Deadly Poison","Slice"],"picked":"Bane"},{"not_picked":["PiercingWail","Deadly Poison"],"picked":"Adrenaline"},{"not_picked":["Leg Sweep","Deadly Poison"],"picked":"Bouncing Flask"},{"not_picked":["Distraction","Bane"],"picked":"Poisoned Stab"},{"not_picked":["Glass Knife","Tools of the Trade"],"picked":"Envenom"},{"not_picked":["Outmaneuver","Sucker Punch"],"picked":"Deadly Poison"},{"not_picked":["Acrobatics","Dagger Throw"],"picked":"PiercingWail"},{"not_picked":["Outmaneuver","Masterful Stab"],"picked":"Caltrops"},{"not_picked":["Blade Dance","Dagger Spray"],"picked":"Blur"},{"not_picked":["Outmaneuver","Noxious Fumes"],"picked":"Deflect"},{"not_picked":["Corpse Explosion","Die Die Die"],"picked":"Unload"},{"not_picked":["Calculated Gamble","Crippling Poison"],"picked":"Heel Hook"},{"not_picked":["Predator","Deflect"],"picked":"Dagger Spray"},{"not_picked":["Poisoned Stab","Blur"],"picked":"Backflip"},{"not_picked":["Well Laid Plans","Dagger Throw"],"picked":"Masterful Stab"},{"not_picked":["Dodge and Roll","Flying Knee"],"picked":"Poisoned Stab"},{"not_picked":["Bane","Flying Knee"],"picked":"Dodge and Roll"},{"not_picked":["Dodge and Roll","Sucker Punch"],"picked":"Prepared"}],"player_experience":22223,"potions_floor_usage":[7,12,12,13,16,16,23,27,33,33,38,39,41,47,47,47,48,50,50,50],"damage_taken":[{"damage":1,"enemies":"Blue Slaver","floor":1,"turns":6},{"damage":0,"enemies":"2 Louse","floor":2,"turns":3},{"damage":0,"enemies":"Small Slimes","floor":4,"turns":6},{"damage":7,"enemies":"Exordium Wildlife","floor":7,"turns":6},{"damage":0,"enemies":"Gremlin Gang","floor":12,"turns":6},{"damage":0,"enemies":"2 Fungi Beasts","floor":13,"turns":3},{"damage":0,"enemies":"Exordium Wildlife","floor":14,"turns":3},{"damage":11,"enemies":"The Guardian","floor":16,"turns":7},{"damage":2,"enemies":"Chosen","floor":18,"turns":4},{"damage":0,"enemies":"Spheric Guardian","floor":20,"turns":2},{"damage":7,"enemies":"Book of Stabbing","floor":23,"turns":5},{"damage":19,"enemies":"Slavers","floor":27,"turns":5},{"damage":0,"enemies":"Snecko","floor":31,"turns":4},{"damage":43,"enemies":"Collector","floor":33,"turns":7},{"damage":20,"enemies":"3 Shapes","floor":35,"turns":5},{"damage":31,"enemies":"Mysterious Sphere","floor":38,"turns":5},{"damage":0,"enemies":"3 Darklings","floor":39,"turns":5},{"damage":5,"enemies":"Sphere and 2 Shapes","floor":41,"turns":6},{"damage":6,"enemies":"4 Shapes","floor":44,"turns":3},{"damage":4,"enemies":"3 Darklings","floor":47,"turns":3},{"damage":38,"enemies":"Sphere and 2 Shapes","floor":48,"turns":7},{"damage":56,"enemies":"Awakened One","floor":50,"turns":10}],"event_choices":[{"event_name":"Match and Keep!","player_choice":"2 cards matched","floor":3,"damage_taken":0},{"event_name":"Shining Light","player_choice":"Entered Light","floor":10,"damage_taken":0},{"event_name":"Duplicator","player_choice":"One dupe","floor":19,"damage_taken":0},{"event_name":"Back to Basics","player_choice":"Simplicity","floor":22,"damage_taken":0},{"event_name":"The Mausoleum","player_choice":"Yes","floor":24,"damage_taken":0},{"event_name":"Wheel of Change","player_choice":"Gold","floor":25,"damage_taken":0},{"event_name":"Bonfire Elementals","player_choice":"BASIC","floor":37,"damage_taken":0},{"event_name":"Mysterious Sphere","player_choice":"Fight","floor":38,"damage_taken":0},{"event_name":"Winding Halls","player_choice":"Embrace Madness","floor":46,"damage_taken":0}],"boss_relics":[{"not_picked":["Orrery","Philosopher\u0027s Stone"],"picked":"Velvet Choker"},{"not_picked":["White Beast Statue","Eternal Feather"],"picked":"The Specimen"}],"potions_floor_spawned":[2,7,14,27,31,33,39,41,44,48],"seed_played":"-9192726284430524886","killed_by":"Awakened One","ascension_level":0,"is_trial":false}