{"path_per_floor":["M","?","?","M","M","R","M","?","T","M","R","$","R","M","R","B",null,"M","?","?","T","M","R","?","R","T","$","R","M","R","M","R"],"character_chosen":"IRONCLAD","items_purchased":["Bandage Up","Pommel Strike","Apotheosis"],"gold_per_floor":[115,115,115,129,139,139,155,155,455,449,449,360,360,376,376,495,495,518,518,518,518,539,539,454,454,454,163,163,183,183,198,198],"floor_reached":33,"campfire_rested":5,"playtime":1571,"current_hp_per_floor":[76,58,58,55,61,61,66,66,66,43,69,69,69,49,75,8,88,42,42,42,42,38,64,64,64,64,64,64,40,66,45,71],"items_purged":["Injury"],"gold":198,"score":259,"play_id":"46bf41c0-bb89-4726-92e6-082251882db7","local_time":"20180312220415","is_prod":false,"is_daily":false,"is_ascension_mode":true,"campfire_upgraded":3,"timestamp":1520917455,"path_taken":["M","?","?","M","?","R","M","?","T","M","R","?","R","M","R","BOSS","M","?","?","?","M","R","?","R","T","?","R","M","R","M","R","BOSS"],"build_version":"2018-03-09","purchased_purges":1,"victory":false,"master_deck":["Strike_R+1","Strike_R+1","Strike_R+1","Strike_R+1","Defend_R+1","Defend_R+1","Defend_R+1","Defend_R+1","Bash","Heavy Blade+1","Disarm+1","Evolve+1","Bandage Up","Demon Form+1","Iron Wave","Inflame","Iron Wave","Whirlwind+1","True Grit","Pommel Strike","Apotheosis","Dropkick+1"],"max_hp_per_floor":[88,88,88,88,88,88,88,88,88,88,88,88,88,88,88,88,88,88,88,88,88,88,88,88,88,88,88,88,88,88,88,88],"relics":["Burning Blood","Golden Idol","Old Coin","Orrery","Thread and Needle","Ice Cream","Girya"],"card_choices":[{"not_picked":["Warcry","Twin Strike"],"picked":"Heavy Blade"},{"not_picked":["Anger","Clothesline"],"picked":"Disarm"},{"not_picked":["Twin Strike","Feel No Pain"],"picked":"Evolve"},{"not_picked":["Offering","Dark Embrace"],"picked":"Demon Form"},{"not_picked":["Rage","Armaments"],"picked":"Iron Wave"},{"not_picked":["Combust","Iron Wave"],"picked":"Inflame"},{"not_picked":["Anger","Armaments"],"picked":"Iron Wave"},{"not_picked":["Clothesline","Fire Breathing"],"picked":"Whirlwind"},{"not_picked":["Blood for Blood","Body Slam"],"picked":"True Grit"},{"not_picked":["Cleave","True Grit"],"picked":"Dropkick"}],"player_experience":172485,"potions_floor_usage":[16,16,33,33],"damage_taken":[{"damage":18,"enemies":"Jaw Worm","floor":1,"turns":4},{"damage":9,"enemies":"2 Louse","floor":4,"turns":2},{"damage":0,"enemies":"Small Slimes","floor":5,"turns":3},{"damage":1,"enemies":"3 Louse","floor":7,"turns":4},{"damage":29,"enemies":"Exordium Thugs","floor":10,"turns":6},{"damage":30,"enemies":"Lots of Slimes","floor":14,"turns":7},{"damage":77,"enemies":"Hexaghost","floor":16,"turns":15},{"damage":56,"enemies":"Chosen","floor":18,"turns":6},{"damage":14,"enemies":"Shell Parasite","floor":22,"turns":9},{"damage":34,"enemies":"Cultist and Chosen","floor":29,"turns":5},{"damage":31,"enemies":"Snake Plant","floor":31,"turns":5},{"damage":80,"enemies":"Collector","floor":33,"turns":7}],"event_choices":[{"event_name":"Shining Light","player_choice":"Entered Light","floor":2,"damage_taken":0},{"event_name":"Bonfire Elementals","player_choice":"BASIC","floor":3,"damage_taken":0},{"event_name":"Golden Idol","player_choice":"Take Wound","floor":8,"damage_taken":0},{"event_name":"Back to Basics","player_choice":"Simplicity","floor":19,"damage_taken":0},{"event_name":"Accursed Blacksmith","player_choice":"Forge","floor":20,"damage_taken":0},{"event_name":"Addict","player_choice":"Obtained Relic","floor":24,"damage_taken":0}],"boss_relics":[{"not_picked":["Eternal Feather","Philosopher\u0027s Stone"],"picked":"Orrery"}],"potions_floor_spawned":[1,7,14,22,29],"seed_played":"-6935314240898511986","killed_by":"Collector","ascension_level":2,"is_trial":false}