{"path_per_floor":["M","?","M","M","M","R","E","R","T","?","M","?","?","M","R","B",null,"M","?","?","T","M","R","M","$","T","?","R","$","R","M","R","B",null,"M","?","M","M","M","R","M","R","T","?","M","R","T","M","R","B"],"character_chosen":"THE_SILENT","items_purchased":["Calculated Gamble","Kunai","Well Laid Plans","All Out Attack"],"gold_per_floor":[115,115,125,139,154,154,181,181,181,181,191,191,366,383,383,486,486,499,424,424,424,443,443,463,350,376,376,376,27,27,45,45,140,140,153,225,243,257,277,277,294,294,294,294,305,305,329,345,345,345],"floor_reached":51,"campfire_rested":6,"playtime":4169,"current_hp_per_floor":[68,56,56,56,56,56,48,72,72,56,56,61,61,61,85,40,85,71,71,71,71,59,59,34,34,34,85,85,85,85,79,79,72,85,81,88,70,30,13,42,42,71,71,71,65,94,94,63,92,18],"items_purged":["Strike_G"],"gold":345,"score":571,"play_id":"ebc82835-9af3-4a42-8c5e-5f3cbe0c1944","is_prod":false,"is_daily":false,"is_ascension_mode":true,"campfire_upgraded":5,"path_taken":["M","?","M","M","M","R","E","R","T","?","?","?","?","?","R","BOSS","M","?","?","?","?","R","M","$","T","?","R","?","R","?","R","BOSS","M","?","M","M","M","R","M","R","T","?","?","R","?","M","R","BOSS"],"build_version":"2018-02-22-PROD2","purchased_purges":1,"victory":true,"master_deck":["Defend_G","Defend_G","Defend_G","Defend_G","Defend_G","Strike_G","Strike_G","Strike_G+1","Strike_G+1","Survivor","Neutralize","Glass Knife+1","Quick Slash+1","Tools of the Trade","Backflip","Sucker Punch","Outmaneuver","Burst+1","Deflect","Tactician+1","Concentrate","Footwork+1","Predator+1","Dagger Throw+1","Calculated Gamble","Well Laid Plans+1","All Out Attack+1","Leg Sweep+1","After Image","Riddle With Holes+1","Caltrops+1","Quick Slash+1","Terror","Backstab+1","Outmaneuver+1","Sucker Punch+1","Backflip+1"],"max_hp_per_floor":[70,70,70,70,70,70,80,80,80,80,80,85,85,85,85,85,85,85,85,85,85,85,85,85,85,85,85,85,85,85,85,85,85,85,85,99,99,99,99,99,99,99,99,99,99,99,99,99,99,99],"relics":["Ring of the Snake","Lantern","Pear","Tingsha","Black Star","Ice Cream","Happy Flower","Kunai","Lizard Tail","Mango","Peace Pipe","Whetstone"],"card_choices":[{"not_picked":["PiercingWail","Poisoned Stab"],"picked":"Quick Slash"},{"not_picked":["Backflip","Eviscerate"],"picked":"Tools of the Trade"},{"not_picked":["Deflect","Quick Slash"],"picked":"Backflip"},{"not_picked":["Dagger Spray","Calculated Gamble"],"picked":"Sucker Punch"},{"not_picked":["Sucker Punch","Deadly Poison"],"picked":"Outmaneuver"},{"not_picked":["Outmaneuver","Sucker Punch"],"picked":"Burst"},{"not_picked":["PiercingWail","Cloak And Dagger"],"picked":"Deflect"},{"not_picked":["Die Die Die","A Thousand Cuts"],"picked":"Tactician"},{"not_picked":["Backstab","Poisoned Stab"],"picked":"Concentrate"},{"not_picked":["Slice","Acrobatics"],"picked":"Predator"},{"not_picked":["Sucker Punch","Setup"],"picked":"Dagger Throw"},{"not_picked":["Skewer","Terror"],"picked":"Leg Sweep"},{"not_picked":["Burst","Phantasmal Killer"],"picked":"After Image"},{"not_picked":["Underhanded Strike","Prepared"],"picked":"Riddle With Holes"},{"not_picked":["Cloak And Dagger","Outmaneuver"],"picked":"Caltrops"},{"not_picked":["Caltrops","Poisoned Stab"],"picked":"Quick Slash"},{"not_picked":["Deadly Poison","Reflex"],"picked":"Terror"},{"not_picked":["Quick Slash","Dodge and Roll"],"picked":"Backstab"},{"not_picked":["Acrobatics","Flying Knee"],"picked":"Outmaneuver"},{"not_picked":["PiercingWail","Dodge and Roll"],"picked":"Sucker Punch"},{"not_picked":["Poisoned Stab","Flechettes"],"picked":"Backflip"}],"player_experience":141940,"potions_floor_usage":[39,50,50,50],"damage_taken":[{"damage":2.0,"enemies":"Jaw Worm","floor":1.0,"turns":4.0},{"damage":0.0,"enemies":"Small Slimes","floor":3.0,"turns":2.0},{"damage":0.0,"enemies":"2 Louse","floor":4.0,"turns":2.0},{"damage":0.0,"enemies":"Blue Slaver","floor":5.0,"turns":7.0},{"damage":18.0,"enemies":"Lagavulin","floor":7.0,"turns":8.0},{"damage":0.0,"enemies":"Looter","floor":11.0,"turns":2.0},{"damage":0.0,"enemies":"Exordium Wildlife","floor":14.0,"turns":3.0},{"damage":45.0,"enemies":"Slime Boss","floor":16.0,"turns":11.0},{"damage":14.0,"enemies":"Chosen","floor":18.0,"turns":6.0},{"damage":12.0,"enemies":"Shell Parasite","floor":22.0,"turns":7.0},{"damage":25.0,"enemies":"Snecko","floor":24.0,"turns":5.0},{"damage":6.0,"enemies":"Chosen and Byrds","floor":31.0,"turns":6.0},{"damage":7.0,"enemies":"Collector","floor":33.0,"turns":16.0},{"damage":4.0,"enemies":"3 Shapes","floor":35.0,"turns":5.0},{"damage":7.0,"enemies":"Orb Walker","floor":36.0,"turns":5.0},{"damage":18,"enemies":"4 Shapes","floor":37,"turns":7},{"damage":40,"enemies":"Sphere and 2 Shapes","floor":38,"turns":6},{"damage":17,"enemies":"Maw","floor":39,"turns":9},{"damage":0,"enemies":"4 Shapes","floor":41,"turns":9},{"damage":6,"enemies":"3 Darklings","floor":45,"turns":8},{"damage":31,"enemies":"Sphere and 2 Shapes","floor":48,"turns":6},{"damage":74,"enemies":"Donu and Deca","floor":50,"turns":15}],"event_choices":[{"event_name":"Scrap Ooze","player_choice":"success","floor":2.0,"damage_taken":12.0},{"event_name":"Shining Light","player_choice":"Entered Light","floor":10.0,"damage_taken":0.0},{"event_name":"Big Fish","player_choice":"Donut","floor":12.0,"damage_taken":0.0},{"event_name":"Liars Game","player_choice":"agreed","floor":13.0,"damage_taken":0.0},{"event_name":"Beggar","player_choice":"Gave Gold","floor":19.0,"damage_taken":0.0},{"event_name":"The Library","player_choice":"Read","floor":20.0,"damage_taken":0.0},{"event_name":"Wheel of Change","player_choice":"Full Heal","floor":27.0,"damage_taken":0.0},{"event_name":"Mysterious Sphere","player_choice":"Fight","floor":36,"damage_taken":0},{"event_name":"Tomb of Lord Red Mask","player_choice":"Ignored","floor":44,"damage_taken":0}],"boss_relics":[],"potions_floor_spawned":[7,14,16,22,35,38,45],"seed_played":"298833648970286714","ascension_level":2,"is_trial":false}