{"gold_per_floor":[19,19,39,39,39,55,55,55,105,105,140,67,242,262,262,262],"floor_reached":16,"playtime":512,"items_purged":[],"score":98,"play_id":"9a42de41-9e10-44a5-b6dc-da4517ad325f","local_time":"20181024221539","is_ascension_mode":false,"campfire_choices":[{"floor":10,"key":"REST"},{"floor":15,"key":"REST"}],"neow_cost":"NO_GOLD","seed_source_timestamp":4782429074500,"circlet_count":0,"master_deck":["Strike_B+1","Strike_B+1","Defend_B","Defend_B","Defend_B","Defend_B","Zap","Dualcast+1","Good Instincts","Impatience","Rebound+1","Redo","Force Field","Genetic Algorithm","Lockon","Loop","Doubt","Genetic Algorithm"],"relics":["Cracked Core","GremlinMask","Lantern","Whetstone"],"potions_floor_usage":[16],"damage_taken":[{"damage":0,"enemies":"2 Louse","floor":1,"turns":2},{"damage":11,"enemies":"Jaw Worm","floor":3,"turns":4},{"damage":0,"enemies":"Cultist","floor":6,"turns":2},{"damage":29,"enemies":"3 Sentries","floor":11,"turns":10},{"damage":2,"enemies":"Blue Slaver","floor":14,"turns":3},{"damage":70,"enemies":"Hexaghost","floor":16,"turns":9}],"seed_played":"-1904924618479572171","potions_obtained":[{"floor":6,"key":"Regen Potion"}],"is_trial":false,"path_per_floor":["M","?","M","?","?","M","?","$","T","R","E","$","?","M","R"],"character_chosen":"DEFECT","items_purchased":["Loop"],"campfire_rested":2,"item_purchase_floors":[12],"current_hp_per_floor":[75,60,49,49,42,42,42,42,42,64,35,35,35,33,55,0],"gold":262,"neow_bonus":"RANDOM_COLORLESS_2","is_prod":false,"is_daily":false,"chose_seed":false,"campfire_upgraded":0,"win_rate":0,"timestamp":1540412139,"path_taken":["M","?","M","?","?","?","?","?","T","R","E","$","?","?","R","BOSS"],"build_version":"2018-10-18","purchased_purges":0,"victory":false,"max_hp_per_floor":[75,75,75,75,75,75,75,75,75,75,75,75,75,75,75,75],"card_choices":[{"not_picked":["Scrape","Beam Cell"],"picked":"Rebound","floor":1},{"not_picked":["Rip and Tear","Go for the Eyes"],"picked":"Redo","floor":3},{"not_picked":["Conserve Battery","Hologram"],"picked":"Genetic Algorithm","floor":6},{"not_picked":["Consume","BootSequence"],"picked":"Lockon","floor":11},{"not_picked":["Hello World","Beam Cell"],"picked":"Genetic Algorithm","floor":14}],"player_experience":760895,"relics_obtained":[{"floor":9,"key":"Lantern"},{"floor":11,"key":"Whetstone"}],"event_choices":[{"damage_healed":0,"gold_gain":0,"player_choice":"Entered Light","damage_taken":15,"max_hp_gain":0,"max_hp_loss":0,"event_name":"Shining Light","floor":2,"gold_loss":0,"cards_upgraded":["Dualcast","Strike_B"]},{"damage_healed":0,"gold_gain":0,"cards_transformed":["Strike_B"],"player_choice":"Transformed","damage_taken":0,"max_hp_gain":0,"max_hp_loss":0,"event_name":"Transmorgrifier","floor":4,"gold_loss":0,"cards_obtained":["Force Field"]},{"cards_removed":["Strike_B"],"damage_healed":0,"gold_gain":0,"player_choice":"Card Removal","damage_taken":7,"max_hp_gain":0,"max_hp_loss":0,"event_name":"Golden Wing","floor":5,"gold_loss":0},{"damage_healed":0,"gold_gain":0,"player_choice":"Trade","damage_taken":0,"relics_obtained":["GremlinMask"],"max_hp_gain":0,"max_hp_loss":0,"event_name":"FaceTrader","floor":7,"gold_loss":0},{"damage_healed":0,"gold_gain":175,"player_choice":"AGREE","damage_taken":0,"max_hp_gain":0,"max_hp_loss":0,"event_name":"Liars Game","floor":13,"gold_loss":0,"cards_obtained":["Doubt"]}],"is_beta":false,"boss_relics":[],"items_purged_floors":[],"is_endless":false,"potions_floor_spawned":[6],"killed_by":"Hexaghost","ascension_level":0}