{"gold_per_floor":[114,129,144,159,36,36,51,51,51,66,66,16,46,61,61,161,161,176,176,176,191,206,236,236,251,251,251,266,281,56,71,71,171,171,186,186,201,216,216,246,261,276,276,291,3,3,18,33,33,33],"floor_reached":51,"playtime":8507,"items_purged":["Shame"],"score":809,"play_id":"09c1409a-efa6-48af-9514-0e96b6a9f470","local_time":"20181224223131","daily_mods":["Cursed Run","Uncertain Future","Binary"],"is_ascension_mode":false,"campfire_choices":[{"data":"Zap","floor":6,"key":"SMITH"},{"data":"Dualcast","floor":8,"key":"SMITH"},{"data":"Scrape","floor":15,"key":"SMITH"},{"floor":24,"key":"REST"},{"floor":27,"key":"REST"},{"floor":32,"key":"REST"},{"floor":46,"key":"REST"},{"data":"Machine Learning","floor":49,"key":"SMITH"}],"neow_cost":"","seed_source_timestamp":0,"circlet_count":0,"master_deck":["Strike_B","Strike_B","Strike_B","Strike_B","Defend_B","Defend_B","Zap+1","Dualcast+1","Rebound","Rebound","Sweeping Beam","Gash","Rebound","Gash","Scrape+1","Rebound","Gash","Fusion+1","Go for the Eyes","Go for the Eyes","Turbo+1","Go for the Eyes","Reprogram","Seek+1","Decay","Go for the Eyes+1","Machine Learning+1","Skim","Parasite","FTL","Panache","Finesse","Steam","Pain"],"special_seed":17890,"relics":["Darkstone Periapt","Du-Vu Doll","Unceasing Top","Dodecahedron","White Beast Statue","Nloth\u0027s Gift","Shuriken","Bottled Flame","Nuclear Battery","Vajra","Boot"],"potions_floor_usage":[7,14,16,21,21,22,23,25,28,29,31,33,33,33,38,40,40,42,42,42,44,48,50,50],"damage_taken":[{"damage":0,"enemies":"Cultist","floor":1,"turns":3},{"damage":2,"enemies":"2 Louse","floor":2,"turns":3},{"damage":3,"enemies":"Small Slimes","floor":3,"turns":3},{"damage":0,"enemies":"Looter","floor":4,"turns":3},{"damage":0,"enemies":"Gremlin Gang","floor":7,"turns":2},{"damage":0,"enemies":"3 Louse","floor":10,"turns":2},{"damage":0,"enemies":"Gremlin Nob","floor":13,"turns":2},{"damage":0,"enemies":"Large Slime","floor":14,"turns":2},{"damage":37,"enemies":"The Guardian","floor":16,"turns":5},{"damage":0,"enemies":"Spheric Guardian","floor":18,"turns":3},{"damage":0,"enemies":"3 Byrds","floor":21,"turns":3},{"damage":19,"enemies":"Centurion and Healer","floor":22,"turns":3},{"damage":36,"enemies":"Gremlin Leader","floor":23,"turns":6},{"damage":35,"enemies":"Snake Plant","floor":25,"turns":5},{"damage":18,"enemies":"Shelled Parasite and Fungi","floor":28,"turns":2},{"damage":12,"enemies":"Snecko","floor":29,"turns":4},{"damage":12,"enemies":"3 Cultists","floor":31,"turns":4},{"damage":24,"enemies":"Champ","floor":33,"turns":4},{"damage":12,"enemies":"3 Darklings","floor":35,"turns":2},{"damage":0,"enemies":"Orb Walker","floor":37,"turns":1},{"damage":0,"enemies":"3 Darklings","floor":38,"turns":2},{"damage":35,"enemies":"Nemesis","floor":40,"turns":5},{"damage":12,"enemies":"4 Shapes","floor":41,"turns":1},{"damage":7,"enemies":"Writhing Mass","floor":42,"turns":3},{"damage":2,"enemies":"3 Darklings","floor":44,"turns":2},{"damage":2,"enemies":"Transient","floor":47,"turns":5},{"damage":6,"enemies":"Writhing Mass","floor":48,"turns":3},{"damage":27,"enemies":"Donu and Deca","floor":50,"turns":3}],"seed_played":"-1417837412704543464","potions_obtained":[{"floor":4,"key":"Poison Potion"},{"floor":7,"key":"Weak Potion"},{"floor":10,"key":"SpeedPotion"},{"floor":14,"key":"FearPotion"},{"floor":18,"key":"GamblersBrew"},{"floor":21,"key":"Fruit Juice"},{"floor":22,"key":"SkillPotion"},{"floor":23,"key":"SneckoOil"},{"floor":25,"key":"Swift Potion"},{"floor":28,"key":"SteroidPotion"},{"floor":29,"key":"GamblersBrew"},{"floor":31,"key":"PowerPotion"},{"floor":33,"key":"Poison Potion"},{"floor":35,"key":"EssenceOfSteel"},{"floor":37,"key":"FearPotion"},{"floor":38,"key":"LiquidBronze"},{"floor":40,"key":"SteroidPotion"},{"floor":41,"key":"PowerPotion"},{"floor":42,"key":"AttackPotion"},{"floor":44,"key":"SpeedPotion"},{"floor":47,"key":"GamblersBrew"},{"floor":48,"key":"AttackPotion"}],"is_trial":false,"path_per_floor":["M","M","M","M","$","R","M","R","T","M","?","?","E","M","R","B",null,"M","?","?","M","M","E","R","M","T","R","M","M","$","M","R","B",null,"M","?","M","M","?","E","M","M","T","M","$","R","M","M","R","B",null],"character_chosen":"DEFECT","items_purchased":["Gash","Rebound","Explosive Potion","GamblersBrew","Reprogram","Panache","Finesse"],"campfire_rested":4,"item_purchase_floors":[5,5,5,30,30,45,45],"current_hp_per_floor":[75,73,70,70,70,70,70,70,76,76,76,76,76,76,76,45,87,87,87,87,92,73,37,64,29,29,56,38,26,26,14,41,23,98,86,86,86,86,86,51,39,38,38,36,36,67,65,59,59,38],"gold":33,"neow_bonus":"","is_prod":false,"is_daily":true,"chose_seed":false,"campfire_upgraded":4,"win_rate":0,"timestamp":1545719491,"path_taken":["M","?","M","M","$","R","M","R","T","M","?","?","E","M","R","BOSS","M","?","?","?","M","E","R","M","T","R","M","M","$","M","R","BOSS","M","?","M","M","?","E","M","M","T","?","$","R","M","M","R","BOSS"],"build_version":"2018-12-20","purchased_purges":1,"victory":true,"max_hp_per_floor":[75,75,75,75,75,75,75,75,81,81,81,81,81,81,81,87,87,87,87,87,92,92,92,92,92,92,92,92,92,92,92,92,98,98,98,98,98,98,98,98,98,104,104,104,104,104,104,104,104,110],"card_choices":[{"not_picked":["Compile Driver"],"picked":"Rebound","floor":1},{"not_picked":["Heatsinks"],"picked":"Rebound","floor":2},{"not_picked":["Leap","Conserve Battery"],"picked":"SKIP","floor":3},{"not_picked":["Blizzard"],"picked":"Sweeping Beam","floor":4},{"not_picked":["Auto Shields","Redo"],"picked":"SKIP","floor":7},{"not_picked":["Amplify"],"picked":"Gash","floor":10},{"not_picked":["Blizzard"],"picked":"Scrape","floor":13},{"not_picked":["Turbo","Ball Lightning"],"picked":"SKIP","floor":14},{"not_picked":["Rip and Tear"],"picked":"Rebound","floor":18},{"not_picked":["Defragment"],"picked":"Fusion+1","floor":21},{"not_picked":["Compile Driver","Static Discharge+1"],"picked":"SKIP","floor":22},{"not_picked":["Redo"],"picked":"Go for the Eyes","floor":23},{"not_picked":["Undo"],"picked":"Go for the Eyes","floor":25},{"not_picked":["Sweeping Beam"],"picked":"Turbo+1","floor":28},{"not_picked":["Hologram"],"picked":"Go for the Eyes","floor":29},{"not_picked":["Heatsinks"],"picked":"Seek","floor":31},{"not_picked":["Streamline+1","Conserve Battery"],"picked":"SKIP","floor":35},{"not_picked":["Melter+1"],"picked":"Go for the Eyes+1","floor":37},{"not_picked":["Streamline","Creative AI"],"picked":"SKIP","floor":38},{"not_picked":["Ball Lightning+1"],"picked":"Machine Learning","floor":40},{"not_picked":["Rebound+1"],"picked":"Skim","floor":41},{"not_picked":["Rip and Tear+1"],"picked":"FTL","floor":42},{"not_picked":["Chill","Stack+1"],"picked":"SKIP","floor":44},{"not_picked":["Barrage"],"picked":"Steam","floor":47},{"not_picked":["Hologram+1","Cold Snap+1"],"picked":"SKIP","floor":48}],"player_experience":59316,"relics_obtained":[{"floor":9,"key":"Unceasing Top"},{"floor":13,"key":"Dodecahedron"},{"floor":23,"key":"Shuriken"},{"floor":26,"key":"Bottled Flame"},{"floor":40,"key":"Vajra"},{"floor":43,"key":"Boot"}],"event_choices":[{"cards_removed":["Doubt"],"damage_healed":0,"gold_gain":0,"player_choice":"Forget","damage_taken":0,"max_hp_gain":0,"max_hp_loss":0,"event_name":"Living Wall","floor":11,"gold_loss":0},{"cards_removed":["Defend_B"],"damage_healed":0,"gold_gain":0,"player_choice":"Card Removal","damage_taken":0,"max_hp_gain":0,"max_hp_loss":0,"event_name":"The Cleric","floor":12,"gold_loss":50},{"damage_healed":0,"gold_gain":0,"player_choice":"Read","damage_taken":0,"max_hp_gain":0,"max_hp_loss":0,"event_name":"The Library","floor":19,"gold_loss":0,"cards_obtained":["Gash"]},{"damage_healed":0,"gold_gain":0,"player_choice":"Traded Relic","damage_taken":0,"relics_obtained":["Nloth\u0027s Gift"],"max_hp_gain":0,"max_hp_loss":0,"event_name":"N\u0027loth","floor":20,"relics_lost":["Cursed Key"],"gold_loss":0},{"cards_removed":["Defend_B"],"damage_healed":0,"gold_gain":0,"player_choice":"Removed Skill","damage_taken":0,"max_hp_gain":0,"max_hp_loss":0,"event_name":"Falling","floor":36,"gold_loss":0},{"damage_healed":0,"gold_gain":0,"player_choice":"Upgraded","damage_taken":0,"max_hp_gain":0,"max_hp_loss":0,"event_name":"Upgrade Shrine","floor":39,"gold_loss":0,"cards_upgraded":["Seek"]}],"is_beta":false,"boss_relics":[{"not_picked":["Astrolabe","Velvet Choker"],"picked":"White Beast Statue"},{"not_picked":["Busted Crown","Calling Bell"],"picked":"Nuclear Battery"}],"items_purged_floors":[30],"is_endless":false,"potions_floor_spawned":[4,7,10,14,18,21,22,23,25,28,29,31,33,35,37,38,40,41,42,44,47,48],"ascension_level":0}