{"gold_per_floor":[114,114,124,49,49,79,98,110,160,179,179,191,205,229,229,332,332,349,366,366,366,384,384,409,50,50,66,66,66,66,66,66,167,167,177,177,177,226,81,115,115,144,170,182,206,218,21,33,33,33],"floor_reached":50,"playtime":3926,"items_purged":["Strike_B","Strike_B"],"score":673,"play_id":"28c1374c-40c3-496b-ad25-44fd11f848a2","local_time":"20190428191044","is_ascension_mode":true,"campfire_choices":[{"data":"1","floor":11,"key":"LIFT"},{"data":"2","floor":15,"key":"LIFT"},{"data":"Zap","floor":23,"key":"SMITH"},{"data":"3","floor":28,"key":"LIFT"},{"floor":32,"key":"REST"},{"floor":41,"key":"REST"},{"data":"Defragment","floor":49,"key":"SMITH"}],"neow_cost":"TEN_PERCENT_HP_LOSS","seed_source_timestamp":0,"circlet_count":0,"master_deck":["Defend_B","Defend_B","Defend_B","Defend_B","Zap+1","Dualcast","Ball Lightning+1","FTL","Genetic Algorithm","Coolheaded","Reinforced Body","Go for the Eyes","Rebound","Conserve Battery","Electrodynamics","Barrage+1","Skim","Cold Snap","Hologram","Sweeping Beam+1","Multi-Cast","Hologram+1","Defragment+1","Glacier","Coolheaded+1","Glacier+1","Parasite","Steam+1","Stack"],"special_seed":0,"relics":["Cracked Core","Girya","Symbiotic Virus","Whetstone","Oddly Smooth Stone","Omamori","Cursed Key","MutagenicStrength","Juzu Bracelet","Matryoshka","Pen Nib","Centennial Puzzle","Boot","Enchiridion","Philosopher\u0027s Stone","Nunchaku","Dodecahedron","Orichalcum","MawBank","Anchor"],"potions_floor_usage":[40,50,50,50],"damage_taken":[{"damage":5.0,"enemies":"Small Slimes","floor":1.0,"turns":3.0},{"damage":0.0,"enemies":"Cultist","floor":3.0,"turns":2.0},{"damage":18.0,"enemies":"Gremlin Nob","floor":6.0,"turns":3.0},{"damage":2.0,"enemies":"Jaw Worm","floor":7.0,"turns":3.0},{"damage":8.0,"enemies":"Blue Slaver","floor":8.0,"turns":3.0},{"damage":3.0,"enemies":"Looter","floor":10.0,"turns":3.0},{"damage":0,"enemies":"Large Slime","floor":12,"turns":4},{"damage":0,"enemies":"Blue Slaver","floor":13,"turns":3},{"damage":14,"enemies":"The Guardian","floor":16,"turns":9},{"damage":0,"enemies":"2 Thieves","floor":18,"turns":3},{"damage":2,"enemies":"Shell Parasite","floor":19,"turns":3},{"damage":0,"enemies":"Snecko","floor":22,"turns":4},{"damage":21,"enemies":"Gremlin Leader","floor":24,"turns":5},{"damage":6,"enemies":"Shelled Parasite and Fungi","floor":27,"turns":3},{"damage":32,"enemies":"Collector","floor":33,"turns":7},{"damage":0,"enemies":"3 Darklings","floor":35,"turns":2},{"damage":11,"enemies":"2 Orb Walkers","floor":38,"turns":2},{"damage":32,"enemies":"Giant Head","floor":40,"turns":8},{"damage":14,"enemies":"Reptomancer","floor":42,"turns":5},{"damage":0,"enemies":"3 Shapes","floor":45,"turns":2},{"damage":11,"enemies":"Spire Growth","floor":48,"turns":4},{"damage":63,"enemies":"Time Eater","floor":50,"turns":12}],"seed_played":"-2867088732050192107","potions_obtained":[{"floor":3.0,"key":"Regen Potion"},{"floor":5.0,"key":"Block Potion"},{"floor":5.0,"key":"Fruit Juice"},{"floor":5.0,"key":"Fire Potion"},{"floor":6.0,"key":"PowerPotion"},{"floor":35,"key":"EntropicBrew"}],"is_trial":false,"path_per_floor":["M","?","M","$","?","E","M","M","T","M","R","M","M","T","R","B",null,"M","M","?","?","M","R","E","$","T","M","R","?","$","?","R","B",null,"M","?","?","?","$","E","R","E","T","?","M","?","$","M","R","B"],"character_chosen":"DEFECT","items_purchased":["Matryoshka","Defragment","Glacier","Anchor","PowerPotion"],"campfire_rested":2,"item_purchase_floors":[25,39,39,47,47],"current_hp_per_floor":[63,60,60,60,65,47,45,37,37,34,34,34,34,34,34,20,60,60,58,58,58,58,58,37,37,37,31,31,31,31,15,36,4,56,56,56,56,45,45,13,33,19,19,60,60,60,60,49,49,0],"gold":33,"neow_bonus":"ONE_RARE_RELIC","is_prod":false,"is_daily":false,"chose_seed":false,"campfire_upgraded":2,"win_rate":0,"timestamp":1556503844,"path_taken":["M","?","M","$","?","E","M","M","T","M","R","M","?","?","R","BOSS","M","M","?","?","M","R","E","$","T","M","R","?","?","?","R","BOSS","M","?","?","?","$","E","R","E","T","?","M","?","$","M","R","BOSS"],"build_version":"2019-01-23","purchased_purges":2,"victory":false,"max_hp_per_floor":[68,68,68,68,73,73,73,73,73,73,73,73,73,73,73,73,73,73,73,73,73,73,73,73,73,73,73,73,73,73,73,73,73,73,73,69,69,69,69,69,69,69,69,60,60,60,60,60,60,60],"card_choices":[{"not_picked":["Hologram","BootSequence"],"picked":"Ball Lightning","floor":1.0},{"not_picked":["Cold Snap","Capacitor"],"picked":"FTL","floor":3.0},{"not_picked":["Chaos","Ball Lightning"],"picked":"Genetic Algorithm","floor":6.0},{"not_picked":["Turbo","Barrage"],"picked":"Coolheaded","floor":7.0},{"not_picked":["Cold Snap","Barrage"],"picked":"Reinforced Body","floor":8.0},{"not_picked":["Conserve Battery","Aggregate"],"picked":"Go for the Eyes","floor":10.0},{"not_picked":["Coolheaded","Recycle"],"picked":"Rebound","floor":12},{"not_picked":["Compile Driver","Hologram"],"picked":"Conserve Battery","floor":13},{"not_picked":["Fission","Hyperbeam"],"picked":"Electrodynamics","floor":16},{"not_picked":["Rebound","Cold Snap"],"picked":"Barrage+1","floor":18},{"not_picked":["Fusion","Redo"],"picked":"Skim","floor":19},{"not_picked":["Compile Driver","Gash","Heatsinks+1"],"picked":"SKIP","floor":22},{"not_picked":["Cold Snap","Creative AI"],"picked":"Hologram","floor":24},{"not_picked":["Hologram","Rebound+1"],"picked":"Sweeping Beam+1","floor":27},{"not_picked":["Creative AI","Meteor Strike"],"picked":"Multi-Cast","floor":33},{"not_picked":["Chill+1","Steam Power"],"picked":"Hologram+1","floor":35},{"not_picked":["Skim+1","Cold Snap"],"picked":"Coolheaded+1","floor":40},{"not_picked":["Double Energy+1","Skim"],"picked":"Glacier+1","floor":42},{"not_picked":["Sweeping Beam","Static Discharge+1"],"picked":"Steam+1","floor":45},{"not_picked":["Steam","Gash"],"picked":"Stack","floor":48}],"player_experience":395221,"relics_obtained":[{"floor":6.0,"key":"Whetstone"},{"floor":9.0,"key":"Oddly Smooth Stone"},{"floor":14,"key":"Omamori"},{"floor":24,"key":"Juzu Bracelet"},{"floor":26,"key":"Pen Nib"},{"floor":26,"key":"Centennial Puzzle"},{"floor":31,"key":"Enchiridion"},{"floor":38,"key":"Nunchaku"},{"floor":40,"key":"Dodecahedron"},{"floor":42,"key":"Orichalcum"},{"floor":43,"key":"MawBank"}],"event_choices":[{"damage_healed":0.0,"max_hp_gain":0.0,"max_hp_loss":0.0,"gold_gain":0.0,"event_name":"Scrap Ooze","player_choice":"Success","floor":2.0,"gold_loss":0.0,"damage_taken":3.0,"relics_obtained":["Symbiotic Virus"]},{"damage_healed":0.0,"max_hp_gain":0.0,"max_hp_loss":0.0,"gold_gain":0.0,"event_name":"Lab","player_choice":"Got Potions","floor":5.0,"gold_loss":0.0,"damage_taken":0.0},{"damage_healed":0,"gold_gain":0,"player_choice":"Inject Mutagens","damage_taken":0,"relics_obtained":["MutagenicStrength"],"max_hp_gain":0,"max_hp_loss":0,"event_name":"Drug Dealer","floor":20,"gold_loss":0},{"damage_healed":0,"gold_gain":0,"player_choice":"Read","damage_taken":0,"max_hp_gain":0,"max_hp_loss":0,"event_name":"The Library","floor":21,"gold_loss":0,"cards_obtained":["Cold Snap"]},{"damage_healed":0,"gold_gain":0,"player_choice":"Opened","damage_taken":0,"relics_obtained":["Boot"],"max_hp_gain":0,"max_hp_loss":0,"event_name":"The Mausoleum","floor":29,"gold_loss":0,"cards_obtained":["Writhe"]},{"damage_healed":0,"gold_gain":0,"player_choice":"Obtained Book","damage_taken":16,"max_hp_gain":0,"max_hp_loss":0,"event_name":"Cursed Tome","floor":31,"gold_loss":0},{"damage_healed":0,"gold_gain":0,"player_choice":"Max HP","damage_taken":0,"max_hp_gain":0,"max_hp_loss":4,"event_name":"Winding Halls","floor":36,"gold_loss":0},{"cards_removed":["Strike_B"],"damage_healed":0,"gold_gain":0,"player_choice":"Removed Attack","damage_taken":0,"max_hp_gain":0,"max_hp_loss":0,"event_name":"Falling","floor":37,"gold_loss":0},{"damage_healed":0,"gold_gain":0,"player_choice":"Fight","damage_taken":0,"max_hp_gain":0,"max_hp_loss":0,"event_name":"Mysterious Sphere","floor":38,"gold_loss":0},{"damage_healed":60,"gold_gain":0,"player_choice":"Heal","damage_taken":0,"max_hp_gain":0,"max_hp_loss":9,"event_name":"The Moai Head","floor":44,"gold_loss":0},{"cards_removed":["Strike_B"],"damage_healed":0,"gold_gain":0,"player_choice":"Purged","damage_taken":0,"max_hp_gain":0,"max_hp_loss":0,"event_name":"Purifier","floor":46,"gold_loss":0}],"is_beta":false,"boss_relics":[{"not_picked":["Orrery","Pandora\u0027s Box"],"picked":"Cursed Key"},{"not_picked":["Fusion Hammer","Empty Cage"],"picked":"Philosopher\u0027s Stone"}],"items_purged_floors":[4,25],"is_endless":false,"potions_floor_spawned":[3,6,8,12,19,33,35,38],"killed_by":"Time Eater","ascension_level":6}