{"gold_per_floor":[116,134,153,3,23,54,54,54,133,158,158,177,177,192,192,192],"floor_reached":16,"playtime":920,"items_purged":["Strike_G"],"score":146,"play_id":"09e0f739-91bf-43a0-a45e-115c84b9023c","local_time":"20190502171933","is_ascension_mode":true,"campfire_choices":[{"data":"All Out Attack","floor":8,"key":"SMITH"},{"floor":11,"key":"REST"},{"floor":13,"key":"REST"},{"data":"Poisoned Stab","floor":15,"key":"SMITH"}],"neow_cost":"NONE","seed_source_timestamp":1845414467356700,"circlet_count":0,"master_deck":["Defend_G","Defend_G","Defend_G","Defend_G","Defend_G","Strike_G","Strike_G","Strike_G","Strike_G","Survivor","Neutralize","Poisoned Stab+1","Quick Slash","Prepared","Backstab","Sucker Punch","All Out Attack+1","PiercingWail","Dodge and Roll","Escape Plan"],"relics":["Ring of the Snake","Unceasing Top","Singing Bowl","PreservedInsect"],"potions_floor_usage":[10,16,16,16],"damage_taken":[{"damage":0,"enemies":"Cultist","floor":1,"turns":4},{"damage":0,"enemies":"2 Louse","floor":2,"turns":3},{"damage":2,"enemies":"Jaw Worm","floor":3,"turns":3},{"damage":1,"enemies":"Exordium Wildlife","floor":5,"turns":3},{"damage":38,"enemies":"3 Sentries","floor":6,"turns":9},{"damage":17,"enemies":"Lagavulin","floor":10,"turns":7},{"damage":1,"enemies":"Red Slaver","floor":12,"turns":2},{"damage":0,"enemies":"3 Louse","floor":14,"turns":3},{"damage":49,"enemies":"Slime Boss","floor":16,"turns":14}],"seed_played":"-3162228316433235014","potions_obtained":[{"floor":3,"key":"Strength Potion"},{"floor":5,"key":"FearPotion"},{"floor":12,"key":"LiquidBronze"}],"is_trial":false,"path_per_floor":["M","M","M","$","M","E","$","R","T","E","R","M","R","M","R","B"],"character_chosen":"THE_SILENT","items_purchased":["GhostInAJar"],"campfire_rested":2,"item_purchase_floors":[4],"current_hp_per_floor":[63,63,61,61,60,22,22,22,22,5,26,25,46,46,46,0],"gold":192,"neow_bonus":"THREE_CARDS","is_prod":false,"is_daily":false,"chose_seed":false,"campfire_upgraded":2,"win_rate":0,"timestamp":1556842773,"path_taken":["M","M","M","$","M","E","$","R","T","E","R","M","R","M","R","BOSS"],"build_version":"2019-01-23","purchased_purges":1,"victory":false,"max_hp_per_floor":[70,70,70,70,70,70,70,70,70,70,70,70,70,70,70,70],"card_choices":[{"not_picked":["PiercingWail","Terror"],"picked":"Poisoned Stab","floor":0},{"not_picked":["Backflip","Prepared"],"picked":"Quick Slash","floor":1},{"not_picked":["Bane","Flying Knee"],"picked":"Prepared","floor":2},{"not_picked":["Prepared","Dagger Throw"],"picked":"Backstab","floor":3},{"not_picked":["Escape Plan","Infinite Blades"],"picked":"Sucker Punch","floor":5},{"not_picked":["Outmaneuver","Underhanded Strike"],"picked":"All Out Attack","floor":6},{"not_picked":["Flying Knee","Phantasmal Killer"],"picked":"PiercingWail","floor":10},{"not_picked":["Backflip","All Out Attack"],"picked":"Dodge and Roll","floor":12},{"not_picked":["Catalyst","Outmaneuver"],"picked":"Escape Plan","floor":14}],"player_experience":421292,"relics_obtained":[{"floor":6,"key":"Unceasing Top"},{"floor":9,"key":"Singing Bowl"},{"floor":10,"key":"PreservedInsect"}],"event_choices":[],"is_beta":false,"boss_relics":[],"items_purged_floors":[4],"is_endless":false,"potions_floor_spawned":[3,5,12],"killed_by":"Slime Boss","ascension_level":6}