{"gold_per_floor":[117,117,117,117,133,133,143,143,143,143,175,185,185,205,205,205],"floor_reached":16,"playtime":739,"items_purged":[],"score":150,"play_id":"5eb78cad-fcb2-4ae3-8a0a-aefa5ca7b69b","local_time":"20190330215212","is_ascension_mode":true,"campfire_choices":[{"floor":6,"key":"REST"},{"data":"Neutralize","floor":10,"key":"SMITH"},{"floor":13,"key":"REST"},{"floor":15,"key":"REST"}],"neow_cost":"TEN_PERCENT_HP_LOSS","seed_source_timestamp":353653864261500,"circlet_count":0,"master_deck":["AscendersBane","Defend_G+1","Defend_G","Defend_G","Defend_G","Defend_G","Strike_G","Strike_G","Strike_G","Strike_G+1","Survivor","Neutralize+1","Blur","Regret","Backstab","Footwork","Quick Slash"],"relics":["Ring of the Snake","Nunchaku","Paper Crane","Question Card","Pear","Meat on the Bone"],"potions_floor_usage":[12],"damage_taken":[{"damage":0,"enemies":"Small Slimes","floor":1,"turns":3},{"damage":0,"enemies":"Jaw Worm","floor":5,"turns":9},{"damage":0,"enemies":"Cultist","floor":7,"turns":4},{"damage":67,"enemies":"Lagavulin","floor":11,"turns":18},{"damage":2,"enemies":"2 Fungi Beasts","floor":12,"turns":5},{"damage":3,"enemies":"Exordium Wildlife","floor":14,"turns":5},{"damage":71,"enemies":"Slime Boss","floor":16,"turns":14}],"seed_played":"-5586321687691078182","potions_obtained":[{"floor":11,"key":"Weak Potion"},{"floor":12,"key":"Energy Potion"}],"is_trial":false,"path_per_floor":["M","?","?","T","M","R","M","?","T","R","E","M","R","M","R","B"],"character_chosen":"THE_SILENT","items_purchased":[],"campfire_rested":3,"item_purchase_floors":[],"current_hp_per_floor":[63,56,43,43,43,61,61,61,71,71,4,14,35,44,65,0],"gold":205,"neow_bonus":"ONE_RARE_RELIC","is_prod":false,"is_daily":false,"chose_seed":false,"campfire_upgraded":1,"win_rate":0,"timestamp":1553979132,"path_taken":["M","?","?","?","M","R","?","?","T","R","E","M","R","M","R","BOSS"],"build_version":"2019-01-23","purchased_purges":0,"victory":false,"max_hp_per_floor":[63,63,63,63,63,63,63,63,73,73,73,73,73,73,73,73],"card_choices":[{"not_picked":["Deflect","Outmaneuver"],"picked":"Blur","floor":1},{"not_picked":["Backflip","Skewer","Expertise"],"picked":"SKIP","floor":5},{"not_picked":["Slice","Grand Finale","Deflect"],"picked":"SKIP","floor":7},{"not_picked":["Bane","Caltrops","Reflex"],"picked":"Backstab","floor":11},{"not_picked":["Quick Slash","Well Laid Plans","Concentrate"],"picked":"Footwork","floor":12},{"not_picked":["Outmaneuver","Slice","Concentrate"],"picked":"Quick Slash","floor":14}],"player_experience":1583052,"relics_obtained":[{"floor":4,"key":"Paper Crane"},{"floor":9,"key":"Pear"},{"floor":11,"key":"Meat on the Bone"}],"event_choices":[{"cards_removed":["Strike_G"],"damage_healed":0,"gold_gain":0,"player_choice":"Card Removal","damage_taken":7,"max_hp_gain":0,"max_hp_loss":0,"event_name":"Golden Wing","floor":2,"gold_loss":0},{"damage_healed":0,"gold_gain":0,"player_choice":"Entered Light","damage_taken":13,"max_hp_gain":0,"max_hp_loss":0,"event_name":"Shining Light","floor":3,"gold_loss":0,"cards_upgraded":["Defend_G","Strike_G"]},{"damage_healed":0,"gold_gain":0,"player_choice":"Box","damage_taken":0,"relics_obtained":["Question Card"],"max_hp_gain":0,"max_hp_loss":0,"event_name":"Big Fish","floor":8,"gold_loss":0,"cards_obtained":["Regret"]}],"is_beta":false,"boss_relics":[],"items_purged_floors":[],"is_endless":false,"potions_floor_spawned":[11,12],"killed_by":"Slime Boss","ascension_level":10}