{"gold_per_floor":[113,70,120,130,145,170,170,198,198,210,45,62,62,91,91,163,163,174,174,174,190,202,227,227,259,259,259,11,27,42,42,42,119,119,139,139,158,7,17,45,45,77,77,106,120,154,165,165,165,165,165,165,165,33,61,61],"floor_reached":57,"playtime":9460,"items_purged":["Strike_G","Pain"],"score":3485,"play_id":"9cc5d6f1-cce8-4359-89c9-875aa5e3e9b2","local_time":"20190505183334","is_ascension_mode":true,"campfire_choices":[{"data":"Skewer","floor":7.0,"key":"SMITH"},{"data":"Footwork","floor":15.0,"key":"SMITH"},{"floor":24.0,"key":"REST"},{"floor":27.0,"key":"REST"},{"floor":32.0,"key":"REST"},{"floor":41.0,"key":"REST"},{"floor":49,"key":"RECALL"},{"floor":53,"key":"REST"}],"neow_cost":"NONE","seed_source_timestamp":727831921124361,"circlet_count":0,"master_deck":["AscendersBane","Defend_G","Defend_G","Defend_G","Defend_G","Defend_G","Strike_G","Strike_G","Survivor","Neutralize","Dash","Footwork","Calculated Gamble","Skewer+1","Dodge and Roll","Backflip","Backflip","Blade Dance","Footwork+1","Envenom","Footwork","Predator","Dodge and Roll","Blade Dance","PiercingWail","Night Terror","Cloak And Dagger","Infinite Blades","Well Laid Plans","Footwork","Catalyst+1","Wraith Form v2","Dodge and Roll","Outmaneuver+1","Catalyst","Cloak And Dagger","Endless Agony","Cloak And Dagger+1","Backflip","Prepared+1","Footwork+1","Calculated Gamble","Dodge and Roll+1"],"special_seed":0,"relics":["White Beast Statue","Incense Burner","WingedGreaves","Snake Skull","Dead Branch","Fusion Hammer","Centennial Puzzle","Anchor","The Courier","Black Star","WarpedTongs","Kunai","Vajra","Happy Flower","Pen Nib","Potion Belt","Frozen Egg 2","Omamori","Turnip","Boot","Bronze Scales"],"potions_floor_usage":[42,45,45,50,50,56,56],"damage_taken":[{"damage":4.0,"enemies":"2 Louse","floor":1.0,"turns":4.0},{"damage":0.0,"enemies":"Cultist","floor":4.0,"turns":5.0},{"damage":5.0,"enemies":"Jaw Worm","floor":5.0,"turns":6.0},{"damage":20.0,"enemies":"3 Sentries","floor":6.0,"turns":12.0},{"damage":11.0,"enemies":"Lagavulin","floor":8.0,"turns":10.0},{"damage":1.0,"enemies":"3 Louse","floor":10.0,"turns":4.0},{"damage":8.0,"enemies":"Large Slime","floor":12.0,"turns":8.0},{"damage":11.0,"enemies":"3 Sentries","floor":14.0,"turns":12.0},{"damage":1.0,"enemies":"The Guardian","floor":16.0,"turns":18.0},{"damage":6.0,"enemies":"Spheric Guardian","floor":18.0,"turns":6.0},{"damage":0.0,"enemies":"Chosen","floor":21.0,"turns":5.0},{"damage":14.0,"enemies":"Sentry and Sphere","floor":22.0,"turns":9.0},{"damage":13.0,"enemies":"Gremlin Leader","floor":23.0,"turns":9.0},{"damage":9.0,"enemies":"Book of Stabbing","floor":25.0,"turns":4.0},{"damage":39.0,"enemies":"Cultist and Chosen","floor":29.0,"turns":8.0},{"damage":12.0,"enemies":"Centurion and Healer","floor":30.0,"turns":8.0},{"damage":9.0,"enemies":"Collector","floor":33.0,"turns":11.0},{"damage":8.0,"enemies":"3 Shapes","floor":35.0,"turns":6.0},{"damage":4.0,"enemies":"Orb Walker","floor":37.0,"turns":3.0},{"damage":0.0,"enemies":"3 Darklings","floor":39.0,"turns":7.0},{"damage":10.0,"enemies":"Reptomancer","floor":40.0,"turns":12.0},{"damage":19,"enemies":"Nemesis","floor":42,"turns":9},{"damage":2,"enemies":"Giant Head","floor":44,"turns":8},{"damage":0,"enemies":"Jaw Worm Horde","floor":45,"turns":4},{"damage":13,"enemies":"Nemesis","floor":46,"turns":7},{"damage":0,"enemies":"Maw","floor":47,"turns":8},{"damage":13,"enemies":"Donu and Deca","floor":50,"turns":14},{"damage":27,"enemies":"Time Eater","floor":51,"turns":14},{"damage":3,"enemies":"Shield and Spear","floor":55,"turns":7},{"damage":10,"enemies":"The Heart","floor":56,"turns":6}],"seed_played":"745908556554466462","potions_obtained":[{"floor":1.0,"key":"Fire Potion"},{"floor":4.0,"key":"Energy Potion"},{"floor":5.0,"key":"Regen Potion"},{"floor":6.0,"key":"Explosive Potion"},{"floor":8.0,"key":"GhostInAJar"},{"floor":10.0,"key":"GhostInAJar"},{"floor":16.0,"key":"Regen Potion"},{"floor":21.0,"key":"GhostInAJar"},{"floor":23.0,"key":"Energy Potion"},{"floor":25.0,"key":"Energy Potion"},{"floor":29.0,"key":"Energy Potion"},{"floor":30.0,"key":"Explosive Potion"},{"floor":33.0,"key":"EntropicBrew"},{"floor":35.0,"key":"FearPotion"},{"floor":37.0,"key":"Swift Potion"},{"floor":44,"key":"SkillPotion"},{"floor":45,"key":"Ancient Potion"},{"floor":46,"key":"SkillPotion"},{"floor":47,"key":"Block Potion"},{"floor":55,"key":"Poison Potion"}],"is_trial":false,"path_per_floor":["M","$","?","M","M","E","R","E","T","M","$","M","$","E","R","B",null,"M","?","?","M","M","E","R","E","T","R","$","M","M","?","R","B",null,"M","?","M","$","M","E","R","E","T","E","M","E","M","?","R","B","B",null,"R","$","E","B",null],"character_chosen":"THE_SILENT","items_purchased":["Footwork","Snake Skull","Infinite Blades","Well Laid Plans","Footwork","Catalyst","Weak Potion","AttackPotion","Poison Potion"],"campfire_rested":5,"item_purchase_floors":[2,11,28,28,28,38,54,54,54],"current_hp_per_floor":[55,55,55,55,50,45,45,34,34,33,33,25,25,14,14,13,53,47,47,47,62,48,35,54,45,45,64,64,25,13,13,32,23,55,47,47,43,43,43,33,52,33,33,31,31,18,18,54,54,41,14,44,54,54,51,41],"gold":61,"neow_bonus":"BOSS_RELIC","is_prod":false,"is_daily":false,"chose_seed":false,"campfire_upgraded":2,"win_rate":0,"timestamp":1557095614,"path_taken":["M","$","?","M","M","E","R","E","T","?","$","M","?","E","R","BOSS","M","?","?","M","M","E","R","E","T","R","$","M","M","?","R","BOSS","M","?","M","$","M","E","R","E","T","E","M","E","?","?","R","BOSS","BOSS","R","$","E","BOSS"],"build_version":"2019-01-23","purchased_purges":2,"victory":true,"max_hp_per_floor":[66,66,66,66,66,66,66,66,66,66,66,66,66,66,66,66,66,66,66,66,66,66,66,66,66,66,66,66,66,66,66,66,66,66,66,66,66,66,66,66,66,66,66,66,66,66,66,54,54,54,54,54,54,54,54,54],"card_choices":[{"not_picked":["Outmaneuver","Blur"],"picked":"Dash","floor":1.0},{"not_picked":["Concentrate","Slice"],"picked":"Calculated Gamble","floor":4.0},{"not_picked":["Heel Hook","Dagger Throw"],"picked":"Skewer","floor":5.0},{"not_picked":["Concentrate","Venomology"],"picked":"Dodge and Roll","floor":6.0},{"not_picked":["Escape Plan","Concentrate"],"picked":"Backflip","floor":8.0},{"not_picked":["Reflex","Deadly Poison"],"picked":"Backflip","floor":10.0},{"not_picked":["Expertise","Reflex"],"picked":"Blade Dance","floor":12.0},{"not_picked":["Deflect","Poisoned Stab"],"picked":"Footwork","floor":14.0},{"not_picked":["Bullet Time","Doppelganger"],"picked":"Envenom","floor":16.0},{"not_picked":["Blur","Skewer"],"picked":"Footwork","floor":18.0},{"not_picked":["Blur","Backflip"],"picked":"PiercingWail","floor":21.0},{"not_picked":["Skewer","Deflect","Bane"],"picked":"SKIP","floor":22.0},{"not_picked":["Deadly Poison","Slice"],"picked":"Night Terror","floor":23.0},{"not_picked":["Dagger Spray","Setup"],"picked":"Cloak And Dagger","floor":25.0},{"not_picked":["Dagger Spray","Footwork"],"picked":"Catalyst+1","floor":29.0},{"not_picked":["Caltrops","Accuracy","Eviscerate"],"picked":"SKIP","floor":30.0},{"not_picked":["Caltrops","Accuracy","Eviscerate"],"picked":"SKIP","floor":30.0},{"not_picked":["Die Die Die","Malaise"],"picked":"Wraith Form v2","floor":33.0},{"not_picked":["Tactician+1","Skewer"],"picked":"Dodge and Roll","floor":35.0},{"not_picked":["Dagger Spray","Bane"],"picked":"Outmaneuver+1","floor":37.0},{"not_picked":["Riddle With Holes","Endless Agony"],"picked":"Cloak And Dagger","floor":39.0},{"not_picked":["Dash","Underhanded Strike+1"],"picked":"Endless Agony","floor":40.0},{"not_picked":["Skewer","Expertise"],"picked":"Cloak And Dagger+1","floor":42},{"not_picked":["Bane+1","Concentrate"],"picked":"Backflip","floor":44},{"not_picked":["Dagger Spray","Poisoned Stab+1"],"picked":"Prepared+1","floor":45},{"not_picked":["Tactician","Predator"],"picked":"Footwork+1","floor":46},{"not_picked":["Slice+1","Setup"],"picked":"Calculated Gamble","floor":47},{"not_picked":["Reflex","Quick Slash"],"picked":"Dodge and Roll+1","floor":55}],"player_experience":878112,"relics_obtained":[{"floor":8.0,"key":"Incense Burner"},{"floor":9.0,"key":"WingedGreaves"},{"floor":14.0,"key":"Dead Branch"},{"floor":23.0,"key":"Centennial Puzzle"},{"floor":25.0,"key":"Anchor"},{"floor":26.0,"key":"The Courier"},{"floor":40.0,"key":"Kunai"},{"floor":40.0,"key":"Vajra"},{"floor":42,"key":"Happy Flower"},{"floor":42,"key":"Pen Nib"},{"floor":44,"key":"Potion Belt"},{"floor":44,"key":"Frozen Egg 2"},{"floor":46,"key":"Omamori"},{"floor":46,"key":"Turnip"},{"floor":55,"key":"Boot"},{"floor":55,"key":"Bronze Scales"}],"event_choices":[{"damage_healed":0.0,"max_hp_gain":0.0,"max_hp_loss":0.0,"gold_gain":50.0,"event_name":"Golden Shrine","player_choice":"Pray","floor":3.0,"gold_loss":0.0,"damage_taken":0.0},{"damage_healed":0.0,"max_hp_gain":0.0,"max_hp_loss":0.0,"gold_gain":0.0,"cards_transformed":["Strike_G","Strike_G"],"event_name":"Drug Dealer","player_choice":"Became Test Subject","floor":19.0,"gold_loss":0.0,"damage_taken":0.0,"cards_obtained":["Predator","Dodge and Roll"]},{"damage_healed":0.0,"max_hp_gain":0.0,"max_hp_loss":0.0,"gold_gain":0.0,"event_name":"The Library","player_choice":"Read","floor":20.0,"gold_loss":0.0,"damage_taken":0.0,"cards_obtained":["Blade Dance"]},{"damage_healed":0.0,"max_hp_gain":0.0,"max_hp_loss":0.0,"gold_gain":0.0,"event_name":"Beggar","player_choice":"Ignored","floor":31.0,"gold_loss":0.0,"damage_taken":0.0},{"damage_healed":0.0,"max_hp_gain":0.0,"max_hp_loss":0.0,"gold_gain":0.0,"event_name":"Accursed Blacksmith","player_choice":"Rummage","floor":36.0,"gold_loss":0.0,"damage_taken":0.0,"relics_obtained":["WarpedTongs"],"cards_obtained":["Pain"]},{"damage_healed":54,"gold_gain":0,"player_choice":"Heal","damage_taken":0,"max_hp_gain":0,"max_hp_loss":12,"event_name":"The Moai Head","floor":48,"gold_loss":0}],"is_beta":false,"boss_relics":[{"not_picked":["Sozu","Astrolabe"],"picked":"Fusion Hammer"},{"not_picked":["Empty Cage","Coffee Dripper"],"picked":"Black Star"}],"items_purged_floors":[28,38],"is_endless":false,"potions_floor_spawned":[1,4,5,6,8,10,12,14,16,18,21,22,23,25,29,30,33,35,37,39,40,44,45,46,47,55],"ascension_level":20}