{"gold_per_floor":[112,39,39,55,67,67,93,93,171,171,93,106,18,33,33,131,131,142,92,92,111,111],"floor_reached":22,"playtime":785,"items_purged":[],"score":285,"play_id":"cf365b8b-6d29-488e-b993-35c324f918c4","local_time":"20190512215225","is_ascension_mode":true,"campfire_choices":[{"data":"Skewer","floor":6,"key":"SMITH"},{"floor":10,"key":"REST"},{"floor":15,"key":"REST"}],"neow_cost":"NONE","seed_source_timestamp":37677453483400,"circlet_count":0,"master_deck":["AscendersBane","Defend_G","Defend_G","Defend_G","Defend_G","Defend_G","Strike_G","Survivor","Neutralize","Accuracy","Skewer+1","Noxious Fumes","Accuracy","Deadly Poison","Catalyst","Accuracy","Bandage Up","Blade Dance","Corpse Explosion","Glass Knife+1","Choke+1","PiercingWail+1","Choke","Blade Dance"],"relics":["Ring of the Snake","NeowsBlessing","Gremlin Horn","Strawberry","Kunai","Astrolabe"],"potions_floor_usage":[7,7],"damage_taken":[{"damage":0,"enemies":"Jaw Worm","floor":1,"turns":1},{"damage":0,"enemies":"Cultist","floor":4,"turns":1},{"damage":0,"enemies":"Small Slimes","floor":5,"turns":1},{"damage":26,"enemies":"Gremlin Nob","floor":7,"turns":4},{"damage":11,"enemies":"Exordium Thugs","floor":12,"turns":5},{"damage":22,"enemies":"Gremlin Gang","floor":14,"turns":6},{"damage":57,"enemies":"Slime Boss","floor":16,"turns":13},{"damage":6,"enemies":"3 Byrds","floor":18,"turns":2},{"damage":50,"enemies":"Shell Parasite","floor":21,"turns":6},{"damage":21,"enemies":"Centurion and Healer","floor":22,"turns":2}],"seed_played":"-861608922192733456","potions_obtained":[{"floor":1,"key":"Weak Potion"},{"floor":5,"key":"Energy Potion"}],"is_trial":false,"path_per_floor":["M","$","?","M","M","R","E","T","T","R","$","M","$","M","R","B",null,"M","?","$","M","M"],"character_chosen":"THE_SILENT","items_purchased":["Skewer","Accuracy","Bandage Up"],"campfire_rested":2,"item_purchase_floors":[2,11,13],"current_hp_per_floor":[63,63,63,63,63,63,37,44,44,67,67,56,56,38,61,8,60,58,58,58,12,0],"gold":111,"neow_bonus":"THREE_ENEMY_KILL","is_prod":false,"is_daily":false,"chose_seed":false,"campfire_upgraded":1,"win_rate":0,"timestamp":1557690745,"path_taken":["M","$","?","?","M","R","E","?","T","R","$","M","$","M","R","BOSS","M","?","?","M","?"],"build_version":"2019-01-23","purchased_purges":0,"victory":false,"max_hp_per_floor":[70,70,70,70,70,70,70,77,77,77,77,77,77,77,77,77,77,77,77,77,77,77],"card_choices":[{"not_picked":["Calculated Gamble","Heel Hook"],"picked":"Accuracy","floor":1},{"not_picked":["Expertise","Quick Slash"],"picked":"Accuracy","floor":4},{"not_picked":["Quick Slash","Sucker Punch"],"picked":"Deadly Poison","floor":5},{"not_picked":["Blur","Outmaneuver"],"picked":"Catalyst","floor":7},{"not_picked":["Slice","Concentrate","Underhanded Strike"],"picked":"SKIP","floor":12},{"not_picked":["Dagger Spray","Quick Slash"],"picked":"Blade Dance","floor":14},{"not_picked":["Doppelganger","Unload"],"picked":"Corpse Explosion","floor":16},{"not_picked":["Acrobatics","Dodge and Roll"],"picked":"Choke","floor":18},{"not_picked":["Tactician+1","Dodge and Roll"],"picked":"Blade Dance","floor":21}],"player_experience":1843947,"relics_obtained":[{"floor":7,"key":"Gremlin Horn"},{"floor":8,"key":"Strawberry"},{"floor":9,"key":"Kunai"}],"event_choices":[{"damage_healed":0,"gold_gain":0,"cards_transformed":["Strike_G"],"player_choice":"Transformed","damage_taken":0,"max_hp_gain":0,"max_hp_loss":0,"event_name":"Transmorgrifier","floor":3,"gold_loss":0,"cards_obtained":["Noxious Fumes"]},{"damage_healed":0,"gold_gain":0,"player_choice":"Bet on Murderer","damage_taken":0,"max_hp_gain":0,"max_hp_loss":0,"event_name":"The Joust","floor":19,"gold_loss":50}],"is_beta":false,"boss_relics":[{"not_picked":["Empty Cage","Busted Crown"],"picked":"Astrolabe"}],"items_purged_floors":[],"is_endless":false,"potions_floor_spawned":[1,5],"killed_by":"Centurion and Healer","ascension_level":11}