{"gold_per_floor":[110,125,125,105,123,123,142,170,170,45,74,74,102,116,116,218,218,230,84,94,14,27,27,59,70,70,70,83,83,99,119,119,219,219,230,230,247,247],"floor_reached":38,"playtime":1848,"items_purged":[],"score":443,"play_id":"db20733b-e7d2-4bde-9859-b2fc5bfa38d2","local_time":"20190304213359","is_ascension_mode":false,"campfire_choices":[{"data":"Predator","floor":6,"key":"SMITH"},{"floor":12,"key":"REST"},{"floor":15,"key":"REST"},{"floor":23,"key":"REST"},{"floor":27,"key":"REST"},{"data":"Footwork","floor":32,"key":"SMITH"}],"neow_cost":"NONE","seed_source_timestamp":430503062185726,"circlet_count":0,"master_deck":["Defend_G+1","Defend_G+1","Defend_G+1","Defend_G+1","Defend_G+1","Strike_G+1","Strike_G+1","Strike_G+1","Strike_G+1","Survivor","Neutralize","Outmaneuver","Quick Slash+1","Predator+1","Poisoned Stab+1","Noxious Fumes","Dagger Spray+1","A Thousand Cuts","Quick Slash+1","Quick Slash+1","Adrenaline","Dagger Throw+1","Escape Plan","Glass Knife+1","Footwork+1","Backflip","Glass Knife+1","Slice+1","Terror+1","Backstab+1","Venomology","Parasite"],"relics":["Ring of the Serpent","Ancient Tea Set","Molten Egg 2","Mummified Hand","Letter Opener","Meat on the Bone","The Courier","Bottled Lightning","Empty Cage"],"potions_floor_usage":[8,14,22,33,33,33,35,37,38],"damage_taken":[{"damage":5,"enemies":"Small Slimes","floor":1,"turns":3},{"damage":5,"enemies":"2 Louse","floor":2,"turns":4},{"damage":1,"enemies":"Cultist","floor":5,"turns":4},{"damage":4,"enemies":"Lots of Slimes","floor":7,"turns":5},{"damage":0,"enemies":"3 Sentries","floor":8,"turns":8},{"damage":13,"enemies":"Lagavulin","floor":11,"turns":4},{"damage":8,"enemies":"Gremlin Nob","floor":13,"turns":3},{"damage":10,"enemies":"Exordium Wildlife","floor":14,"turns":2},{"damage":41,"enemies":"Hexaghost","floor":16,"turns":8},{"damage":30,"enemies":"2 Thieves","floor":18,"turns":3},{"damage":5,"enemies":"Spheric Guardian","floor":20,"turns":3},{"damage":3,"enemies":"Snake Plant","floor":22,"turns":3},{"damage":28,"enemies":"Slavers","floor":24,"turns":5},{"damage":15,"enemies":"Sentry and Sphere","floor":25,"turns":4},{"damage":2,"enemies":"3 Cultists","floor":28,"turns":4},{"damage":0,"enemies":"Cultist and Chosen","floor":30,"turns":4},{"damage":1,"enemies":"Centurion and Healer","floor":31,"turns":4},{"damage":25,"enemies":"Collector","floor":33,"turns":7},{"damage":13,"enemies":"3 Darklings","floor":35,"turns":7},{"damage":28,"enemies":"3 Shapes","floor":37,"turns":4},{"damage":42,"enemies":"Writhing Mass","floor":38,"turns":4}],"seed_played":"4537199864313976998","potions_obtained":[{"floor":2,"key":"AttackPotion"},{"floor":4,"key":"SmokeBomb"},{"floor":8,"key":"Ancient Potion"},{"floor":13,"key":"PowerPotion"},{"floor":16,"key":"GhostInAJar"},{"floor":24,"key":"Swift Potion"},{"floor":25,"key":"SpeedPotion"},{"floor":28,"key":"Dexterity Potion"},{"floor":35,"key":"GhostInAJar"}],"is_trial":false,"path_per_floor":["M","M","?","?","M","R","M","E","T","$","E","R","E","M","R","B",null,"M","$","M","$","M","R","E","M","T","R","M","?","M","M","R","B",null,"M","?","M","M"],"character_chosen":"THE_SILENT","items_purchased":["Noxious Fumes","Dagger Spray+1","Escape Plan","Glass Knife+1","Footwork"],"campfire_rested":4,"item_purchase_floors":[10,10,19,19,21],"current_hp_per_floor":[65,60,60,60,59,59,55,55,55,55,42,63,55,45,66,37,70,40,40,47,47,44,65,37,34,34,55,53,53,53,52,52,39,70,57,57,41,0],"gold":247,"neow_bonus":"RANDOM_COMMON_RELIC","is_prod":false,"is_daily":false,"chose_seed":false,"campfire_upgraded":2,"win_rate":0,"timestamp":1551764039,"path_taken":["M","M","?","?","?","R","?","E","T","$","E","R","E","M","R","BOSS","M","$","M","$","M","R","E","M","T","R","M","?","M","M","R","BOSS","M","?","M","M"],"build_version":"2019-01-23","purchased_purges":0,"victory":false,"max_hp_per_floor":[70,70,70,70,70,70,70,70,70,70,70,70,70,70,70,70,70,70,70,70,70,70,70,70,70,70,70,70,70,70,70,70,70,70,70,70,70,70],"card_choices":[{"not_picked":["Endless Agony","Tactician"],"picked":"Outmaneuver","floor":1},{"not_picked":["Finisher","Bane"],"picked":"Quick Slash","floor":2},{"not_picked":["Poisoned Stab","Deadly Poison"],"picked":"Predator","floor":5},{"not_picked":["Eviscerate","Expertise"],"picked":"Bouncing Flask","floor":7},{"not_picked":["Bane","Leg Sweep"],"picked":"Poisoned Stab","floor":8},{"not_picked":["Deflect","Prepared"],"picked":"A Thousand Cuts","floor":11},{"not_picked":["Catalyst","Acrobatics"],"picked":"Quick Slash+1","floor":13},{"not_picked":["PiercingWail","Dodge and Roll"],"picked":"Quick Slash+1","floor":14},{"not_picked":["Doppelganger","Unload+1"],"picked":"Adrenaline","floor":16},{"not_picked":["Prepared+1","Sucker Punch+1"],"picked":"Dagger Throw+1","floor":18},{"not_picked":["Distraction","Prepared+1","Blade Dance"],"picked":"SKIP","floor":20},{"not_picked":["Concentrate","Finisher+1"],"picked":"Backflip","floor":22},{"not_picked":["Dagger Throw+1","Quick Slash+1"],"picked":"Glass Knife+1","floor":24},{"not_picked":["Poisoned Stab+1","Tactician"],"picked":"Slice+1","floor":25},{"not_picked":["Setup","Cloak And Dagger","Underhanded Strike+1"],"picked":"SKIP","floor":28},{"not_picked":["Storm of Steel","Concentrate+1"],"picked":"Terror+1","floor":30},{"not_picked":["Flying Knee+1","Prepared+1"],"picked":"Backstab+1","floor":31},{"not_picked":["Grand Finale+1","A Thousand Cuts"],"picked":"Venomology","floor":33},{"not_picked":["Flying Knee+1","Bouncing Flask+1","PiercingWail"],"picked":"SKIP","floor":35},{"not_picked":["Blade Dance","Quick Slash+1","Outmaneuver+1"],"picked":"SKIP","floor":37}],"player_experience":272216,"relics_obtained":[{"floor":8,"key":"Molten Egg 2"},{"floor":9,"key":"Mummified Hand"},{"floor":11,"key":"Letter Opener"},{"floor":13,"key":"Meat on the Bone"},{"floor":24,"key":"The Courier"},{"floor":26,"key":"Bottled Lightning"}],"event_choices":[{"damage_healed":0,"gold_gain":0,"player_choice":"Grow","damage_taken":0,"max_hp_gain":0,"max_hp_loss":0,"event_name":"Living Wall","floor":3,"gold_loss":0,"cards_upgraded":["Quick Slash"]},{"damage_healed":0,"gold_gain":0,"player_choice":"Bought 1 Potion","damage_taken":0,"max_hp_gain":0,"max_hp_loss":0,"event_name":"The Woman in Blue","floor":4,"gold_loss":0},{"damage_healed":0,"gold_gain":0,"player_choice":"Simplicity","damage_taken":0,"max_hp_gain":0,"max_hp_loss":0,"event_name":"Back to Basics","floor":29,"gold_loss":0,"cards_upgraded":["Defend_G","Defend_G","Defend_G","Defend_G","Defend_G","Strike_G","Strike_G","Strike_G","Strike_G","Strike_G"]},{"damage_healed":0,"gold_gain":0,"player_choice":"Ignored","damage_taken":0,"max_hp_gain":0,"max_hp_loss":0,"event_name":"Tomb of Lord Red Mask","floor":36,"gold_loss":0}],"is_beta":false,"boss_relics":[{"not_picked":["Calling Bell","Orrery"],"picked":"Ring of the Serpent"},{"not_picked":["Snecko Eye","Pandora\u0027s Box"],"picked":"Empty Cage"}],"items_purged_floors":[],"is_endless":false,"potions_floor_spawned":[2,8,13,16,24,25,28,30,31,35],"killed_by":"Writhing Mass","ascension_level":0}