{"gold_per_floor":[114,131,131,151,151,151,185,201,225,240,33,96,96,96,96,200,200,214,489,501,95,95,95,124,124,124,156,96,62,87,101,101,101],"floor_reached":33,"playtime":1881,"items_purged":[],"score":436,"play_id":"29d98c72-d445-4f02-bebf-d2ae5ed58fc5","local_time":"20190111232111","is_ascension_mode":true,"campfire_choices":[{"data":"True Grit","floor":6,"key":"SMITH"},{"data":"Bash","floor":13,"key":"SMITH"},{"data":"Clash","floor":15,"key":"SMITH"},{"floor":23,"key":"REST"},{"floor":25,"key":"REST"},{"floor":32,"key":"REST"}],"neow_cost":"NONE","seed_source_timestamp":159696618733100,"circlet_count":0,"master_deck":["Bash+1","Twin Strike","True Grit+1","Infernal Blade","Clash+1","Infernal Blade","Juggernaut","Warcry","Wild Strike","Thunderclap","Power Through","Twin Strike","Clash","Twin Strike","Warcry","Rage","Immolate","Disarm","Power Through+1","Inflame","Rage","Rage"],"relics":["Burning Blood","Red Skull","Omamori","Medical Kit","Gambling Chip","Pandora\u0027s Box","Meat on the Bone","Blood Vial","Mummified Hand","MawBank","Sundial"],"potions_floor_usage":[2,7,10,20,24,27,30,30,33,33],"damage_taken":[{"damage":0,"enemies":"Small Slimes","floor":1,"turns":3},{"damage":9,"enemies":"Jaw Worm","floor":2,"turns":3},{"damage":1,"enemies":"2 Louse","floor":4,"turns":3},{"damage":31,"enemies":"Lagavulin","floor":7,"turns":6},{"damage":2,"enemies":"2 Fungi Beasts","floor":8,"turns":3},{"damage":0,"enemies":"Red Slaver","floor":10,"turns":2},{"damage":56,"enemies":"Slime Boss","floor":16,"turns":9},{"damage":0,"enemies":"3 Byrds","floor":18,"turns":5},{"damage":34,"enemies":"2 Thieves","floor":20,"turns":4},{"damage":37,"enemies":"Book of Stabbing","floor":24,"turns":5},{"damage":15,"enemies":"Slavers","floor":27,"turns":3},{"damage":51,"enemies":"Gremlin Leader","floor":30,"turns":6},{"damage":15,"enemies":"Snake Plant","floor":31,"turns":2},{"damage":106,"enemies":"Collector","floor":33,"turns":7}],"seed_played":"1504837137101445709","potions_obtained":[{"floor":0,"key":"Fire Potion"},{"floor":0,"key":"Ancient Potion"},{"floor":0,"key":"FearPotion"},{"floor":8,"key":"EssenceOfSteel"},{"floor":10,"key":"FearPotion"},{"floor":18,"key":"SkillPotion"},{"floor":22,"key":"PowerPotion"},{"floor":22,"key":"BloodPotion"},{"floor":24,"key":"Energy Potion"},{"floor":27,"key":"LiquidBronze"},{"floor":31,"key":"SkillPotion"}],"is_trial":false,"path_per_floor":["M","M","?","M","?","R","E","M","T","M","$","?","R","T","R","B",null,"M","?","M","$","?","R","E","R","T","E","$","$","E","M","R","B"],"character_chosen":"IRONCLAD","items_purchased":["Medical Kit","Meat on the Bone","Immolate","Inflame","Rage"],"campfire_rested":3,"item_purchase_floors":[11,21,21,28,29],"current_hp_per_floor":[78,75,80,85,85,85,60,64,64,70,70,70,70,70,70,20,69,75,75,47,47,47,72,53,78,78,71,71,71,48,53,78,0],"gold":101,"neow_bonus":"THREE_SMALL_POTIONS","is_prod":false,"is_daily":false,"chose_seed":false,"campfire_upgraded":3,"win_rate":0,"timestamp":1547245271,"path_taken":["M","M","?","M","?","R","E","M","T","M","$","?","R","?","R","BOSS","M","?","?","$","?","R","E","R","T","E","?","$","E","?","R","BOSS"],"build_version":"2019-01-10","purchased_purges":0,"victory":false,"max_hp_per_floor":[80,80,85,85,85,85,85,85,85,85,85,85,85,85,85,85,85,85,85,85,85,85,85,85,85,85,85,85,85,85,85,85,85],"card_choices":[{"not_picked":["Heavy Blade","Havoc"],"picked":"Twin Strike","floor":1},{"not_picked":["Sever Soul","Thunderclap"],"picked":"True Grit","floor":2},{"not_picked":["Heavy Blade","Dropkick","Wild Strike"],"picked":"SKIP","floor":4},{"not_picked":["Warcry","Berserk"],"picked":"Clash","floor":7},{"not_picked":["Perfected Strike","Carnage"],"picked":"Infernal Blade","floor":8},{"not_picked":["Hemokinesis","Wild Strike","Body Slam"],"picked":"SKIP","floor":10},{"not_picked":["Berserk","Barricade"],"picked":"Juggernaut","floor":16},{"not_picked":["Clash","Searing Blow"],"picked":"Rage","floor":18},{"not_picked":["Heavy Blade+1","Combust+1","Sword Boomerang"],"picked":"SKIP","floor":20},{"not_picked":["Bloodletting","Spot Weakness"],"picked":"Disarm","floor":24},{"not_picked":["Seeing Red","Shrug It Off"],"picked":"Power Through+1","floor":27},{"not_picked":["Clothesline","Twin Strike"],"picked":"Rage","floor":30},{"not_picked":["Twin Strike","Rage","Whirlwind"],"picked":"SKIP","floor":31}],"player_experience":1097111,"relics_obtained":[{"floor":7,"key":"Red Skull"},{"floor":9,"key":"Omamori"},{"floor":14,"key":"Gambling Chip"},{"floor":24,"key":"Blood Vial"},{"floor":26,"key":"Mummified Hand"},{"floor":27,"key":"MawBank"},{"floor":30,"key":"Sundial"}],"event_choices":[{"damage_healed":0,"gold_gain":0,"player_choice":"Donut","damage_taken":0,"max_hp_gain":5,"max_hp_loss":0,"event_name":"Big Fish","floor":3,"gold_loss":0},{"damage_healed":0,"gold_gain":0,"cards_transformed":["Strike_R"],"player_choice":"Change","damage_taken":0,"max_hp_gain":0,"max_hp_loss":0,"event_name":"Living Wall","floor":5,"gold_loss":0,"cards_obtained":["Infernal Blade"]},{"damage_healed":0,"gold_gain":63,"player_choice":"Gained Gold","damage_taken":0,"max_hp_gain":0,"max_hp_loss":0,"event_name":"Golden Wing","floor":12,"gold_loss":0},{"damage_healed":0,"gold_gain":275,"player_choice":"Desecrate","damage_taken":0,"max_hp_gain":0,"max_hp_loss":0,"event_name":"Golden Shrine","floor":19,"gold_loss":0,"cards_obtained":["Regret"]},{"damage_healed":0,"gold_gain":0,"player_choice":"Got Potions","damage_taken":0,"max_hp_gain":0,"max_hp_loss":0,"event_name":"Lab","floor":22,"gold_loss":0}],"is_beta":false,"boss_relics":[{"not_picked":["Sozu","Coffee Dripper"],"picked":"Pandora\u0027s Box"}],"items_purged_floors":[],"is_endless":false,"potions_floor_spawned":[1,8,10,18,24,27,31],"killed_by":"Collector","ascension_level":9}