{"gold_per_floor":[114,114,41,61,61,89,14,49,49,65,65],"floor_reached":11,"playtime":508,"items_purged":[],"score":117,"play_id":"77bbac6e-9b4e-4cae-9ef2-297d9474a8d6","local_time":"20181228152136","is_ascension_mode":true,"campfire_choices":[],"neow_cost":"NONE","seed_source_timestamp":93273691203145,"circlet_count":0,"master_deck":["Strike_B","Strike_B","Strike_B","Strike_B","Defend_B","Defend_B","Defend_B","Defend_B+1","Zap+1","Dualcast","Capacitor","Tempest+1","Ball Lightning","Reinforced Body","Storm","Loop","Sweeping Beam"],"relics":["Cracked Core","NeowsBlessing","Shuriken","War Paint"],"potions_floor_usage":[],"damage_taken":[{"damage":0,"enemies":"Small Slimes","floor":1,"turns":1},{"damage":0,"enemies":"Cultist","floor":4,"turns":1},{"damage":0,"enemies":"Gremlin Nob","floor":6,"turns":1},{"damage":45,"enemies":"3 Sentries","floor":8,"turns":6},{"damage":7,"enemies":"Jaw Worm","floor":10,"turns":3},{"damage":36,"enemies":"Lagavulin","floor":11,"turns":3}],"seed_played":"-3318369599831604930","potions_obtained":[{"floor":6,"key":"Energy Potion"},{"floor":10,"key":"LiquidBronze"}],"is_trial":false,"path_per_floor":["M","?","$","M","$","E","$","E","T","M","E"],"character_chosen":"DEFECT","items_purchased":["Tempest","Storm"],"campfire_rested":0,"item_purchase_floors":[3,7],"current_hp_per_floor":[75,75,75,75,75,75,75,30,30,23,0],"gold":65,"neow_bonus":"THREE_ENEMY_KILL","is_prod":false,"is_daily":false,"chose_seed":false,"campfire_upgraded":0,"win_rate":0,"timestamp":1546039296,"path_taken":["M","?","?","M","$","E","$","E","T","M","E"],"build_version":"2018-12-20","purchased_purges":0,"victory":false,"max_hp_per_floor":[75,75,75,75,75,75,75,75,75,75,75],"card_choices":[{"not_picked":["Compile Driver","Static Discharge"],"picked":"Capacitor","floor":1},{"not_picked":["Barrage","Stack"],"picked":"Ball Lightning","floor":4},{"not_picked":["Hyperbeam","Turbo"],"picked":"Reinforced Body","floor":6},{"not_picked":["Coolheaded","Streamline"],"picked":"Loop","floor":8},{"not_picked":["Aggregate","Force Field"],"picked":"Sweeping Beam","floor":10}],"player_experience":166865,"relics_obtained":[{"floor":6,"key":"Shuriken"},{"floor":8,"key":"War Paint"}],"event_choices":[{"damage_healed":0,"gold_gain":0,"player_choice":"Upgraded","damage_taken":0,"max_hp_gain":0,"max_hp_loss":0,"event_name":"Upgrade Shrine","floor":2,"gold_loss":0,"cards_upgraded":["Zap"]}],"is_beta":false,"boss_relics":[],"items_purged_floors":[],"is_endless":false,"potions_floor_spawned":[6,10],"killed_by":"Lagavulin","ascension_level":2}