{"gold_per_floor":[111,111,111,126,145,171,182,216,216,26,45,45,61,79,79,176,176,193,69,86,86,96,96,115,115,115,115,115],"floor_reached":28,"playtime":1198,"items_purged":["Regret"],"score":348,"play_id":"19f27cd7-ffb1-49a8-bef4-5b11b7febda7","local_time":"20190405223207","is_ascension_mode":true,"campfire_choices":[{"floor":12,"key":"REST"},{"floor":15,"key":"REST"},{"floor":23,"key":"REST"},{"floor":25,"key":"REST"},{"floor":27,"key":"REST"}],"neow_cost":"NONE","seed_source_timestamp":870391553637600,"circlet_count":0,"master_deck":["AscendersBane","Defend_G","Defend_G","Defend_G","Defend_G","Defend_G","Strike_G","Strike_G","Strike_G","Strike_G","Survivor","Neutralize","Masterful Stab","Dagger Throw","Cloak And Dagger","Dagger Throw","Malaise","Outmaneuver","Deadly Poison","Acrobatics","Deadly Poison","Die Die Die","Acrobatics","Blade Dance+1","Dash"],"relics":["Ring of the Snake","NeowsBlessing","Unceasing Top","Tingsha","The Specimen","Turnip","Toy Ornithopter","Lizard Tail","Ginger"],"potions_floor_usage":[6,8,8,11,14,16,20,22],"damage_taken":[{"damage":0,"enemies":"2 Louse","floor":1,"turns":1},{"damage":0,"enemies":"Cultist","floor":4,"turns":1},{"damage":0,"enemies":"Jaw Worm","floor":5,"turns":1},{"damage":25,"enemies":"Gremlin Nob","floor":6,"turns":4},{"damage":4,"enemies":"Red Slaver","floor":7,"turns":3},{"damage":18,"enemies":"Lagavulin","floor":8,"turns":7},{"damage":14,"enemies":"Large Slime","floor":11,"turns":9},{"damage":12,"enemies":"3 Louse","floor":13,"turns":2},{"damage":0,"enemies":"Red Slaver","floor":14,"turns":4},{"damage":59,"enemies":"Slime Boss","floor":16,"turns":12},{"damage":16,"enemies":"Chosen","floor":18,"turns":6},{"damage":7,"enemies":"3 Byrds","floor":20,"turns":4},{"damage":52,"enemies":"Centurion and Healer","floor":22,"turns":10},{"damage":28,"enemies":"Shelled Parasite and Fungi","floor":24,"turns":8},{"damage":60,"enemies":"Book of Stabbing","floor":28,"turns":7}],"seed_played":"3119961253541344208","potions_obtained":[{"floor":1,"key":"LiquidBronze"},{"floor":3,"key":"PowerPotion"},{"floor":3,"key":"GhostInAJar"},{"floor":7,"key":"Dexterity Potion"},{"floor":13,"key":"GhostInAJar"},{"floor":14,"key":"Regen Potion"},{"floor":18,"key":"PowerPotion"}],"is_trial":false,"path_per_floor":["M","?","?","M","M","E","M","E","T","$","M","R","M","M","R","B",null,"M","$","M","?","M","R","M","R","T","R","E"],"character_chosen":"THE_SILENT","items_purchased":["Toy Ornithopter","Fire Potion"],"campfire_rested":5,"item_purchase_floors":[10,19],"current_hp_per_floor":[63,63,63,63,63,38,34,16,16,16,7,28,16,21,42,3,53,37,37,35,35,23,44,16,37,37,58,0],"gold":115,"neow_bonus":"THREE_ENEMY_KILL","is_prod":false,"is_daily":false,"chose_seed":false,"campfire_upgraded":0,"win_rate":0,"timestamp":1554496327,"path_taken":["M","?","?","?","M","E","M","E","T","?","?","R","M","M","R","BOSS","M","$","M","?","M","R","?","R","T","R","E"],"build_version":"2019-01-23","purchased_purges":1,"victory":false,"max_hp_per_floor":[70,70,70,70,70,70,70,70,70,70,70,70,70,70,70,70,70,70,70,70,70,70,70,70,70,70,70,70],"card_choices":[{"not_picked":["Calculated Gamble","Slice"],"picked":"Masterful Stab","floor":1},{"not_picked":["Dodge and Roll","Deflect"],"picked":"Dagger Throw","floor":4},{"not_picked":["Flechettes","Sucker Punch"],"picked":"Cloak And Dagger","floor":5},{"not_picked":["Outmaneuver","Backflip"],"picked":"Dagger Throw","floor":6},{"not_picked":["Setup","Prepared"],"picked":"Malaise","floor":7},{"not_picked":["Riddle With Holes","Dagger Spray"],"picked":"Outmaneuver","floor":8},{"not_picked":["Escape Plan","Dagger Throw"],"picked":"Deadly Poison","floor":11},{"not_picked":["Cloak And Dagger","Dagger Spray"],"picked":"Acrobatics","floor":13},{"not_picked":["Grand Finale","Outmaneuver"],"picked":"Deadly Poison","floor":14},{"not_picked":["Tools of the Trade","Glass Knife"],"picked":"Die Die Die","floor":16},{"not_picked":["Expertise+1","Dodge and Roll"],"picked":"Acrobatics","floor":18},{"not_picked":["Slice","Deflect","Dodge and Roll"],"picked":"SKIP","floor":20},{"not_picked":["Dagger Spray","Finisher"],"picked":"Blade Dance+1","floor":22},{"not_picked":["Dodge and Roll","Quick Slash+1"],"picked":"Dash","floor":24}],"player_experience":1606631,"relics_obtained":[{"floor":6,"key":"Tingsha"},{"floor":8,"key":"The Specimen"},{"floor":9,"key":"Turnip"},{"floor":26,"key":"Ginger"}],"event_choices":[{"damage_healed":0,"gold_gain":0,"player_choice":"Box","damage_taken":0,"relics_obtained":["Unceasing Top"],"max_hp_gain":0,"max_hp_loss":0,"event_name":"Big Fish","floor":2,"gold_loss":0,"cards_obtained":["Regret"]},{"damage_healed":0,"gold_gain":0,"player_choice":"Got Potions","damage_taken":0,"max_hp_gain":0,"max_hp_loss":0,"event_name":"Lab","floor":3,"gold_loss":0},{"cards_removed":["Strike_G"],"damage_healed":0,"gold_gain":0,"player_choice":"Purged","damage_taken":0,"max_hp_gain":0,"max_hp_loss":0,"event_name":"Purifier","floor":21,"gold_loss":0}],"is_beta":false,"boss_relics":[{"not_picked":["Empty Cage","Coffee Dripper"],"picked":"Lizard Tail"}],"items_purged_floors":[19],"is_endless":false,"potions_floor_spawned":[1,7,13,14,18],"killed_by":"Book of Stabbing","ascension_level":10}