{"gold_per_floor":[112,112,132,147,147,178,178,198,198,198,218,228,253,107,107,202,202,187,201,214,214],"floor_reached":21,"playtime":1170,"items_purged":["Strike_R"],"score":232,"play_id":"55ba4497-413d-4810-8966-8906e4f6ed59","local_time":"20190417181612","is_ascension_mode":true,"campfire_choices":[{"data":"True Grit","floor":7.0,"key":"SMITH"},{"data":"Reckless Charge","floor":10.0,"key":"SMITH"},{"data":"Feel No Pain","floor":15,"key":"SMITH"}],"neow_cost":"NONE","seed_source_timestamp":0,"circlet_count":0,"master_deck":["Strike_R","Strike_R","Strike_R","Strike_R","Defend_R","Defend_R","Defend_R","Defend_R","Bash","Reckless Charge+1","Iron Wave","Sword Boomerang","True Grit+1","Disarm","Clothesline","Pommel Strike","Limit Break","Feel No Pain+1","Impervious","Thunderclap","Feel No Pain"],"special_seed":0,"relics":["Burning Blood","NeowsBlessing","Magic Flower","Meat on the Bone","Pantograph","Coffee Dripper"],"potions_floor_usage":[],"damage_taken":[{"damage":0.0,"enemies":"Jaw Worm","floor":1.0,"turns":1.0},{"damage":0.0,"enemies":"Cultist","floor":3.0,"turns":1.0},{"damage":0.0,"enemies":"Small Slimes","floor":4.0,"turns":1.0},{"damage":43.0,"enemies":"Lagavulin","floor":6.0,"turns":8.0},{"damage":8.0,"enemies":"Blue Slaver","floor":8.0,"turns":5.0},{"damage":7,"enemies":"2 Fungi Beasts","floor":11,"turns":4},{"damage":19,"enemies":"Lots of Slimes","floor":12,"turns":4},{"damage":43,"enemies":"3 Sentries","floor":13,"turns":10},{"damage":68,"enemies":"The Guardian","floor":16,"turns":21},{"damage":16,"enemies":"2 Thieves","floor":18,"turns":4},{"damage":22,"enemies":"Spheric Guardian","floor":19,"turns":7},{"damage":43,"enemies":"Snake Plant","floor":20,"turns":7},{"damage":59,"enemies":"3 Cultists","floor":21,"turns":5}],"seed_played":"-3311956963475590688","potions_obtained":[{"floor":1.0,"key":"Energy Potion"},{"floor":5.0,"key":"Ancient Potion"},{"floor":5.0,"key":"FearPotion"},{"floor":5.0,"key":"SteroidPotion"},{"floor":6.0,"key":"Explosive Potion"}],"is_trial":false,"path_per_floor":["M","?","M","M","?","E","R","M","T","R","M","M","E","$","R","B",null,"M","M","M","M"],"character_chosen":"IRONCLAD","items_purchased":["Feel No Pain"],"campfire_rested":0,"item_purchase_floors":[14],"current_hp_per_floor":[80,80,80,80,80,43,43,44,44,44,64,54,38,38,38,35,80,73,60,44,0],"gold":214,"neow_bonus":"THREE_ENEMY_KILL","is_prod":false,"is_daily":false,"chose_seed":false,"campfire_upgraded":3,"win_rate":0,"timestamp":1555550172,"path_taken":["M","?","M","?","?","E","R","M","T","R","M","M","E","$","R","BOSS","M","M","?","M"],"build_version":"2019-01-23","purchased_purges":1,"victory":false,"max_hp_per_floor":[80,80,80,80,80,80,80,80,80,80,80,80,80,80,80,80,80,80,80,80,80],"card_choices":[{"not_picked":["Entrench","Warcry"],"picked":"Reckless Charge","floor":1.0},{"not_picked":["Wild Strike","Rupture"],"picked":"Iron Wave","floor":3.0},{"not_picked":["Entrench","Perfected Strike"],"picked":"Sword Boomerang","floor":4.0},{"not_picked":["Armaments","Havoc"],"picked":"True Grit","floor":6.0},{"not_picked":["Warcry","Perfected Strike"],"picked":"Disarm","floor":8.0},{"not_picked":["Twin Strike","Intimidate"],"picked":"Clothesline","floor":11},{"not_picked":["Pummel","Perfected Strike"],"picked":"Pommel Strike","floor":12},{"not_picked":["Rupture","Perfected Strike"],"picked":"Limit Break","floor":13},{"not_picked":["Brutality","Fiend Fire"],"picked":"Impervious","floor":16},{"not_picked":["Body Slam","Clothesline"],"picked":"Thunderclap","floor":18},{"not_picked":["Sword Boomerang","Sever Soul","Sentinel"],"picked":"SKIP","floor":19},{"not_picked":["Cleave","Flex"],"picked":"Feel No Pain","floor":20}],"player_experience":314827,"relics_obtained":[{"floor":6.0,"key":"Magic Flower"},{"floor":9.0,"key":"Meat on the Bone"},{"floor":13,"key":"Pantograph"}],"event_choices":[{"damage_healed":0.0,"max_hp_gain":0.0,"max_hp_loss":0.0,"gold_gain":0.0,"event_name":"NoteForYourself","player_choice":"Ignored","floor":2.0,"gold_loss":0.0,"damage_taken":0.0},{"damage_healed":0.0,"max_hp_gain":0.0,"max_hp_loss":0.0,"gold_gain":0.0,"event_name":"Lab","player_choice":"Got Potions","floor":5.0,"gold_loss":0.0,"damage_taken":0.0}],"is_beta":false,"boss_relics":[{"not_picked":["Philosopher\u0027s Stone","Orrery"],"picked":"Coffee Dripper"}],"items_purged_floors":[14],"is_endless":false,"potions_floor_spawned":[1,6,8,11,20],"killed_by":"3 Cultists","ascension_level":4}