{"gold_per_floor":[109,125,125,10,10,38,38,66,92,107,122,139,214,214,214,314,314,330,330,41,52,52,151,151,167,167,167,179,179,84,98,98,195,195,206,10,10,10,10,10,28,40,67,87,101,114,114,39,39,39],"floor_reached":50,"playtime":2823,"items_purged":["Regret","Parasite","Writhe","Normality"],"score":527,"play_id":"c72cc305-1dc1-4165-84c1-960b8a3369b8","local_time":"20190303000914","is_ascension_mode":false,"campfire_choices":[{"data":"Streamline","floor":7,"key":"SMITH"},{"floor":15,"key":"RECALL"},{"floor":24,"key":"REST"},{"data":"All For One","floor":27,"key":"SMITH"},{"data":"Sunder","floor":32,"key":"SMITH"},{"data":"Meteor Strike","floor":40,"key":"SMITH"},{"data":"Streamline","floor":47,"key":"SMITH"},{"floor":49,"key":"REST"}],"neow_cost":"NONE","seed_source_timestamp":144787654730228,"circlet_count":0,"master_deck":["Strike_B","Strike_B","Strike_B","Strike_B","Defend_B","Defend_B","Defend_B","Defend_B","Zap","Dualcast","Streamline+1","Rebound+1","Self Repair","Self Repair","Consume+1","Melter","Conserve Battery+1","Ball Lightning","All For One+1","Self Repair+1","Defragment+1","Leap+1","Sunder+1","Conserve Battery+1","Streamline+1","Meteor Strike+1","Hologram+1","Skim+1","Consume+1","Hologram+1","Rebound+1","Hologram+1","Rebound+1","Injury","Ball Lightning","Skim+1","Parasite","Fusion+1","Hologram+1"],"relics":["Snecko Eye","Art of War","Blue Candle","Toxic Egg 2","Cursed Key","Ice Cream","Smiling Mask","Pocketwatch","Orrery","DataDisk","Torii","PreservedInsect"],"potions_floor_usage":[16,16,16,22,33,45,50],"damage_taken":[{"damage":1,"enemies":"Cultist","floor":1,"turns":4},{"damage":0,"enemies":"Small Slimes","floor":2,"turns":2},{"damage":27,"enemies":"Lagavulin","floor":6,"turns":6},{"damage":26,"enemies":"3 Sentries","floor":8,"turns":9},{"damage":1,"enemies":"Jaw Worm","floor":10,"turns":2},{"damage":0,"enemies":"Large Slime","floor":11,"turns":3},{"damage":8,"enemies":"2 Fungi Beasts","floor":12,"turns":3},{"damage":4,"enemies":"Slime Boss","floor":16,"turns":5},{"damage":25,"enemies":"2 Thieves","floor":18,"turns":3},{"damage":30,"enemies":"Spheric Guardian","floor":21,"turns":4},{"damage":38,"enemies":"Colosseum Slavers","floor":22,"turns":5},{"damage":10,"enemies":"Cultist and Chosen","floor":25,"turns":5},{"damage":18,"enemies":"3 Cultists","floor":28,"turns":4},{"damage":0,"enemies":"Chosen and Byrds","floor":31,"turns":4},{"damage":54,"enemies":"Champ","floor":33,"turns":8},{"damage":11,"enemies":"3 Darklings","floor":35,"turns":4},{"damage":3,"enemies":"Orb Walker","floor":41,"turns":3},{"damage":0,"enemies":"Sphere and 2 Shapes","floor":42,"turns":2},{"damage":14,"enemies":"Spire Growth","floor":44,"turns":4},{"damage":21,"enemies":"Maw","floor":45,"turns":6},{"damage":24,"enemies":"Writhing Mass","floor":46,"turns":4},{"damage":83,"enemies":"Awakened One","floor":50,"turns":9}],"seed_played":"-8798296289135751492","potions_obtained":[{"floor":6,"key":"SteroidPotion"},{"floor":8,"key":"SneckoOil"},{"floor":11,"key":"Dexterity Potion"},{"floor":21,"key":"LiquidBronze"},{"floor":28,"key":"Strength Potion"},{"floor":42,"key":"Swift Potion"},{"floor":44,"key":"SteroidPotion"}],"is_trial":false,"path_per_floor":["M","M","?","$","?","E","R","E","T","M","M","M","?","?","R","B",null,"M","?","$","M","?","?","R","M","T","R","M","?","$","M","R","B",null,"M","$","?","T","?","R","M","M","T","M","M","M","R","$","R","B"],"character_chosen":"DEFECT","items_purchased":["Self Repair","Ice Cream","Conserve Battery+1","DataDisk","Hologram+1"],"campfire_rested":2,"item_purchase_floors":[4,20,30,36,48],"current_hp_per_floor":[74,74,74,74,74,54,54,42,42,48,55,54,43,43,43,39,75,64,50,50,44,20,20,44,51,51,51,57,57,57,77,77,30,77,77,77,73,73,73,73,73,73,73,66,69,55,55,55,73,0],"gold":39,"neow_bonus":"BOSS_RELIC","is_prod":false,"is_daily":false,"chose_seed":false,"campfire_upgraded":5,"win_rate":0,"timestamp":1551600554,"path_taken":["M","M","?","$","?","E","R","E","T","?","M","M","?","?","R","BOSS","M","?","$","M","?","?","R","M","T","R","M","?","$","M","R","BOSS","M","$","?","?","?","R","M","M","T","?","M","M","R","$","R","BOSS"],"build_version":"2019-01-23","purchased_purges":4,"victory":false,"max_hp_per_floor":[75,75,75,75,75,75,75,75,75,75,75,75,75,75,75,75,75,75,80,80,80,80,80,80,80,80,80,80,80,77,77,77,77,77,77,77,73,73,73,73,73,73,73,73,73,73,73,73,73,73],"card_choices":[{"not_picked":["Beam Cell","FTL"],"picked":"Streamline","floor":1},{"not_picked":["Consume","Conserve Battery"],"picked":"Rebound","floor":2},{"not_picked":["Compile Driver","Steam Power"],"picked":"Self Repair","floor":6},{"not_picked":["Darkness","Gash"],"picked":"Consume","floor":8},{"not_picked":["Hello World","Rebound"],"picked":"Melter","floor":10},{"not_picked":["Static Discharge","Stack+1"],"picked":"Conserve Battery+1","floor":11},{"not_picked":["Melter","Go for the Eyes"],"picked":"Ball Lightning","floor":12},{"not_picked":["Biased Cognition","Multi-Cast+1"],"picked":"All For One","floor":16},{"not_picked":["Turbo+1","Sweeping Beam+1"],"picked":"Self Repair+1","floor":18},{"not_picked":["Barrage","Go for the Eyes"],"picked":"Defragment+1","floor":21},{"not_picked":["Melter","Reprogram+1"],"picked":"Leap+1","floor":25},{"not_picked":["Streamline","Barrage+1"],"picked":"Sunder","floor":28},{"not_picked":["Lockon+1","Hologram+1"],"picked":"Streamline","floor":31},{"not_picked":["Echo Form","Thunder Strike"],"picked":"Meteor Strike","floor":33},{"not_picked":["Gash+1","Stack+1"],"picked":"Hologram+1","floor":34},{"not_picked":["Recycle+1","Auto Shields+1"],"picked":"Skim+1","floor":34},{"not_picked":["Steam Power+1","Stack+1"],"picked":"Consume+1","floor":34},{"not_picked":["Reprogram+1","Storm"],"picked":"Stack+1","floor":34},{"not_picked":["Steam+1","Barrage"],"picked":"Hologram+1","floor":34},{"not_picked":["Sweeping Beam+1","Redo+1"],"picked":"Rebound+1","floor":35},{"not_picked":["Reprogram+1","Steam+1"],"picked":"Hologram+1","floor":41},{"not_picked":["Sweeping Beam+1","Scrape+1"],"picked":"Rebound+1","floor":42},{"not_picked":["Stack+1","Go for the Eyes"],"picked":"Ball Lightning","floor":44},{"not_picked":["Lockon","Machine Learning"],"picked":"Skim+1","floor":45},{"not_picked":["Scrape+1","Barrage"],"picked":"Fusion+1","floor":46}],"player_experience":938874,"relics_obtained":[{"floor":6,"key":"Blue Candle"},{"floor":8,"key":"Toxic Egg 2"},{"floor":26,"key":"Smiling Mask"},{"floor":38,"key":"Torii"},{"floor":43,"key":"PreservedInsect"}],"event_choices":[{"damage_healed":0,"gold_gain":0,"player_choice":"Box","damage_taken":0,"relics_obtained":["Art of War"],"max_hp_gain":0,"max_hp_loss":0,"event_name":"Big Fish","floor":3,"gold_loss":0,"cards_obtained":["Regret"]},{"damage_healed":0,"gold_gain":0,"player_choice":"Leave","damage_taken":0,"max_hp_gain":0,"max_hp_loss":0,"event_name":"The Cleric","floor":5,"gold_loss":0},{"damage_healed":0,"gold_gain":75,"player_choice":"Gather Gold","damage_taken":11,"max_hp_gain":0,"max_hp_loss":0,"event_name":"World of Goop","floor":13,"gold_loss":0},{"damage_healed":0,"gold_gain":0,"player_choice":"Upgraded","damage_taken":0,"max_hp_gain":0,"max_hp_loss":0,"event_name":"Upgrade Shrine","floor":14,"gold_loss":0,"cards_upgraded":["Rebound"]},{"damage_healed":0,"gold_gain":0,"player_choice":"Shed Blood","damage_taken":19,"max_hp_gain":5,"max_hp_loss":0,"event_name":"Forgotten Altar","floor":19,"gold_loss":0},{"damage_healed":0,"gold_gain":0,"player_choice":"Fight","damage_taken":0,"max_hp_gain":0,"max_hp_loss":0,"event_name":"Colosseum","floor":22,"gold_loss":0},{"damage_healed":0,"gold_gain":0,"player_choice":"Fled From Nobs","damage_taken":0,"max_hp_gain":0,"max_hp_loss":0,"event_name":"Colosseum","floor":22,"gold_loss":0},{"damage_healed":0,"gold_gain":99,"player_choice":"Stole From Cult","damage_taken":0,"max_hp_gain":0,"max_hp_loss":0,"event_name":"Nest","floor":23,"gold_loss":0},{"damage_healed":0,"gold_gain":0,"player_choice":"Opened","damage_taken":0,"relics_obtained":["Pocketwatch"],"max_hp_gain":0,"max_hp_loss":0,"event_name":"The Mausoleum","floor":29,"gold_loss":0,"cards_obtained":["Writhe"]},{"damage_healed":0,"gold_gain":0,"player_choice":"Max HP","damage_taken":0,"max_hp_gain":0,"max_hp_loss":4,"event_name":"Winding Halls","floor":37,"gold_loss":0},{"cards_removed":["Stack"],"damage_healed":0,"gold_gain":0,"player_choice":"Removed Skill","damage_taken":0,"max_hp_gain":0,"max_hp_loss":0,"event_name":"Falling","floor":39,"gold_loss":0}],"is_beta":false,"boss_relics":[{"not_picked":["Ectoplasm","Runic Pyramid"],"picked":"Cursed Key"},{"not_picked":["Inserter","Busted Crown"],"picked":"Orrery"}],"items_purged_floors":[4,30,36,48],"is_endless":false,"potions_floor_spawned":[6,8,11,21,22,28,42,44],"killed_by":"Awakened One","ascension_level":0}