{"gold_per_floor":[112,132,149,149,20,31,31,106,160,160],"floor_reached":10,"playtime":382,"items_purged":[],"score":104,"play_id":"acbf8128-2dd6-43dd-9db6-4b2c8ee2860d","local_time":"20190508151214","is_ascension_mode":true,"campfire_choices":[],"neow_cost":"NONE","seed_source_timestamp":30227021748294,"circlet_count":0,"master_deck":["AscendersBane","Defend_G","Defend_G","Defend_G","Defend_G","Defend_G+1","Strike_G","Strike_G+1","Strike_G","Strike_G","Strike_G","Survivor","Neutralize","PiercingWail","Noxious Fumes","Dagger Throw","Well Laid Plans","Terror","Calculated Gamble"],"relics":["Ring of the Snake","NeowsBlessing","Lantern","Anchor"],"potions_floor_usage":[6,10],"damage_taken":[{"damage":0,"enemies":"Cultist","floor":1,"turns":1},{"damage":0,"enemies":"Jaw Worm","floor":2,"turns":1},{"damage":0,"enemies":"Small Slimes","floor":3,"turns":1},{"damage":0,"enemies":"3 Louse","floor":6,"turns":4},{"damage":17,"enemies":"3 Sentries","floor":10,"turns":5}],"seed_played":"-6322161977565765795","potions_obtained":[{"floor":1,"key":"SteroidPotion"},{"floor":2,"key":"Regen Potion"}],"is_trial":false,"path_per_floor":["M","M","M","?","$","M","?","?","T","?"],"character_chosen":"THE_SILENT","items_purchased":["Well Laid Plans","Terror"],"campfire_rested":0,"item_purchase_floors":[5,5],"current_hp_per_floor":[59,59,59,33,33,33,13,2,2,0],"gold":160,"neow_bonus":"THREE_ENEMY_KILL","is_prod":false,"is_daily":false,"chose_seed":false,"campfire_upgraded":0,"win_rate":0,"timestamp":1557353534,"path_taken":["M","?","?","?","?","M","?","?","T","?"],"build_version":"2019-01-23","purchased_purges":0,"victory":false,"max_hp_per_floor":[66,66,66,66,66,66,66,66,66,66],"card_choices":[{"not_picked":["Riddle With Holes","Dagger Throw"],"picked":"PiercingWail","floor":1},{"not_picked":["Prepared","Dagger Throw"],"picked":"Noxious Fumes","floor":2},{"not_picked":["Accuracy","Dodge and Roll"],"picked":"Dagger Throw","floor":3},{"not_picked":["Backflip","Underhanded Strike"],"picked":"Calculated Gamble","floor":6}],"player_experience":1659683,"relics_obtained":[{"floor":9,"key":"Anchor"}],"event_choices":[{"damage_healed":0,"gold_gain":0,"player_choice":"Success","damage_taken":26,"relics_obtained":["Lantern"],"max_hp_gain":0,"max_hp_loss":0,"event_name":"Scrap Ooze","floor":4,"gold_loss":0},{"damage_healed":0,"gold_gain":0,"player_choice":"Entered Light","damage_taken":20,"max_hp_gain":0,"max_hp_loss":0,"event_name":"Shining Light","floor":7,"gold_loss":0,"cards_upgraded":["Strike_G","Defend_G"]},{"damage_healed":0,"gold_gain":75,"player_choice":"Gather Gold","damage_taken":11,"max_hp_gain":0,"max_hp_loss":0,"event_name":"World of Goop","floor":8,"gold_loss":0},{"damage_healed":0,"gold_gain":0,"player_choice":"Searched \u00271\u0027 times","damage_taken":0,"max_hp_gain":0,"max_hp_loss":0,"event_name":"Dead Adventurer","floor":10,"gold_loss":0}],"is_beta":false,"boss_relics":[],"items_purged_floors":[],"is_endless":false,"potions_floor_spawned":[1,2],"killed_by":"3 Sentries","ascension_level":16}