{"path_per_floor":["M","?","M","?","$","E","M","R","T","R","M","M","?","M","R","B",null,"M","M","$"],"character_chosen":"DEFECT","items_purchased":[],"gold_per_floor":[113,113,125,97,22,49,63,63,63,63,82,100,100,114,114,211,211,222,234,234,234],"floor_reached":21,"campfire_rested":1,"playtime":1194,"item_purchase_floors":[],"current_hp_per_floor":[71,71,70,70,70,32,30,52,52,52,49,49,49,49,49,49,75,49,17,17,0],"items_purged":["Strike_B"],"gold":234,"score":243,"play_id":"c07df0b2-130a-4507-9146-524ba22c5f02","local_time":"20180604143911","is_prod":false,"is_daily":false,"chose_seed":false,"is_ascension_mode":true,"campfire_upgraded":2,"win_rate":0.0,"timestamp":1528148351,"campfire_choices":[{"floor":8,"key":"REST"},{"data":"Sweeping Beam","floor":10,"key":"SMITH"},{"data":"Hologram","floor":15,"key":"SMITH"}],"path_taken":["M","?","M","?","$","E","M","R","T","R","M","?","?","?","R","BOSS","M","M","$","M"],"build_version":"2018-05-31","seed_source_timestamp":2315241800460933,"purchased_purges":1,"victory":false,"master_deck":["Strike_B+1","Strike_B+1","Defend_B","Defend_B","Defend_B","Defend_B","Zap","Dualcast","Beam Cell+1","Redo","Beam Cell","Sweeping Beam+1","Hologram+1","Machine Learning","Ball Lightning","Amplify","BootSequence","Cold Snap"],"max_hp_per_floor":[75,75,75,75,75,75,75,75,75,75,75,75,75,75,75,75,75,75,75,75,75],"relics":["Cracked Core","Ornamental Fan","Whetstone","Black Star"],"card_choices":[{"not_picked":["Ball Lightning","Hologram"],"picked":"Beam Cell","floor":1},{"not_picked":["Sweeping Beam","Storm"],"picked":"Redo","floor":3},{"not_picked":["Capacitor","Redo"],"picked":"Beam Cell","floor":6},{"not_picked":["Hello World","Beam Cell"],"picked":"Sweeping Beam","floor":7},{"not_picked":["Stack","Aggregate"],"picked":"Hologram","floor":11},{"not_picked":["Heatsinks","Steam"],"picked":"Machine Learning","floor":12},{"not_picked":["Gash","Beam Cell"],"picked":"Ball Lightning","floor":14},{"not_picked":["Thunder Strike","All For One"],"picked":"Amplify","floor":16},{"not_picked":["Beam Cell","Scrape+1"],"picked":"BootSequence","floor":18},{"not_picked":["Sweeping Beam+1","Double Energy+1"],"picked":"Cold Snap","floor":19}],"player_experience":218319,"potions_floor_usage":[19,19,21],"damage_taken":[{"damage":4,"enemies":"Cultist","floor":1,"turns":4},{"damage":1,"enemies":"Jaw Worm","floor":3,"turns":3},{"damage":38,"enemies":"Gremlin Nob","floor":6,"turns":4},{"damage":2,"enemies":"Small Slimes","floor":7,"turns":3},{"damage":3,"enemies":"Gremlin Gang","floor":11,"turns":3},{"damage":0,"enemies":"Large Slime","floor":12,"turns":2},{"damage":0,"enemies":"Exordium Thugs","floor":14,"turns":3},{"damage":0,"enemies":"Slime Boss","floor":16,"turns":5},{"damage":26,"enemies":"Spheric Guardian","floor":18,"turns":5},{"damage":32,"enemies":"3 Byrds","floor":19,"turns":5},{"damage":32,"enemies":"Sentry and Sphere","floor":21,"turns":6}],"relics_obtained":[{"floor":6,"key":"Ornamental Fan"},{"floor":9,"key":"Whetstone"}],"event_choices":[{"event_name":"Living Wall","player_choice":"Grow","floor":2,"damage_taken":0},{"event_name":"World of Goop","player_choice":"Left","floor":4,"damage_taken":0},{"event_name":"Purifier","player_choice":"One Purge","floor":13,"damage_taken":0}],"boss_relics":[{"not_picked":["Philosopher\u0027s Stone","Calling Bell"],"picked":"Black Star"}],"items_purged_floors":[5],"potions_floor_spawned":[3,11,12,14,16,18],"seed_played":"5116626294576236245","killed_by":"Sentry and Sphere","ascension_level":1,"potions_obtained":[{"floor":3,"key":"Regen Potion"},{"floor":11,"key":"AttackPotion"},{"floor":12,"key":"Block Potion"},{"floor":18,"key":"EssenceOfSteel"}],"is_trial":false}