{"gold_per_floor":[364,380,75,40,40,58,83,83,83,83,83,12,12,45,45,45],"floor_reached":16,"playtime":489,"items_purged":[],"score":175,"play_id":"e61ce585-9f89-490b-a1a2-a5d7658de019","local_time":"20190325212452","is_ascension_mode":true,"campfire_choices":[{"floor":8,"key":"REST"},{"data":"Uppercut","floor":10,"key":"SMITH"},{"data":"Inflame","floor":15,"key":"SMITH"}],"neow_cost":"PERCENT_DAMAGE","seed_source_timestamp":462093877176700,"circlet_count":0,"master_deck":["AscendersBane","Strike_R","Strike_R","Strike_R","Strike_R","Strike_R","Defend_R","Defend_R","Defend_R","Defend_R","Bash","Offering","Uppercut+1","Reaper+1","Inflame+1","Injury","Battle Trance"],"relics":["Burning Blood","Charon\u0027s Ashes","Molten Egg 2","Letter Opener","Kunai","Golden Idol","PreservedInsect"],"potions_floor_usage":[7,16],"damage_taken":[{"damage":15,"enemies":"Cultist","floor":1,"turns":5},{"damage":4,"enemies":"Jaw Worm","floor":2,"turns":4},{"damage":0,"enemies":"Small Slimes","floor":6,"turns":3},{"damage":24,"enemies":"3 Sentries","floor":7,"turns":7},{"damage":32,"enemies":"Gremlin Nob","floor":14,"turns":4},{"damage":74,"enemies":"Hexaghost","floor":16,"turns":10}],"seed_played":"317513042466201860","potions_obtained":[{"floor":2,"key":"Block Potion"},{"floor":14,"key":"LiquidBronze"}],"is_trial":false,"path_per_floor":["M","M","$","?","$","M","E","R","T","R","T","$","?","E","R","B"],"character_chosen":"IRONCLAD","items_purchased":["Charon\u0027s Ashes","Inflame"],"campfire_rested":1,"item_purchase_floors":[3,12],"current_hp_per_floor":[42,44,44,64,64,70,52,76,76,76,76,76,76,60,60,0],"gold":45,"neow_bonus":"TWO_FIFTY_GOLD","is_prod":false,"is_daily":false,"chose_seed":false,"campfire_upgraded":2,"win_rate":0,"timestamp":1553545492,"path_taken":["M","?","$","?","$","M","E","R","T","R","?","$","?","E","R","BOSS"],"build_version":"2019-01-23","purchased_purges":0,"victory":false,"max_hp_per_floor":[80,80,80,80,80,80,80,80,80,80,80,80,80,80,80,80],"card_choices":[{"not_picked":["Perfected Strike","Thunderclap","Warcry"],"picked":"SKIP","floor":1},{"not_picked":["Wild Strike","Perfected Strike"],"picked":"Offering","floor":2},{"not_picked":["Sword Boomerang","Bloodletting"],"picked":"Uppercut","floor":6},{"not_picked":["Twin Strike","Flex"],"picked":"Reaper","floor":7},{"not_picked":["Armaments","Havoc"],"picked":"Battle Trance","floor":14}],"player_experience":1572189,"relics_obtained":[{"floor":7,"key":"Molten Egg 2"},{"floor":9,"key":"Letter Opener"},{"floor":11,"key":"Kunai"},{"floor":14,"key":"PreservedInsect"}],"event_choices":[{"damage_healed":20,"gold_gain":0,"player_choice":"Healed","damage_taken":0,"max_hp_gain":0,"max_hp_loss":0,"event_name":"The Cleric","floor":4,"gold_loss":35},{"damage_healed":0,"gold_gain":0,"player_choice":"Take Wound","damage_taken":0,"relics_obtained":["Golden Idol"],"max_hp_gain":0,"max_hp_loss":0,"event_name":"Golden Idol","floor":13,"gold_loss":0,"cards_obtained":["Injury"]}],"is_beta":false,"boss_relics":[],"items_purged_floors":[],"is_endless":false,"potions_floor_spawned":[2,14],"killed_by":"Hexaghost","ascension_level":13}