{"gold_per_floor":[218,58,233,3,3,35,45,62,62,62,76,76,76,92,92,194,194,210,234,5,18,18,18,53,53,53,68,88,105,30,44,44,146,146,163,173,173,173,187,212,228,258,258,258,271,303,319,336,336,336],"floor_reached":51,"playtime":3937,"items_purged":["Strike_R"],"score":936,"play_id":"517c0d56-cbed-40d5-ba39-97c9c3f09893","local_time":"20181024220552","is_ascension_mode":false,"campfire_choices":[{"data":"True Grit","floor":10,"key":"SMITH"},{"data":"Cleave","floor":15,"key":"SMITH"},{"data":"Limit Break","floor":23,"key":"SMITH"},{"floor":25,"key":"REST"},{"data":"Inflame","floor":32,"key":"SMITH"},{"data":"Enlightenment","floor":49,"key":"SMITH"}],"neow_cost":"NONE","seed_source_timestamp":759891165000,"circlet_count":0,"master_deck":["Strike_R+1","Strike_R","Strike_R","Defend_R","Defend_R","Defend_R+1","Defend_R","Bash","Cleave+1","Feed","Violence","Combust+1","True Grit+1","Infernal Blade","Limit Break+1","Feed","Infernal Blade","Rupture","Inflame+1","Ghostly","Ghostly","Ghostly","Ghostly","Ghostly","Heavy Blade+1","Exhume","Sword Boomerang+1","Madness","Madness","Enlightenment+1","Violence","Mayhem","Parasite","Heavy Blade+1","Combust","Corruption","Juggernaut"],"relics":["Black Blood","Pear","Bronze Scales","Orichalcum","Vajra","Bottled Lightning","Dead Branch","Lizard Tail","Art of War","Ornamental Fan","Mummified Hand","Pen Nib"],"potions_floor_usage":[6,11,16,24,24,31,39,46,46,48,50],"damage_taken":[{"damage":10,"enemies":"Small Slimes","floor":1,"turns":4},{"damage":12,"enemies":"3 Sentries","floor":6,"turns":5},{"damage":13,"enemies":"Jaw Worm","floor":7,"turns":3},{"damage":2,"enemies":"Cultist","floor":8,"turns":4},{"damage":0,"enemies":"2 Fungi Beasts","floor":11,"turns":2},{"damage":2,"enemies":"Gremlin Gang","floor":14,"turns":3},{"damage":43,"enemies":"Slime Boss","floor":16,"turns":8},{"damage":20,"enemies":"Chosen","floor":18,"turns":6},{"damage":12,"enemies":"3 Byrds","floor":21,"turns":3},{"damage":31,"enemies":"Book of Stabbing","floor":24,"turns":8},{"damage":7,"enemies":"3 Cultists","floor":27,"turns":4},{"damage":5,"enemies":"Centurion and Healer","floor":28,"turns":6},{"damage":2,"enemies":"Shelled Parasite and Fungi","floor":29,"turns":6},{"damage":8,"enemies":"Cultist and Chosen","floor":31,"turns":6},{"damage":6,"enemies":"Champ","floor":33,"turns":7},{"damage":2,"enemies":"Orb Walker","floor":35,"turns":5},{"damage":9,"enemies":"3 Shapes","floor":36,"turns":5},{"damage":26,"enemies":"Writhing Mass","floor":39,"turns":8},{"damage":5,"enemies":"Reptomancer","floor":40,"turns":5},{"damage":2,"enemies":"4 Shapes","floor":41,"turns":4},{"damage":1,"enemies":"Nemesis","floor":42,"turns":7},{"damage":0,"enemies":"Maw","floor":45,"turns":7},{"damage":1,"enemies":"Giant Head","floor":46,"turns":3},{"damage":3,"enemies":"Jaw Worm Horde","floor":47,"turns":3},{"damage":3,"enemies":"Transient","floor":48,"turns":5},{"damage":52,"enemies":"Time Eater","floor":50,"turns":9}],"seed_played":"-8374735068117356208","potions_obtained":[{"floor":1,"key":"AttackPotion"},{"floor":7,"key":"Block Potion"},{"floor":11,"key":"Fire Potion"},{"floor":16,"key":"Ancient Potion"},{"floor":18,"key":"Weak Potion"},{"floor":28,"key":"Regen Potion"},{"floor":29,"key":"Block Potion"},{"floor":39,"key":"SneckoOil"},{"floor":42,"key":"Explosive Potion"},{"floor":45,"key":"Strength Potion"},{"floor":46,"key":"Energy Potion"}],"is_trial":false,"path_per_floor":["M","$","?","$","?","E","M","M","T","R","M","?","?","M","R","B",null,"M","T","$","M","?","R","E","R","T","M","M","M","$","M","R","B",null,"M","M","?","?","M","E","M","E","T","?","M","E","M","M","R","B"],"character_chosen":"IRONCLAD","items_purchased":["Feed","Violence","Combust","Vajra","Rupture"],"campfire_rested":1,"item_purchase_floors":[2,4,4,20,20],"current_hp_per_floor":[76,76,76,76,60,67,63,67,67,67,73,73,73,80,80,43,99,92,92,92,93,52,52,34,50,50,53,55,55,55,55,55,55,55,55,61,53,43,44,49,63,70,70,70,70,70,76,76,76,34],"gold":336,"neow_bonus":"HUNDRED_GOLD","is_prod":false,"is_daily":false,"chose_seed":false,"campfire_upgraded":5,"win_rate":0,"timestamp":1540411552,"path_taken":["M","$","?","$","?","E","M","M","T","R","?","?","?","M","R","BOSS","M","?","?","?","?","R","E","R","T","M","M","M","$","M","R","BOSS","M","M","?","?","M","E","M","E","T","?","M","E","M","M","R","BOSS"],"build_version":"2018-10-18","purchased_purges":1,"victory":true,"max_hp_per_floor":[80,80,80,80,80,93,96,96,96,96,96,96,96,99,99,99,99,102,102,102,105,52,52,55,55,55,55,55,55,55,55,55,55,55,55,61,61,61,64,64,70,70,70,70,70,70,76,76,76,76],"card_choices":[{"not_picked":["Shockwave","Headbutt"],"picked":"Cleave","floor":1},{"not_picked":["Twin Strike","Metallicize"],"picked":"True Grit","floor":6},{"not_picked":["Ghostly Armor","Thunderclap","Anger"],"picked":"SKIP","floor":7},{"not_picked":["Pommel Strike","Warcry"],"picked":"Infernal Blade","floor":8},{"not_picked":["Perfected Strike","Flex","True Grit"],"picked":"SKIP","floor":11},{"not_picked":["Cleave","Flame Barrier"],"picked":"Limit Break","floor":14},{"not_picked":["Exhume","Juggernaut"],"picked":"Feed","floor":16},{"not_picked":["Twin Strike","Burning Pact"],"picked":"Infernal Blade","floor":18},{"not_picked":["Perfected Strike","Anger"],"picked":"Inflame","floor":21},{"not_picked":["Intimidate","Evolve+1","Body Slam"],"picked":"SKIP","floor":24},{"not_picked":["Sentinel","Evolve","Metallicize"],"picked":"SKIP","floor":27},{"not_picked":["Disarm","Warcry","Pommel Strike+1"],"picked":"SKIP","floor":28},{"not_picked":["True Grit","Uppercut+1"],"picked":"Heavy Blade+1","floor":29},{"not_picked":["Power Through","Twin Strike","Rampage"],"picked":"SKIP","floor":31},{"not_picked":["Impervious","Dark Embrace"],"picked":"Exhume","floor":33},{"not_picked":["Clash+1","Iron Wave"],"picked":"Sword Boomerang+1","floor":35},{"not_picked":["Clothesline","Body Slam+1","True Grit+1"],"picked":"SKIP","floor":36},{"not_picked":["Magnetism","Impatience"],"picked":"Enlightenment","floor":38},{"not_picked":["Magnetism","Madness"],"picked":"Violence","floor":38},{"not_picked":["Dark Shackles","HandOfGreed"],"picked":"Mayhem","floor":38},{"not_picked":["Pommel Strike+1","Blood for Blood+1","Sword Boomerang+1"],"picked":"SKIP","floor":39},{"not_picked":["Body Slam+1","Cleave+1"],"picked":"Heavy Blade+1","floor":40},{"not_picked":["Ghostly Armor+1","Headbutt","Battle Trance+1"],"picked":"SKIP","floor":41},{"not_picked":["Barricade","Shockwave"],"picked":"Combust","floor":42},{"not_picked":["Anger","Sever Soul","Havoc"],"picked":"SKIP","floor":45},{"not_picked":["Iron Wave","Fire Breathing","Metallicize+1"],"picked":"SKIP","floor":46},{"not_picked":["Cleave","Sentinel","Burning Pact+1"],"picked":"SKIP","floor":47},{"not_picked":["Havoc","Shrug It Off"],"picked":"Juggernaut","floor":48}],"player_experience":756958,"relics_obtained":[{"floor":6,"key":"Pear"},{"floor":9,"key":"Bronze Scales"},{"floor":19,"key":"Orichalcum"},{"floor":24,"key":"Bottled Lightning"},{"floor":26,"key":"Dead Branch"},{"floor":40,"key":"Art of War"},{"floor":42,"key":"Ornamental Fan"},{"floor":43,"key":"Mummified Hand"},{"floor":46,"key":"Pen Nib"}],"event_choices":[{"damage_healed":0,"gold_gain":175,"player_choice":"AGREE","damage_taken":0,"max_hp_gain":0,"max_hp_loss":0,"event_name":"Liars Game","floor":3,"gold_loss":0,"cards_obtained":["Doubt"]},{"damage_healed":0,"gold_gain":0,"player_choice":"Entered Light","damage_taken":16,"max_hp_gain":0,"max_hp_loss":0,"event_name":"Shining Light","floor":5,"gold_loss":0,"cards_upgraded":["Defend_R","Strike_R"]},{"cards_removed":["Doubt"],"damage_healed":0,"gold_gain":0,"player_choice":"Purged","damage_taken":0,"max_hp_gain":0,"max_hp_loss":0,"event_name":"Purifier","floor":12,"gold_loss":0},{"damage_healed":0,"gold_gain":0,"player_choice":"Upgraded","damage_taken":0,"max_hp_gain":0,"max_hp_loss":0,"event_name":"Upgrade Shrine","floor":13,"gold_loss":0,"cards_upgraded":["Combust"]},{"damage_healed":0,"gold_gain":0,"player_choice":"Became a Ghost","damage_taken":0,"max_hp_gain":0,"max_hp_loss":53,"event_name":"Ghosts","floor":22,"gold_loss":0,"cards_obtained":["Ghostly","Ghostly","Ghostly","Ghostly","Ghostly"]},{"damage_healed":0,"gold_gain":0,"player_choice":"Embrace Madness","damage_taken":8,"max_hp_gain":0,"max_hp_loss":0,"event_name":"Winding Halls","floor":37,"gold_loss":0,"cards_obtained":["Madness","Madness"]},{"damage_healed":0,"gold_gain":0,"player_choice":"Memory 3","damage_taken":10,"max_hp_gain":0,"max_hp_loss":0,"event_name":"SensoryStone","floor":38,"gold_loss":0},{"damage_healed":0,"gold_gain":0,"cards_transformed":["Strike_R"],"player_choice":"Transformed","damage_taken":0,"max_hp_gain":0,"max_hp_loss":0,"event_name":"Transmorgrifier","floor":44,"gold_loss":0,"cards_obtained":["Corruption"]}],"is_beta":false,"boss_relics":[{"not_picked":["Sozu","Runic Cube"],"picked":"Black Blood"},{"not_picked":["Astrolabe","Runic Pyramid"],"picked":"Lizard Tail"}],"items_purged_floors":[30],"is_endless":false,"potions_floor_spawned":[1,7,11,16,18,28,29,39,42,45,46],"ascension_level":0}