{"gold_per_floor":[217,0,0,12,12,37,37,37,37,52,52,71,71,71,71,168,168,179,193,205,120,120,120,153,153,176,190,190,205,205,235,235,334,334,345,363,363],"floor_reached":37,"playtime":2092,"items_purged":[],"score":611,"play_id":"4a727e0e-4f28-4886-a2b7-f70ff75f6536","local_time":"20190127204100","is_ascension_mode":true,"campfire_choices":[{"floor":7.0,"key":"REST"},{"floor":13.0,"key":"REST"},{"data":"Apotheosis","floor":15.0,"key":"SMITH"},{"floor":23,"key":"REST"},{"floor":25,"key":"REST"},{"floor":28,"key":"REST"},{"data":"Inflame","floor":32,"key":"SMITH"}],"neow_cost":"NONE","seed_source_timestamp":0,"circlet_count":0,"master_deck":["AscendersBane","Strike_R","Strike_R","Strike_R","Defend_R+1","Defend_R","Defend_R","Defend_R","Bash","True Grit+1","Apotheosis+1","Sever Soul","Cleave","Inflame+1","Rampage","Battle Trance","Feel No Pain","Reaper","Dual Wield+1","Seeing Red","Panacea","Exhume","Warcry+1","True Grit+1","J.A.X.","Exhume","Shockwave","Heavy Blade"],"special_seed":0,"relics":["Burning Blood","Omamori","Happy Flower","Mercury Hourglass","Lizard Tail","Dream Catcher","Ice Cream","Bag of Preparation","Oddly Smooth Stone","Fusion Hammer"],"potions_floor_usage":[18,24,31,31,37,37,37],"damage_taken":[{"damage":8.0,"enemies":"Jaw Worm","floor":1.0,"turns":4.0},{"damage":7.0,"enemies":"2 Louse","floor":4.0,"turns":3.0},{"damage":29.0,"enemies":"3 Sentries","floor":6.0,"turns":10.0},{"damage":4.0,"enemies":"Small Slimes","floor":10.0,"turns":3.0},{"damage":6.0,"enemies":"Gremlin Gang","floor":12.0,"turns":4.0},{"damage":46.0,"enemies":"The Guardian","floor":16.0,"turns":10.0},{"damage":10,"enemies":"2 Thieves","floor":18,"turns":4},{"damage":19,"enemies":"Spheric Guardian","floor":19,"turns":4},{"damage":20,"enemies":"Snecko","floor":20,"turns":6},{"damage":50,"enemies":"Slavers","floor":24,"turns":6},{"damage":19,"enemies":"Sentry and Sphere","floor":27,"turns":5},{"damage":8,"enemies":"Snake Plant","floor":29,"turns":5},{"damage":32,"enemies":"Gremlin Leader","floor":31,"turns":6},{"damage":46,"enemies":"Champ","floor":33,"turns":10},{"damage":32,"enemies":"3 Shapes","floor":35,"turns":4},{"damage":29,"enemies":"3 Darklings","floor":36,"turns":6},{"damage":130,"enemies":"2 Orb Walkers","floor":37,"turns":6}],"seed_played":"-3731169804401949166","potions_obtained":[{"floor":6.0,"key":"SkillPotion"},{"floor":10.0,"key":"Energy Potion"},{"floor":19,"key":"SpeedPotion"},{"floor":24,"key":"Strength Potion"},{"floor":29,"key":"LiquidBronze"},{"floor":31,"key":"SpeedPotion"},{"floor":35,"key":"LiquidBronze"},{"floor":36,"key":"Fire Potion"}],"is_trial":false,"path_per_floor":["M","$","?","M","$","E","R","?","T","M","?","M","R","?","R","B",null,"M","M","M","?","?","R","E","R","T","M","R","M","?","E","R","B",null,"M","M","?"],"character_chosen":"IRONCLAD","items_purchased":["Apotheosis","Sever Soul"],"campfire_rested":5,"item_purchase_floors":[2,2],"current_hp_per_floor":[70,70,54,53,53,30,54,42,42,44,44,44,68,68,68,28,67,63,50,48,48,48,72,38,62,62,49,73,77,77,80,80,80,80,79,80,0],"gold":363,"neow_bonus":"HUNDRED_GOLD","is_prod":false,"is_daily":false,"chose_seed":false,"campfire_upgraded":2,"win_rate":0,"timestamp":1548618060,"path_taken":["M","$","?","M","$","E","R","?","T","M","?","M","R","?","R","BOSS","M","M","?","?","?","R","E","R","T","M","R","?","?","E","R","BOSS","M","M","?"],"build_version":"2019-01-23","purchased_purges":0,"victory":false,"max_hp_per_floor":[80,80,80,80,80,80,80,80,80,80,80,80,80,80,80,80,80,80,80,80,80,80,80,80,80,80,80,80,80,80,80,80,80,80,80,80,80],"card_choices":[{"not_picked":["Thunderclap","Sword Boomerang"],"picked":"True Grit","floor":1.0},{"not_picked":["Reckless Charge","Feel No Pain"],"picked":"Cleave","floor":4.0},{"not_picked":["Rampage","Dark Embrace"],"picked":"Inflame","floor":6.0},{"not_picked":["Clash","Perfected Strike"],"picked":"Rampage","floor":10.0},{"not_picked":["Headbutt","Intimidate"],"picked":"Battle Trance","floor":12.0},{"not_picked":["Immolate","Feed"],"picked":"Reaper","floor":16.0},{"not_picked":["Cleave+1","Perfected Strike","Reckless Charge"],"picked":"SKIP","floor":18},{"not_picked":["Sword Boomerang+1","Pommel Strike","Inflame"],"picked":"SKIP","floor":19},{"not_picked":["Armaments","Metallicize"],"picked":"Dual Wield+1","floor":20},{"not_picked":["Havoc","Anger"],"picked":"Exhume","floor":24},{"not_picked":["Sword Boomerang+1","Thunderclap+1"],"picked":"Warcry+1","floor":27},{"not_picked":["Dropkick","Anger"],"picked":"True Grit+1","floor":29},{"not_picked":["Twin Strike+1","Rampage","Uppercut+1"],"picked":"SKIP","floor":31},{"not_picked":["Bludgeon","Demon Form"],"picked":"Exhume","floor":33},{"not_picked":["Flex","Blood for Blood"],"picked":"Shockwave","floor":35},{"not_picked":["Anger","Flex+1"],"picked":"Heavy Blade","floor":36}],"player_experience":1340726,"relics_obtained":[{"floor":6.0,"key":"Omamori"},{"floor":9.0,"key":"Mercury Hourglass"},{"floor":24,"key":"Ice Cream"},{"floor":26,"key":"Bag of Preparation"},{"floor":31,"key":"Oddly Smooth Stone"}],"event_choices":[{"damage_healed":0.0,"max_hp_gain":0.0,"max_hp_loss":0.0,"gold_gain":0.0,"event_name":"Shining Light","player_choice":"Entered Light","floor":3.0,"gold_loss":0.0,"damage_taken":16.0,"cards_upgraded":["True Grit","Defend_R"]},{"damage_healed":0.0,"max_hp_gain":0.0,"max_hp_loss":0.0,"gold_gain":0.0,"event_name":"Scrap Ooze","player_choice":"Success","floor":8.0,"gold_loss":0.0,"damage_taken":12.0,"relics_obtained":["Happy Flower"]},{"cards_removed":["Strike_R"],"damage_healed":0.0,"max_hp_gain":0.0,"max_hp_loss":0.0,"gold_gain":0.0,"event_name":"Living Wall","player_choice":"Forget","floor":11.0,"gold_loss":0.0,"damage_taken":0.0},{"damage_healed":0.0,"max_hp_gain":0.0,"max_hp_loss":0.0,"gold_gain":0.0,"cards_transformed":["Strike_R"],"event_name":"Transmorgrifier","player_choice":"Transformed","floor":14.0,"gold_loss":0.0,"damage_taken":0.0,"cards_obtained":["Feel No Pain"]},{"damage_healed":0,"gold_gain":0,"player_choice":"Obtained Relic","damage_taken":0,"relics_obtained":["Dream Catcher"],"max_hp_gain":0,"max_hp_loss":0,"event_name":"Addict","floor":21,"gold_loss":85},{"damage_healed":0,"gold_gain":0,"player_choice":"2 cards matched","damage_taken":0,"max_hp_gain":0,"max_hp_loss":0,"event_name":"Match and Keep!","floor":22,"gold_loss":0,"cards_obtained":["Seeing Red","Panacea"]},{"damage_healed":0,"gold_gain":0,"player_choice":"Obtain J.A.X.","damage_taken":0,"max_hp_gain":0,"max_hp_loss":0,"event_name":"Drug Dealer","floor":30,"gold_loss":0,"cards_obtained":["J.A.X."]},{"damage_healed":0,"gold_gain":0,"player_choice":"Fight","damage_taken":0,"max_hp_gain":0,"max_hp_loss":0,"event_name":"Mysterious Sphere","floor":37,"gold_loss":0}],"is_beta":false,"boss_relics":[{"not_picked":["Astrolabe","Eternal Feather"],"picked":"Lizard Tail"},{"not_picked":["Tiny House","Runic Cube"],"picked":"Fusion Hammer"}],"items_purged_floors":[],"is_endless":false,"potions_floor_spawned":[6,10,19,24,29,31,35,36],"killed_by":"2 Orb Walkers","ascension_level":10}