{"gold_per_floor":[114,64,139,139,24,24,24,43,68,106,106,144,182,201,201,326,326,345,270,270,273,273,303,333,363,393,393,393,33,48,63,63,163,163,178,178,253,475,475,505,535,550,625,640,670,670,220,262,262,262],"floor_reached":51,"playtime":3868,"items_purged":["Berserk"],"score":1128,"play_id":"d6d9df28-8c4f-4ab3-a608-ab89a86422bc","local_time":"20190103224127","daily_mods":["Shiny","Flight","Terminal"],"is_ascension_mode":false,"campfire_choices":[{"data":"Demon Form","floor":15,"key":"SMITH"},{"data":"1","floor":32,"key":"LIFT"},{"data":"2","floor":49,"key":"LIFT"}],"neow_cost":"","seed_source_timestamp":0,"circlet_count":0,"master_deck":["Double Tap","Demon Form+1","Bludgeon+1","Feed+1","Limit Break","Barricade","Dark Embrace","Impervious","Brutality","Exhume","Offering","Immolate","Dual Wield","Injury","Seeing Red","Impervious","Writhe","Exhume","Impervious","Bandage Up"],"special_seed":17900,"relics":["Burning Blood","Lantern","Bloody Idol","Blood Vial","Du-Vu Doll","Ice Cream","Incense Burner","Red Skull","Busted Crown","Girya","Red Mask","Whetstone","Pen Nib","Oddly Smooth Stone","Tiny Chest","Kunai","DollysMirror","Sozu","Unceasing Top","Blue Candle","Centennial Puzzle","Potion Belt","Self Forming Clay","Juzu Bracelet","Darkstone Periapt","Toolbox","FossilizedHelix"],"potions_floor_usage":[13,21,24,24,33],"damage_taken":[{"damage":5,"enemies":"Small Slimes","floor":1,"turns":4},{"damage":4,"enemies":"2 Louse","floor":8,"turns":2},{"damage":32,"enemies":"3 Sentries","floor":10,"turns":6},{"damage":16,"enemies":"Gremlin Nob","floor":12,"turns":3},{"damage":21,"enemies":"Lagavulin","floor":13,"turns":6},{"damage":6,"enemies":"Cultist","floor":14,"turns":1},{"damage":21,"enemies":"Slime Boss","floor":16,"turns":7},{"damage":17,"enemies":"Spheric Guardian","floor":18,"turns":4},{"damage":10,"enemies":"Masked Bandits","floor":21,"turns":5},{"damage":27,"enemies":"Slavers","floor":23,"turns":6},{"damage":9,"enemies":"Book of Stabbing","floor":24,"turns":5},{"damage":11,"enemies":"Slavers","floor":25,"turns":4},{"damage":6,"enemies":"Shell Parasite","floor":30,"turns":6},{"damage":0,"enemies":"Snecko","floor":31,"turns":5},{"damage":11,"enemies":"Collector","floor":33,"turns":7},{"damage":32,"enemies":"Orb Walker","floor":35,"turns":6},{"damage":11,"enemies":"Giant Head","floor":40,"turns":6},{"damage":17,"enemies":"Nemesis","floor":41,"turns":5},{"damage":16,"enemies":"3 Darklings","floor":42,"turns":9},{"damage":3,"enemies":"Transient","floor":44,"turns":5},{"damage":7,"enemies":"Reptomancer","floor":45,"turns":5},{"damage":19,"enemies":"2 Orb Walkers","floor":48,"turns":6},{"damage":27,"enemies":"Donu and Deca","floor":50,"turns":6}],"seed_played":"8207971978240580140","potions_obtained":[{"floor":10,"key":"SkillPotion"},{"floor":16,"key":"Block Potion"},{"floor":21,"key":"Strength Potion"},{"floor":23,"key":"Poison Potion"},{"floor":25,"key":"AttackPotion"}],"is_trial":false,"path_per_floor":["M","?","?","?","$","?","$","M","T","E","?","E","E","M","R","B",null,"M","?","?","?","?","E","E","E","T","?","T","$","M","M","R","B",null,"M","T","T","?","?","E","E","M","T","M","E","?","$","?","R","B",null],"character_chosen":"IRONCLAD","items_purchased":["Dual Wield","DollysMirror","Exhume","Darkstone Periapt","Toolbox"],"campfire_rested":0,"item_purchase_floors":[5,29,29,47,47],"current_hp_per_floor":[84,83,72,72,72,72,72,83,82,70,70,62,52,57,57,50,92,84,84,84,88,88,77,81,87,92,92,92,92,99,98,97,100,99,82,82,87,92,92,94,94,91,96,97,100,90,90,88,88,73],"gold":262,"neow_bonus":"","is_prod":false,"is_daily":true,"chose_seed":false,"campfire_upgraded":1,"win_rate":0,"timestamp":1546584087,"path_taken":["M","?","?","?","$","?","?","M","T","E","?","E","E","?","R","BOSS","M","?","?","?","?","E","E","E","T","?","?","$","?","?","R","BOSS","M","?","?","?","?","E","E","M","T","?","E","?","$","?","R","BOSS"],"build_version":"2019-01-03v3","purchased_purges":1,"victory":true,"max_hp_per_floor":[84,83,82,81,80,79,78,83,82,87,86,85,87,89,88,93,92,94,93,92,97,96,98,97,100,99,98,97,96,99,98,97,100,99,102,101,100,99,98,97,100,99,98,97,100,99,98,97,96,95],"card_choices":[{"not_picked":["Thunderclap","Second Wind","Anger"],"picked":"SKIP","floor":1},{"not_picked":["Armaments","Power Through","Sentinel"],"picked":"SKIP","floor":8},{"not_picked":["Flex","Heavy Blade"],"picked":"Seeing Red","floor":10},{"not_picked":["Clothesline","Cleave","Intimidate"],"picked":"SKIP","floor":12},{"not_picked":["Carnage","Whirlwind","Dropkick"],"picked":"SKIP","floor":13},{"not_picked":["Pommel Strike","Burning Pact","Havoc"],"picked":"SKIP","floor":14},{"not_picked":["Immolate","Demon Form"],"picked":"Impervious","floor":16},{"not_picked":["Inflame"],"picked":"SKIP","floor":18},{"not_picked":["Sword Boomerang"],"picked":"SKIP","floor":23},{"not_picked":["Warcry"],"picked":"SKIP","floor":24},{"not_picked":["Dropkick+1"],"picked":"SKIP","floor":25},{"not_picked":["Cleave+1"],"picked":"SKIP","floor":30},{"not_picked":["Metallicize"],"picked":"SKIP","floor":31},{"not_picked":["Sever Soul+1"],"picked":"SKIP","floor":35},{"not_picked":["Pommel Strike"],"picked":"SKIP","floor":40},{"not_picked":["Corruption"],"picked":"SKIP","floor":41},{"not_picked":["Clash+1"],"picked":"SKIP","floor":42},{"not_picked":["Warcry"],"picked":"SKIP","floor":44},{"not_picked":["Wild Strike"],"picked":"SKIP","floor":45},{"not_picked":[],"picked":"Bandage Up","floor":46}],"player_experience":403709,"relics_obtained":[{"floor":9,"key":"Blood Vial"},{"floor":10,"key":"Du-Vu Doll"},{"floor":12,"key":"Incense Burner"},{"floor":13,"key":"Red Skull"},{"floor":21,"key":"Red Mask"},{"floor":23,"key":"Whetstone"},{"floor":24,"key":"Pen Nib"},{"floor":25,"key":"Oddly Smooth Stone"},{"floor":26,"key":"Tiny Chest"},{"floor":28,"key":"Kunai"},{"floor":36,"key":"Unceasing Top"},{"floor":37,"key":"Blue Candle"},{"floor":40,"key":"Centennial Puzzle"},{"floor":41,"key":"Potion Belt"},{"floor":43,"key":"Self Forming Clay"},{"floor":45,"key":"Juzu Bracelet"},{"floor":48,"key":"FossilizedHelix"}],"event_choices":[{"cards_removed":["Fiend Fire"],"damage_healed":0,"gold_gain":0,"player_choice":"Card Removal","damage_taken":0,"max_hp_gain":0,"max_hp_loss":0,"event_name":"The Cleric","floor":2,"gold_loss":50},{"damage_healed":0,"gold_gain":75,"player_choice":"Gather Gold","damage_taken":11,"max_hp_gain":0,"max_hp_loss":0,"event_name":"World of Goop","floor":3,"gold_loss":0},{"damage_healed":0,"gold_gain":0,"player_choice":"Box","damage_taken":0,"relics_obtained":["Lantern"],"max_hp_gain":0,"max_hp_loss":0,"event_name":"Big Fish","floor":4,"gold_loss":0,"cards_obtained":["Regret"]},{"damage_healed":0,"gold_gain":0,"player_choice":"Take Wound","damage_taken":0,"relics_obtained":["Golden Idol"],"max_hp_gain":0,"max_hp_loss":0,"event_name":"Golden Idol","floor":6,"gold_loss":0,"cards_obtained":["Injury"]},{"cards_removed":["Reaper"],"damage_healed":0,"gold_gain":0,"player_choice":"Gave Card","damage_taken":0,"relics_obtained":["Ice Cream"],"max_hp_gain":0,"max_hp_loss":0,"event_name":"WeMeetAgain","floor":11,"gold_loss":0},{"cards_removed":["Regret"],"damage_healed":0,"gold_gain":0,"player_choice":"Gave Gold","damage_taken":0,"max_hp_gain":0,"max_hp_loss":0,"event_name":"Beggar","floor":19,"gold_loss":75},{"damage_healed":0,"gold_gain":0,"player_choice":"Opened","damage_taken":0,"relics_obtained":["Girya"],"max_hp_gain":0,"max_hp_loss":0,"event_name":"The Mausoleum","floor":20,"gold_loss":0,"cards_obtained":["Writhe"]},{"damage_healed":0,"gold_gain":0,"player_choice":"Fought Bandits","damage_taken":0,"max_hp_gain":0,"max_hp_loss":0,"event_name":"Masked Bandits","floor":21,"gold_loss":0},{"damage_healed":0,"gold_gain":0,"player_choice":"Gave Idol","damage_taken":0,"relics_obtained":["Bloody Idol"],"max_hp_gain":0,"max_hp_loss":0,"event_name":"Forgotten Altar","floor":22,"relics_lost":["Golden Idol"],"gold_loss":0},{"cards_removed":["Juggernaut"],"damage_healed":0,"gold_gain":0,"player_choice":"Elegance","damage_taken":0,"max_hp_gain":0,"max_hp_loss":0,"event_name":"Back to Basics","floor":27,"gold_loss":0},{"damage_healed":0,"gold_gain":222,"player_choice":"Wore Mask","damage_taken":0,"max_hp_gain":0,"max_hp_loss":0,"event_name":"Tomb of Lord Red Mask","floor":38,"gold_loss":0},{"damage_healed":0,"gold_gain":0,"player_choice":"Ignored","damage_taken":0,"max_hp_gain":0,"max_hp_loss":0,"event_name":"SecretPortal","floor":39,"gold_loss":0},{"damage_healed":0,"gold_gain":0,"player_choice":"Memory 3","damage_taken":10,"max_hp_gain":0,"max_hp_loss":0,"event_name":"SensoryStone","floor":46,"gold_loss":0},{"damage_healed":0,"gold_gain":0,"player_choice":"Fight","damage_taken":0,"max_hp_gain":0,"max_hp_loss":0,"event_name":"Mysterious Sphere","floor":48,"gold_loss":0}],"is_beta":false,"boss_relics":[{"not_picked":["Eternal Feather","Empty Cage"],"picked":"Busted Crown"},{"not_picked":["White Beast Statue","Tiny House"],"picked":"Sozu"}],"items_purged_floors":[5],"is_endless":false,"potions_floor_spawned":[10,16,21,23,25,40,41,45,48],"ascension_level":0}