{"gold_per_floor":[216,241,112,130,130,162,162,174,174,92,92,104,104,119,119,214,214,225,40,40,139,156,156,170,201,201,201],"floor_reached":27,"playtime":1484,"items_purged":["Strike_B","Strike_B"],"score":277,"play_id":"f4cbde59-fc3e-4fe0-afef-dfcfc60431b9","local_time":"20181129154116","is_ascension_mode":true,"campfire_choices":[{"floor":7,"key":"REST"},{"floor":15,"key":"REST"},{"data":"Skim","floor":23,"key":"SMITH"}],"neow_cost":"NONE","seed_source_timestamp":571727548743067,"circlet_count":0,"master_deck":["Strike_B+1","Defend_B","Defend_B","Defend_B+1","Zap","Dualcast","Chill","Beam Cell","Chill","Turbo","Skim+1","Finesse","Rip and Tear","Gash","Electrodynamics","Chill","Self Repair","Streamline","Beam Cell","Hologram"],"special_seed":0,"relics":["Cracked Core","Juzu Bracelet","Oddly Smooth Stone","Meat on the Bone","Sozu","Nilry\u0027s Codex","Ginger"],"potions_floor_usage":[],"damage_taken":[{"damage":1,"enemies":"Cultist","floor":1,"turns":3},{"damage":3,"enemies":"Small Slimes","floor":4,"turns":3},{"damage":18,"enemies":"Lagavulin","floor":6,"turns":6},{"damage":0,"enemies":"Jaw Worm","floor":8,"turns":2},{"damage":2,"enemies":"Looter","floor":12,"turns":3},{"damage":0,"enemies":"Lots of Slimes","floor":14,"turns":3},{"damage":62,"enemies":"Hexaghost","floor":16,"turns":12},{"damage":2,"enemies":"Spheric Guardian","floor":18,"turns":4},{"damage":1,"enemies":"2 Thieves","floor":22,"turns":3},{"damage":0,"enemies":"Centurion and Healer","floor":24,"turns":5},{"damage":24,"enemies":"Gremlin Leader","floor":25,"turns":8},{"damage":59,"enemies":"Book of Stabbing","floor":27,"turns":5}],"seed_played":"-5071576369772038414","potions_obtained":[{"floor":4,"key":"EssenceOfSteel"},{"floor":12,"key":"SteroidPotion"},{"floor":16,"key":"PowerPotion"}],"is_trial":false,"path_per_floor":["M","T","$","M","?","E","R","M","T","$","?","M","?","M","R","B",null,"M","$","?","?","M","R","M","E","T","E"],"character_chosen":"DEFECT","items_purchased":["Beam Cell","Finesse","Self Repair","Streamline"],"campfire_rested":2,"item_purchase_floors":[3,10,19,19],"current_hp_per_floor":[74,74,74,71,56,38,60,60,60,60,60,58,51,51,73,23,75,73,73,57,57,63,63,70,53,53,0],"gold":201,"neow_bonus":"HUNDRED_GOLD","is_prod":false,"is_daily":false,"chose_seed":false,"campfire_upgraded":1,"win_rate":0,"timestamp":1543473676,"path_taken":["M","?","$","M","?","E","R","M","T","?","?","M","?","M","R","BOSS","M","$","?","?","M","R","M","E","T","E"],"build_version":"2018-11-15","purchased_purges":2,"victory":false,"max_hp_per_floor":[75,75,75,75,75,75,75,75,75,75,75,75,75,75,75,75,75,75,75,75,75,75,75,75,75,75,75],"card_choices":[{"not_picked":["Conserve Battery","Doom and Gloom"],"picked":"Chill","floor":1},{"not_picked":["Force Field","White Noise"],"picked":"Chill","floor":4},{"not_picked":["Darkness","Aggregate"],"picked":"Turbo","floor":6},{"not_picked":["Stack","Redo"],"picked":"Skim","floor":8},{"not_picked":["Genetic Algorithm","Ball Lightning","Barrage"],"picked":"SKIP","floor":12},{"not_picked":["Doom and Gloom","Coolheaded"],"picked":"Gash","floor":14},{"not_picked":["Fission","Multi-Cast"],"picked":"Electrodynamics","floor":16},{"not_picked":["Barrage","Glacier"],"picked":"Chill","floor":18},{"not_picked":["Stack+1","Auto Shields"],"picked":"Beam Cell","floor":22},{"not_picked":["Hello World+1","Leap","Ball Lightning"],"picked":"SKIP","floor":24},{"not_picked":["Self Repair","Hello World"],"picked":"Hologram","floor":25}],"player_experience":164853,"relics_obtained":[{"floor":2,"key":"Juzu Bracelet"},{"floor":6,"key":"Oddly Smooth Stone"},{"floor":9,"key":"Meat on the Bone"},{"floor":20,"key":"Nilry\u0027s Codex"},{"floor":25,"key":"Ginger"}],"event_choices":[{"damage_healed":0,"gold_gain":0,"player_choice":"Entered Light","damage_taken":15,"max_hp_gain":0,"max_hp_loss":0,"event_name":"Shining Light","floor":5,"gold_loss":0,"cards_upgraded":["Defend_B","Strike_B"]},{"damage_healed":0,"gold_gain":0,"cards_transformed":["Strike_B"],"player_choice":"Transformed","damage_taken":0,"max_hp_gain":0,"max_hp_loss":0,"event_name":"Transmorgrifier","floor":11,"gold_loss":0,"cards_obtained":["Rip and Tear"]},{"cards_removed":["Defend_B"],"damage_healed":0,"gold_gain":0,"player_choice":"Card Removal","damage_taken":7,"max_hp_gain":0,"max_hp_loss":0,"event_name":"Golden Wing","floor":13,"gold_loss":0},{"damage_healed":0,"gold_gain":0,"player_choice":"Obtained Book","damage_taken":16,"max_hp_gain":0,"max_hp_loss":0,"event_name":"Cursed Tome","floor":20,"gold_loss":0},{"damage_healed":0,"gold_gain":99,"player_choice":"Stole From Cult","damage_taken":0,"max_hp_gain":0,"max_hp_loss":0,"event_name":"Nest","floor":21,"gold_loss":0}],"is_beta":false,"boss_relics":[{"not_picked":["Runic Pyramid","Pandora\u0027s Box"],"picked":"Sozu"}],"items_purged_floors":[3,19],"is_endless":false,"potions_floor_spawned":[4,12,16,22],"killed_by":"Book of Stabbing","ascension_level":4}