{"gold_per_floor":[114,114,289,300,324,352,362,362,362,9,41,41,75,175,175,271,271,288,304,57,76,91,91,91,91,114,114,114,147,147,147,147,247,247,263,280,280,380,380,380,380,409,409,10,0,0,11,11,11,11],"floor_reached":51,"playtime":2939,"items_purged":["Doubt"],"score":1095,"play_id":"996a4db7-e152-4e56-aa8e-98744c8c1323","local_time":"20190407224801","is_ascension_mode":true,"campfire_choices":[{"floor":8,"key":"REST"},{"floor":15,"key":"REST"},{"floor":23,"key":"REST"},{"floor":25,"key":"REST"},{"data":"RitualDagger","floor":27,"key":"SMITH"},{"data":"Skewer","floor":32,"key":"SMITH"},{"floor":40,"key":"REST"},{"data":"Flash of Steel","floor":46,"key":"SMITH"},{"floor":49,"key":"REST"}],"neow_cost":"NONE","seed_source_timestamp":109110830239100,"circlet_count":0,"master_deck":["AscendersBane","Defend_G","Defend_G","Defend_G","Defend_G","Defend_G","Strike_G","Strike_G","Strike_G","Strike_G","Survivor","Neutralize","Crippling Poison","Poisoned Stab","Bane","Skewer+1","Blur","Prepared+1","Night Terror+1","Well Laid Plans","Apotheosis+1","RitualDagger+1","Adrenaline+1","Madness+1","Madness+1","Flash of Steel+1"],"relics":["Ring of the Snake","NeowsBlessing","Omamori","Vajra","FossilizedHelix","Chemical X","Art of War","Toxic Egg 2","Ornamental Fan","Busted Crown","Ancient Tea Set","Incense Burner","Mummified Hand","Lizard Tail","Prayer Wheel","Regal Pillow","Bottled Flame","Pear","Lee\u0027s Waffle","Red Mask"],"potions_floor_usage":[13,13,16,16,22,33,42,42,42,47,50,50,50],"damage_taken":[{"damage":0,"enemies":"2 Louse","floor":1,"turns":1},{"damage":0,"enemies":"Small Slimes","floor":4,"turns":1},{"damage":0,"enemies":"Gremlin Nob","floor":6,"turns":1},{"damage":12,"enemies":"Jaw Worm","floor":7,"turns":5},{"damage":15,"enemies":"Lagavulin","floor":11,"turns":5},{"damage":12,"enemies":"3 Sentries","floor":13,"turns":6},{"damage":60,"enemies":"Slime Boss","floor":16,"turns":14},{"damage":2,"enemies":"3 Byrds","floor":18,"turns":4},{"damage":0,"enemies":"2 Thieves","floor":19,"turns":4},{"damage":0,"enemies":"Snake Plant","floor":21,"turns":2},{"damage":9,"enemies":"Chosen and Byrds","floor":22,"turns":7},{"damage":11,"enemies":"Book of Stabbing","floor":29,"turns":5},{"damage":22,"enemies":"Champ","floor":33,"turns":10},{"damage":0,"enemies":"Orb Walker","floor":35,"turns":2},{"damage":12,"enemies":"3 Darklings","floor":36,"turns":12},{"damage":13,"enemies":"Mind Bloom Boss Battle","floor":38,"turns":8},{"damage":90,"enemies":"Reptomancer","floor":42,"turns":9},{"damage":12,"enemies":"4 Shapes","floor":47,"turns":8},{"damage":67,"enemies":"Donu and Deca","floor":50,"turns":9}],"seed_played":"-4697425528844971228","potions_obtained":[{"floor":4,"key":"SpeedPotion"},{"floor":6,"key":"GamblersBrew"},{"floor":11,"key":"Explosive Potion"},{"floor":13,"key":"SkillPotion"},{"floor":19,"key":"Swift Potion"},{"floor":29,"key":"Strength Potion"},{"floor":33,"key":"Dexterity Potion"},{"floor":38,"key":"SteroidPotion"},{"floor":47,"key":"Swift Potion"}],"is_trial":false,"path_per_floor":["M","?","?","M","T","E","M","R","T","$","E","T","E","?","R","B",null,"M","M","$","M","M","R","?","R","T","R","?","E","?","?","R","B",null,"M","M","?","?","?","R","T","E","T","$","?","R","M","$","R","B",null],"character_chosen":"THE_SILENT","items_purchased":["Chemical X","Skewer","Apotheosis+1","Regen Potion","Lee\u0027s Waffle","Flash of Steel","EntropicBrew"],"campfire_rested":6,"item_purchase_floors":[10,10,20,20,44,44,44],"current_hp_per_floor":[63,63,63,63,63,63,51,70,70,70,55,55,43,43,64,4,54,52,52,52,52,43,64,58,70,70,70,70,59,70,70,70,48,65,65,53,53,40,31,52,52,12,22,87,87,87,75,75,87,20],"gold":11,"neow_bonus":"THREE_ENEMY_KILL","is_prod":false,"is_daily":false,"chose_seed":false,"campfire_upgraded":3,"win_rate":0,"timestamp":1554670081,"path_taken":["M","?","?","?","?","E","M","R","T","?","E","?","E","?","R","BOSS","M","M","$","M","?","R","?","R","T","R","?","E","?","?","R","BOSS","M","M","?","?","?","R","?","E","T","$","?","R","?","?","R","BOSS"],"build_version":"2019-01-23","purchased_purges":1,"victory":true,"max_hp_per_floor":[70,70,70,70,70,70,70,70,70,70,70,70,70,70,70,70,70,70,70,70,70,70,70,70,70,70,70,70,70,70,70,70,70,70,70,70,70,70,70,70,70,70,80,87,87,87,87,87,87,87],"card_choices":[{"not_picked":["Deflect","PiercingWail"],"picked":"Crippling Poison","floor":1},{"not_picked":["Dagger Throw","Flying Knee"],"picked":"Poisoned Stab","floor":4},{"not_picked":["Eviscerate","Underhanded Strike","Leg Sweep"],"picked":"SKIP","floor":6},{"not_picked":["Cloak And Dagger","Sucker Punch"],"picked":"Bane","floor":7},{"not_picked":["Distraction","Sucker Punch"],"picked":"Blur","floor":11},{"not_picked":["Tactician+1","Storm of Steel+1"],"picked":"Prepared+1","floor":13},{"not_picked":["Storm of Steel+1","Glass Knife"],"picked":"Night Terror+1","floor":16},{"not_picked":[],"picked":"Well Laid Plans","floor":18},{"not_picked":["Deadly Poison+1"],"picked":"SKIP","floor":19},{"not_picked":["Deadly Poison+1"],"picked":"SKIP","floor":19},{"not_picked":["Acrobatics+1"],"picked":"SKIP","floor":21},{"not_picked":["Flying Knee"],"picked":"SKIP","floor":22},{"not_picked":["Poisoned Stab"],"picked":"SKIP","floor":29},{"not_picked":[],"picked":"Adrenaline+1","floor":33},{"not_picked":["Leg Sweep+1"],"picked":"SKIP","floor":35},{"not_picked":["Dagger Throw+1"],"picked":"SKIP","floor":36},{"not_picked":["Backflip+1"],"picked":"SKIP","floor":42},{"not_picked":["PiercingWail+1"],"picked":"SKIP","floor":47},{"not_picked":["Deflect+1"],"picked":"SKIP","floor":47}],"player_experience":1620441,"relics_obtained":[{"floor":5,"key":"Omamori"},{"floor":6,"key":"Vajra"},{"floor":9,"key":"FossilizedHelix"},{"floor":11,"key":"Art of War"},{"floor":12,"key":"Toxic Egg 2"},{"floor":13,"key":"Ornamental Fan"},{"floor":26,"key":"Ancient Tea Set"},{"floor":29,"key":"Mummified Hand"},{"floor":38,"key":"Prayer Wheel"},{"floor":41,"key":"Regal Pillow"},{"floor":42,"key":"Bottled Flame"},{"floor":43,"key":"Pear"}],"event_choices":[{"damage_healed":0,"gold_gain":0,"player_choice":"Ignored","damage_taken":0,"max_hp_gain":0,"max_hp_loss":0,"event_name":"Shining Light","floor":2,"gold_loss":0},{"damage_healed":0,"gold_gain":175,"player_choice":"AGREE","damage_taken":0,"max_hp_gain":0,"max_hp_loss":0,"event_name":"Liars Game","floor":3,"gold_loss":0,"cards_obtained":["Doubt"]},{"damage_healed":0,"gold_gain":100,"player_choice":"Gold","damage_taken":0,"max_hp_gain":0,"max_hp_loss":0,"event_name":"Wheel of Change","floor":14,"gold_loss":0},{"damage_healed":0,"gold_gain":0,"player_choice":"Joined the Cult","damage_taken":6,"max_hp_gain":0,"max_hp_loss":0,"event_name":"Nest","floor":24,"gold_loss":0,"cards_obtained":["RitualDagger"]},{"damage_healed":0,"gold_gain":0,"player_choice":"Opened","damage_taken":0,"relics_obtained":["Incense Burner"],"max_hp_gain":0,"max_hp_loss":0,"event_name":"The Mausoleum","floor":28,"gold_loss":0},{"damage_healed":23,"gold_gain":0,"player_choice":"Heal","damage_taken":0,"max_hp_gain":0,"max_hp_loss":0,"event_name":"The Library","floor":30,"gold_loss":0},{"damage_healed":0,"gold_gain":0,"player_choice":"Ignored","damage_taken":0,"max_hp_gain":0,"max_hp_loss":0,"event_name":"Vampires","floor":31,"gold_loss":0},{"cards_removed":["Strike_G"],"damage_healed":0,"gold_gain":0,"player_choice":"Removed Attack","damage_taken":0,"max_hp_gain":0,"max_hp_loss":0,"event_name":"Falling","floor":37,"gold_loss":0},{"damage_healed":0,"gold_gain":0,"player_choice":"Fight","damage_taken":0,"max_hp_gain":0,"max_hp_loss":0,"event_name":"MindBloom","floor":38,"gold_loss":0},{"damage_healed":0,"gold_gain":0,"player_choice":"Embrace Madness","damage_taken":9,"max_hp_gain":0,"max_hp_loss":0,"event_name":"Winding Halls","floor":39,"gold_loss":0,"cards_obtained":["Madness","Madness"]},{"damage_healed":0,"gold_gain":0,"player_choice":"Paid","damage_taken":0,"relics_obtained":["Red Mask"],"max_hp_gain":0,"max_hp_loss":0,"event_name":"Tomb of Lord Red Mask","floor":45,"gold_loss":10}],"is_beta":false,"boss_relics":[{"not_picked":["Cursed Key","HoveringKite"],"picked":"Busted Crown"},{"not_picked":["Fusion Hammer","Ring of the Serpent"],"picked":"Lizard Tail"}],"items_purged_floors":[10],"is_endless":false,"potions_floor_spawned":[4,6,11,13,19,29,33,38,47],"ascension_level":10}