{"gold_per_floor":[216,216,232,41,51,51,28,28,28,28,61,79,93,111,111,209,209,226,81,94,0,99,127,54,54,54,84,95,130,130,130],"floor_reached":31,"playtime":1216,"items_purged":["Pain"],"score":440,"play_id":"46e37894-5bdb-4848-8829-a0955892cf93","local_time":"20190318230354","is_ascension_mode":true,"campfire_choices":[{"data":"Flash of Steel","floor":6,"key":"SMITH"},{"data":"Loop","floor":8,"key":"SMITH"},{"floor":10,"key":"REST"},{"data":"Static Discharge","floor":15,"key":"SMITH"}],"neow_cost":"NONE","seed_source_timestamp":361634498553200,"circlet_count":0,"master_deck":["AscendersBane","Zap","Dualcast","Loop+1","Flash of Steel+1","Ball Lightning","Leap","Seek","Ball Lightning+1","Static Discharge+1","Hyperbeam","Aggregate","Aggregate","Steam","All For One","Meteor Strike","Capacitor","Steam Power","Buffer","Lockon+1","Sunder","Hyperbeam+1","Turbo","Double Energy","Darkness","Fission","Doom and Gloom"],"relics":["Cracked Core","WarpedTongs","Gremlin Horn","Blood Vial","Pandora\u0027s Box","Juzu Bracelet","Bottled Tornado","Pear","Art of War","Whetstone"],"potions_floor_usage":[11,18,23,27,29],"damage_taken":[{"damage":4,"enemies":"2 Louse","floor":1,"turns":2},{"damage":14,"enemies":"Cultist","floor":3,"turns":4},{"damage":4,"enemies":"Jaw Worm","floor":5,"turns":2},{"damage":9,"enemies":"Gremlin Nob","floor":11,"turns":3},{"damage":0,"enemies":"Large Slime","floor":12,"turns":4},{"damage":0,"enemies":"Looter","floor":13,"turns":2},{"damage":1,"enemies":"Exordium Wildlife","floor":14,"turns":2},{"damage":19,"enemies":"The Guardian","floor":16,"turns":6},{"damage":5,"enemies":"2 Thieves","floor":18,"turns":2},{"damage":3,"enemies":"3 Byrds","floor":20,"turns":3},{"damage":13,"enemies":"Gremlin Leader","floor":23,"turns":3},{"damage":25,"enemies":"Slavers","floor":27,"turns":3},{"damage":23,"enemies":"Centurion and Healer","floor":28,"turns":3},{"damage":20,"enemies":"Gremlin Leader","floor":29,"turns":5},{"damage":10,"enemies":"Shelled Parasite and Fungi","floor":31,"turns":1}],"seed_played":"2357341188257619389","potions_obtained":[{"floor":1,"key":"Strength Potion"},{"floor":13,"key":"GamblersBrew"},{"floor":16,"key":"Fire Potion"},{"floor":18,"key":"Strength Potion"},{"floor":20,"key":"Swift Potion"}],"is_trial":false,"path_per_floor":["M","?","M","$","M","R","$","R","T","R","E","M","M","M","R","B",null,"M","$","M","?","?","E","$","?","T","E","M","E","?","M"],"character_chosen":"DEFECT","items_purchased":["Flash of Steel","Ball Lightning","Leap","Juzu Bracelet","Hyperbeam"],"campfire_rested":1,"item_purchase_floors":[4,4,7,19,24],"current_hp_per_floor":[64,64,50,50,46,46,46,46,46,68,59,61,63,64,64,47,68,65,65,64,64,64,53,53,53,63,40,19,1,1,0],"gold":130,"neow_bonus":"HUNDRED_GOLD","is_prod":false,"is_daily":false,"chose_seed":false,"campfire_upgraded":3,"win_rate":0,"timestamp":1552946634,"path_taken":["M","?","M","$","M","R","$","R","T","R","E","?","M","M","R","BOSS","M","$","M","?","?","E","$","?","T","E","M","E","?","M"],"build_version":"2019-01-23","purchased_purges":1,"victory":false,"max_hp_per_floor":[75,75,75,75,75,75,75,75,75,75,75,75,75,75,75,75,75,75,75,75,75,75,75,75,75,85,85,85,85,85,85],"card_choices":[{"not_picked":["Compile Driver","Streamline"],"picked":"Loop","floor":1},{"not_picked":["Hologram","Barrage"],"picked":"Ball Lightning","floor":3},{"not_picked":["Conserve Battery","Barrage"],"picked":"Ball Lightning","floor":5},{"not_picked":["Conserve Battery","FTL"],"picked":"Seek","floor":11},{"not_picked":["Reinforced Body","Gash"],"picked":"Ball Lightning","floor":12},{"not_picked":["Go for the Eyes","Fusion"],"picked":"Static Discharge","floor":13},{"not_picked":["Hologram","Sweeping Beam","Coolheaded"],"picked":"SKIP","floor":14},{"not_picked":["Fission","Machine Learning"],"picked":"Hyperbeam","floor":16},{"not_picked":["Gash","Coolheaded"],"picked":"Lockon+1","floor":18},{"not_picked":["Hologram","Compile Driver","Fusion"],"picked":"SKIP","floor":20},{"not_picked":["Gash","Cold Snap"],"picked":"Sunder","floor":23},{"not_picked":["Amplify","Loop"],"picked":"Double Energy","floor":27},{"not_picked":["Rebound","Gash"],"picked":"Darkness","floor":28},{"not_picked":["Leap","Redo","Rebound"],"picked":"SKIP","floor":29}],"player_experience":1543641,"relics_obtained":[{"floor":9,"key":"Gremlin Horn"},{"floor":11,"key":"Blood Vial"},{"floor":23,"key":"Bottled Tornado"},{"floor":26,"key":"Pear"},{"floor":27,"key":"Art of War"},{"floor":29,"key":"Whetstone"}],"event_choices":[{"damage_healed":0,"gold_gain":0,"player_choice":"Rummage","damage_taken":0,"relics_obtained":["WarpedTongs"],"max_hp_gain":0,"max_hp_loss":0,"event_name":"Accursed Blacksmith","floor":2,"gold_loss":0,"cards_obtained":["Pain"]},{"damage_healed":0,"gold_gain":0,"player_choice":"Paid Fearfully","damage_taken":0,"max_hp_gain":0,"max_hp_loss":0,"event_name":"Masked Bandits","floor":21,"gold_loss":94},{"damage_healed":0,"gold_gain":99,"player_choice":"Stole From Cult","damage_taken":0,"max_hp_gain":0,"max_hp_loss":0,"event_name":"Nest","floor":22,"gold_loss":0},{"damage_healed":0,"gold_gain":0,"player_choice":"Read","damage_taken":0,"max_hp_gain":0,"max_hp_loss":0,"event_name":"The Library","floor":25,"gold_loss":0,"cards_obtained":["Turbo"]},{"damage_healed":0,"gold_gain":0,"cards_transformed":["Ball Lightning","Ball Lightning"],"player_choice":"Became Test Subject","damage_taken":0,"max_hp_gain":0,"max_hp_loss":0,"event_name":"Drug Dealer","floor":30,"gold_loss":0,"cards_obtained":["Fission","Doom and Gloom"]}],"is_beta":false,"boss_relics":[{"not_picked":["Empty Cage","Coffee Dripper"],"picked":"Pandora\u0027s Box"}],"items_purged_floors":[4],"is_endless":false,"potions_floor_spawned":[1,13,16,18,20],"killed_by":"Shelled Parasite and Fungi","ascension_level":10}