{"gold_per_floor":[114,114,131,150,18,18,48,66,147,163,174,174,174,25,25,126,126,142,159,2,16,16,50,50,60,113,123,123,134,36,53,53,155,155,172,97,117,117,217,217,517,529,604,621,621,637,649,663,663,663],"floor_reached":50,"playtime":5220,"items_purged":["Strike_G"],"score":595,"play_id":"0b489f9a-e0c6-4afb-af7c-386ccb5c9c3e","local_time":"20190511030428","is_ascension_mode":false,"campfire_choices":[{"data":"Deadly Poison","floor":6,"key":"SMITH"},{"floor":13,"key":"REST"},{"data":"Deadly Poison","floor":15,"key":"SMITH"},{"floor":24,"key":"REST"},{"floor":28,"key":"REST"},{"floor":32,"key":"REST"},{"floor":40,"key":"REST"},{"floor":45,"key":"REST"},{"floor":49,"key":"REST"}],"neow_cost":"NONE","seed_source_timestamp":454308312506200,"circlet_count":0,"master_deck":["Defend_G","Defend_G","Defend_G","Defend_G","Defend_G","Strike_G","Strike_G","Strike_G","Strike_G","Survivor","Neutralize","Poisoned Stab","Poisoned Stab","PiercingWail","Deadly Poison+1","Deadly Poison","Good Instincts","Poisoned Stab","Deadly Poison+1","Sucker Punch","Crippling Poison","Glass Knife","Leg Sweep+1","Catalyst+1","Caltrops","Slice","Poisoned Stab","Endless Agony+1","Deflect","Slice","Panacea","Deflect","After Image","Poisoned Stab+1","Deflect","Catalyst+1","Deadly Poison+1"],"relics":["Ring of the Snake","FossilizedHelix","Letter Opener","Bronze Scales","White Beast Statue","PreservedInsect","Pen Nib","Eternal Feather","Tough Bandages","Mummified Hand"],"potions_floor_usage":[7,16,21,23,27,29,33,33,33,39,46,50],"damage_taken":[{"damage":2,"enemies":"2 Louse","floor":1,"turns":5},{"damage":0,"enemies":"Small Slimes","floor":3,"turns":3},{"damage":1,"enemies":"Jaw Worm","floor":4,"turns":4},{"damage":26,"enemies":"3 Sentries","floor":7,"turns":9},{"damage":7,"enemies":"Gremlin Gang","floor":8,"turns":5},{"damage":0,"enemies":"Blue Slaver","floor":10,"turns":3},{"damage":0,"enemies":"Looter","floor":11,"turns":2},{"damage":28,"enemies":"The Guardian","floor":16,"turns":7},{"damage":0,"enemies":"3 Byrds","floor":18,"turns":4},{"damage":4,"enemies":"Spheric Guardian","floor":19,"turns":4},{"damage":8,"enemies":"Snake Plant","floor":21,"turns":4},{"damage":47,"enemies":"Gremlin Leader","floor":23,"turns":5},{"damage":0,"enemies":"Chosen and Byrds","floor":25,"turns":4},{"damage":11,"enemies":"Snecko","floor":27,"turns":4},{"damage":30,"enemies":"3 Cultists","floor":29,"turns":6},{"damage":13,"enemies":"Centurion and Healer","floor":31,"turns":5},{"damage":18,"enemies":"Champ","floor":33,"turns":10},{"damage":3,"enemies":"Orb Walker","floor":35,"turns":4},{"damage":49,"enemies":"3 Darklings","floor":37,"turns":7},{"damage":7,"enemies":"Mind Bloom Boss Battle","floor":39,"turns":7},{"damage":7,"enemies":"Sphere and 2 Shapes","floor":42,"turns":5},{"damage":25,"enemies":"Spire Growth","floor":44,"turns":5},{"damage":30,"enemies":"Jaw Worm Horde","floor":46,"turns":4},{"damage":0,"enemies":"Sphere and 2 Shapes","floor":47,"turns":6},{"damage":0,"enemies":"Maw","floor":48,"turns":4},{"damage":122,"enemies":"Donu and Deca","floor":50,"turns":8}],"seed_played":"-4851773167645228683","potions_obtained":[{"floor":3,"key":"Swift Potion"},{"floor":7,"key":"Fire Potion"},{"floor":8,"key":"Energy Potion"},{"floor":11,"key":"AttackPotion"},{"floor":18,"key":"EssenceOfSteel"},{"floor":21,"key":"FairyPotion"},{"floor":23,"key":"LiquidBronze"},{"floor":25,"key":"EssenceOfSteel"},{"floor":31,"key":"EntropicBrew"},{"floor":33,"key":"Explosive Potion"},{"floor":35,"key":"Strength Potion"},{"floor":39,"key":"FairyPotion"},{"floor":46,"key":"Ancient Potion"}],"is_trial":false,"path_per_floor":["M","?","M","M","$","R","E","M","T","M","M","?","R","$","R","B",null,"M","M","$","M","?","E","R","M","T","M","R","M","$","M","R","B",null,"M","$","M","?","?","R","?","M","T","M","R","M","M","M","R","B"],"character_chosen":"THE_SILENT","items_purchased":["Deadly Poison","Good Instincts","Bronze Scales","Caltrops","Slice","Ancient Potion","Panacea"],"campfire_rested":7,"item_purchase_floors":[5,5,14,20,20,20,30],"current_hp_per_floor":[68,73,73,72,72,72,46,39,39,39,39,39,61,61,61,33,75,75,71,71,63,63,16,38,38,38,27,49,19,19,6,28,10,75,72,72,23,23,16,59,59,52,52,27,70,40,40,40,75,0],"gold":663,"neow_bonus":"THREE_CARDS","is_prod":false,"is_daily":false,"chose_seed":false,"campfire_upgraded":2,"win_rate":0.0,"timestamp":1557558268,"path_taken":["M","?","M","M","$","R","E","M","T","M","M","?","R","$","R","BOSS","M","M","$","M","?","E","R","M","T","M","R","?","$","M","R","BOSS","M","$","?","?","?","R","?","?","T","M","R","M","M","M","R","BOSS"],"build_version":"2019-01-23","purchased_purges":1,"victory":false,"max_hp_per_floor":[70,75,75,75,75,75,75,75,75,75,75,75,75,75,75,75,75,75,75,75,75,75,75,75,75,75,75,75,75,75,75,75,75,75,75,75,75,75,75,75,75,75,75,75,75,75,75,75,75,75],"card_choices":[{"not_picked":["Backflip","Underhanded Strike"],"picked":"Poisoned Stab","floor":0},{"not_picked":["Dagger Spray","Quick Slash"],"picked":"Poisoned Stab","floor":1},{"not_picked":["Expertise","Underhanded Strike"],"picked":"PiercingWail","floor":3},{"not_picked":["Eviscerate","Accuracy"],"picked":"Deadly Poison","floor":4},{"not_picked":["Footwork","Dagger Spray"],"picked":"Poisoned Stab","floor":7},{"not_picked":["Dagger Spray","Sucker Punch"],"picked":"Deadly Poison","floor":8},{"not_picked":["Flying Knee","Dagger Throw"],"picked":"Sucker Punch","floor":10},{"not_picked":["All Out Attack","Backflip"],"picked":"Crippling Poison","floor":11},{"not_picked":["Adrenaline","Doppelganger"],"picked":"Glass Knife","floor":16},{"not_picked":["Crippling Poison","Dagger Spray"],"picked":"Leg Sweep+1","floor":18},{"not_picked":["Flying Knee","Outmaneuver"],"picked":"Catalyst","floor":19},{"not_picked":["Skewer+1","Quick Slash"],"picked":"Poisoned Stab","floor":21},{"not_picked":["Blade Dance","Venomology"],"picked":"Endless Agony+1","floor":23},{"not_picked":["Acrobatics","Outmaneuver","PiercingWail"],"picked":"SKIP","floor":25},{"not_picked":["Sucker Punch","PiercingWail"],"picked":"Deflect","floor":27},{"not_picked":["Escape Plan","Dagger Throw"],"picked":"Slice","floor":29},{"not_picked":["Distraction","Predator"],"picked":"Deflect","floor":31},{"not_picked":["Storm of Steel","Glass Knife"],"picked":"After Image","floor":33},{"not_picked":["Blade Dance","Backstab+1"],"picked":"Poisoned Stab+1","floor":35},{"not_picked":["Quick Slash+1","Underhanded Strike","Poisoned Stab"],"picked":"SKIP","floor":37},{"not_picked":["Footwork","Prepared"],"picked":"Deflect","floor":39},{"not_picked":["Endless Agony","Sucker Punch","Reflex+1"],"picked":"SKIP","floor":42},{"not_picked":["Quick Slash","Predator+1"],"picked":"Catalyst+1","floor":44},{"not_picked":["Dagger Spray","Endless Agony","Crippling Poison"],"picked":"SKIP","floor":46},{"not_picked":["Accuracy+1","Glass Knife"],"picked":"Deadly Poison+1","floor":47},{"not_picked":["Prepared+1","Underhanded Strike","Flying Knee"],"picked":"SKIP","floor":48}],"player_experience":68851,"relics_obtained":[{"floor":7,"key":"FossilizedHelix"},{"floor":9,"key":"Letter Opener"},{"floor":23,"key":"PreservedInsect"},{"floor":26,"key":"Pen Nib"},{"floor":39,"key":"Tough Bandages"},{"floor":43,"key":"Mummified Hand"}],"event_choices":[{"damage_healed":0,"gold_gain":0,"player_choice":"Donut","damage_taken":0,"max_hp_gain":5,"max_hp_loss":0,"event_name":"Big Fish","floor":2,"gold_loss":0},{"damage_healed":0,"gold_gain":0,"player_choice":"Ignored","damage_taken":0,"max_hp_gain":0,"max_hp_loss":0,"event_name":"Golden Idol","floor":12,"gold_loss":0},{"damage_healed":0,"gold_gain":0,"player_choice":"Forge","damage_taken":0,"max_hp_gain":0,"max_hp_loss":0,"event_name":"Accursed Blacksmith","floor":22,"gold_loss":0,"cards_upgraded":["Catalyst"]},{"damage_healed":0,"gold_gain":0,"player_choice":"Ignored","damage_taken":0,"max_hp_gain":0,"max_hp_loss":0,"event_name":"The Moai Head","floor":38,"gold_loss":0},{"damage_healed":0,"gold_gain":0,"player_choice":"Fight","damage_taken":0,"max_hp_gain":0,"max_hp_loss":0,"event_name":"MindBloom","floor":39,"gold_loss":0},{"damage_healed":0,"gold_gain":300,"player_choice":"Gold","damage_taken":0,"max_hp_gain":0,"max_hp_loss":0,"event_name":"Wheel of Change","floor":41,"gold_loss":0}],"is_beta":false,"boss_relics":[{"not_picked":["Philosopher\u0027s Stone","Astrolabe"],"picked":"White Beast Statue"},{"not_picked":["Cursed Key","Orrery"],"picked":"Eternal Feather"}],"items_purged_floors":[36],"is_endless":false,"potions_floor_spawned":[3,7,8,11,18,19,21,23,25,27,29,31,33,35,37,39,42,44,46,47,48],"killed_by":"Donu and Deca","ascension_level":0}