{"gold_per_floor":[118,135,150,169,169,169,182,182,182,132,132,162,181,197,197,327,327,345,330,255,268,268],"floor_reached":22,"playtime":1214,"items_purged":["Injury"],"score":198,"play_id":"6716ef7f-eb20-4372-a2d1-dbed913ce9f4","local_time":"20190513223405","is_ascension_mode":true,"campfire_choices":[{"data":"Cloak And Dagger","floor":6.0,"key":"SMITH"},{"data":"Blade Dance","floor":8.0,"key":"SMITH"},{"data":"Blade Dance","floor":15.0,"key":"SMITH"}],"neow_cost":"NONE","seed_source_timestamp":467005570382604,"circlet_count":0,"master_deck":["Defend_G","Defend_G","Defend_G","Defend_G","Defend_G","Strike_G","Strike_G","Strike_G","Strike_G","Survivor","Neutralize+1","Cloak And Dagger+1","Quick Slash","Quick Slash","Footwork+1","Blade Dance+1","Infinite Blades","Blade Dance+1","Storm of Steel","Well Laid Plans","Infinite Blades","Prepared"],"special_seed":0,"relics":["Ring of the Snake","Dodecahedron","Golden Idol","Black Star"],"potions_floor_usage":[16,16,18,22],"damage_taken":[{"damage":0.0,"enemies":"2 Louse","floor":1.0,"turns":3.0},{"damage":0.0,"enemies":"Small Slimes","floor":2.0,"turns":5.0},{"damage":0.0,"enemies":"Cultist","floor":3.0,"turns":4.0},{"damage":1.0,"enemies":"Blue Slaver","floor":4.0,"turns":3.0},{"damage":11.0,"enemies":"Exordium Wildlife","floor":7.0,"turns":8.0},{"damage":0.0,"enemies":"Gremlin Gang","floor":13.0,"turns":2.0},{"damage":0.0,"enemies":"Looter","floor":14.0,"turns":3.0},{"damage":28,"enemies":"Hexaghost","floor":16,"turns":12},{"damage":24,"enemies":"Shell Parasite","floor":18,"turns":4},{"damage":25,"enemies":"2 Thieves","floor":19,"turns":4},{"damage":5,"enemies":"Centurion and Healer","floor":21,"turns":8},{"damage":18,"enemies":"Snake Plant","floor":22,"turns":4}],"seed_played":"-5432095673990897272","potions_obtained":[{"floor":3.0,"key":"SteroidPotion"},{"floor":7.0,"key":"Explosive Potion"},{"floor":13.0,"key":"Dexterity Potion"},{"floor":16,"key":"FearPotion"},{"floor":19,"key":"Dexterity Potion"}],"is_trial":false,"path_per_floor":["M","M","M","M","?","R","M","R","T","?","?","?","M","M","R","B",null,"M","M","$","M","M"],"character_chosen":"THE_SILENT","items_purchased":[],"campfire_rested":0,"item_purchase_floors":[],"current_hp_per_floor":[70,70,70,69,69,69,58,58,58,58,58,58,58,58,58,30,70,46,21,21,16,0],"gold":268,"neow_bonus":"UPGRADE_CARD","is_prod":false,"is_daily":false,"chose_seed":false,"campfire_upgraded":3,"win_rate":0,"timestamp":1557754445,"path_taken":["M","M","M","M","?","R","M","R","T","?","?","?","M","M","R","BOSS","M","M","$","M","M"],"build_version":"2019-01-23","purchased_purges":1,"victory":false,"max_hp_per_floor":[70,70,70,70,70,70,70,70,70,70,70,70,70,70,70,70,70,70,70,70,70,70],"card_choices":[{"not_picked":["Outmaneuver","Endless Agony"],"picked":"Cloak And Dagger","floor":1.0},{"not_picked":["Outmaneuver","Dodge and Roll"],"picked":"Quick Slash","floor":2.0},{"not_picked":["Dagger Throw","Distraction"],"picked":"Quick Slash","floor":3.0},{"not_picked":["Predator","Crippling Poison"],"picked":"Footwork","floor":4.0},{"not_picked":["Dagger Throw","PiercingWail"],"picked":"Blade Dance","floor":7.0},{"not_picked":["Deadly Poison","Catalyst"],"picked":"Infinite Blades","floor":13.0},{"not_picked":["Calculated Gamble","Phantasmal Killer"],"picked":"Blade Dance","floor":14.0},{"not_picked":["Malaise","Glass Knife"],"picked":"Storm of Steel","floor":16},{"not_picked":["All Out Attack","PiercingWail"],"picked":"Well Laid Plans","floor":18},{"not_picked":["PiercingWail","Slice"],"picked":"Infinite Blades","floor":19},{"not_picked":["Flechettes","Noxious Fumes"],"picked":"Prepared","floor":21}],"player_experience":184684,"relics_obtained":[{"floor":9.0,"key":"Dodecahedron"}],"event_choices":[{"damage_healed":0.0,"max_hp_gain":0.0,"max_hp_loss":0.0,"gold_gain":0.0,"event_name":"Living Wall","player_choice":"Grow","floor":5.0,"gold_loss":0.0,"damage_taken":0.0,"cards_upgraded":["Footwork"]},{"cards_removed":["Strike_G"],"damage_healed":0.0,"max_hp_gain":0.0,"max_hp_loss":0.0,"gold_gain":0.0,"event_name":"The Cleric","player_choice":"Card Removal","floor":10.0,"gold_loss":50.0,"damage_taken":0.0},{"damage_healed":0.0,"max_hp_gain":0.0,"max_hp_loss":0.0,"gold_gain":0.0,"event_name":"Golden Idol","player_choice":"Take Wound","floor":11.0,"gold_loss":0.0,"damage_taken":0.0,"relics_obtained":["Golden Idol"],"cards_obtained":["Injury"]},{"damage_healed":0.0,"max_hp_gain":0.0,"max_hp_loss":0.0,"gold_gain":30.0,"event_name":"Dead Adventurer","player_choice":"Searched \u00272\u0027 times","floor":12.0,"gold_loss":0.0,"damage_taken":0.0}],"is_beta":false,"boss_relics":[{"not_picked":["Sozu","Coffee Dripper"],"picked":"Black Star"}],"items_purged_floors":[20],"is_endless":false,"potions_floor_spawned":[3,7,13,16,19],"killed_by":"Snake Plant","ascension_level":2}