{"gold_per_floor":[114,114,64,80,42,42,67,90,90,106,106,129,198,198,198,198],"floor_reached":16,"playtime":548,"items_purged":[],"score":132,"play_id":"ec9781b1-4e88-4b32-9658-41265d5d9521","local_time":"20190510122658","is_ascension_mode":true,"campfire_choices":[{"data":"Loop","floor":6.0,"key":"SMITH"},{"floor":11.0,"key":"REST"},{"floor":15.0,"key":"REST"}],"neow_cost":"NONE","seed_source_timestamp":0,"circlet_count":0,"master_deck":["Strike_B","Strike_B","Strike_B","Defend_B","Defend_B","Defend_B","Defend_B","Zap","Dualcast","Rebound","Streamline","Loop+1","Redo","Double Energy","Sweeping Beam","Genetic Algorithm","Undo"],"special_seed":0,"relics":["Cracked Core","Golden Idol","Regal Pillow","Blue Candle"],"potions_floor_usage":[16,16],"damage_taken":[{"damage":2.0,"enemies":"2 Louse","floor":1.0,"turns":2.0},{"damage":3.0,"enemies":"Small Slimes","floor":4.0,"turns":3.0},{"damage":7.0,"enemies":"Jaw Worm","floor":7.0,"turns":2.0},{"damage":6.0,"enemies":"Exordium Thugs","floor":8.0,"turns":5.0},{"damage":21.0,"enemies":"Looter","floor":10.0,"turns":4.0},{"damage":20.0,"enemies":"Large Slime","floor":12.0,"turns":4.0},{"damage":33.0,"enemies":"Gremlin Nob","floor":13.0,"turns":4.0},{"damage":0.0,"enemies":"Blue Slaver","floor":14.0,"turns":1.0},{"damage":45,"enemies":"Hexaghost","floor":16,"turns":9}],"seed_played":"6968038109663015029","potions_obtained":[{"floor":7.0,"key":"Fire Potion"},{"floor":8.0,"key":"FocusPotion"},{"floor":13.0,"key":"SmokeBomb"}],"is_trial":false,"path_per_floor":["M","?","?","M","$","R","M","M","T","M","R","M","?","M","R","B"],"character_chosen":"DEFECT","items_purchased":["Loop"],"campfire_rested":2,"item_purchase_floors":[5],"current_hp_per_floor":[73,53,53,50,50,50,43,37,37,16,55,35,2,2,41,0],"gold":198,"neow_bonus":"TEN_PERCENT_HP_BONUS","is_prod":false,"is_daily":false,"chose_seed":false,"campfire_upgraded":1,"win_rate":0,"timestamp":1557516418,"path_taken":["M","?","?","M","?","R","?","M","T","M","R","M","?","M","R","BOSS"],"build_version":"2019-01-23","purchased_purges":0,"victory":false,"max_hp_per_floor":[82,82,82,82,82,82,82,82,82,82,82,82,82,82,82,82],"card_choices":[{"not_picked":["Gash","Recycle"],"picked":"Rebound","floor":1.0},{"not_picked":["Steam","Leap"],"picked":"Streamline","floor":4.0},{"not_picked":["Gash","Double Energy"],"picked":"Redo","floor":7.0},{"not_picked":["Melter","Heatsinks"],"picked":"Double Energy","floor":8.0},{"not_picked":["Turbo","Streamline"],"picked":"Sweeping Beam","floor":10.0},{"not_picked":["Rebound","Storm"],"picked":"Genetic Algorithm","floor":12.0},{"not_picked":["Rebound","Stack"],"picked":"Undo","floor":13.0}],"player_experience":448459,"relics_obtained":[{"floor":9.0,"key":"Regal Pillow"},{"floor":13.0,"key":"Blue Candle"}],"event_choices":[{"damage_healed":0.0,"max_hp_gain":0.0,"max_hp_loss":0.0,"gold_gain":0.0,"event_name":"Golden Idol","player_choice":"Take Damage","floor":2.0,"gold_loss":0.0,"damage_taken":20.0,"relics_obtained":["Golden Idol"]},{"cards_removed":["Strike_B"],"damage_healed":0.0,"max_hp_gain":0.0,"max_hp_loss":0.0,"gold_gain":0.0,"event_name":"The Cleric","player_choice":"Card Removal","floor":3.0,"gold_loss":50.0,"damage_taken":0.0},{"damage_healed":0.0,"max_hp_gain":0.0,"max_hp_loss":0.0,"gold_gain":0.0,"event_name":"Dead Adventurer","player_choice":"Searched \u00272\u0027 times","floor":13.0,"gold_loss":0.0,"damage_taken":0.0}],"is_beta":false,"boss_relics":[],"items_purged_floors":[],"is_endless":false,"potions_floor_spawned":[7,8,13],"killed_by":"Hexaghost","ascension_level":8}