{"gold_per_floor":[118,135,210,1,12,12,44,44,44,44,73,73,85,112,112,207,207,219,219,24,39,56,56,86,86,162,162,191,191,84,84,84,184,184,199,215,215,315,332,358,358,383,383,383,201,201,212,434,434,434],"floor_reached":51,"playtime":3038,"items_purged":["Strike_G","Strike_G"],"score":1071,"play_id":"305759ac-8a5b-4c7b-8052-b88ae9ae8406","local_time":"20190512121927","is_ascension_mode":true,"campfire_choices":[{"data":"Neutralize","floor":6.0,"key":"SMITH"},{"data":"Footwork","floor":8.0,"key":"SMITH"},{"data":"Noxious Fumes","floor":10.0,"key":"SMITH"},{"data":"Footwork","floor":12.0,"key":"SMITH"},{"data":"Sucker Punch","floor":15.0,"key":"SMITH"},{"data":"Unload","floor":23.0,"key":"SMITH"},{"data":"Backflip","floor":25.0,"key":"SMITH"},{"data":"Bandage Up","floor":27.0,"key":"SMITH"},{"data":"Noxious Fumes","floor":32.0,"key":"SMITH"},{"data":"Cloak And Dagger","floor":41,"key":"SMITH"},{"data":"Backflip","floor":44,"key":"SMITH"},{"data":"Leg Sweep","floor":46,"key":"SMITH"},{"data":"Escape Plan","floor":49,"key":"SMITH"}],"neow_cost":"NONE","seed_source_timestamp":0,"circlet_count":0,"master_deck":["Defend_G","Defend_G","Defend_G","Defend_G","Defend_G","Survivor","Neutralize+1","Footwork+1","Sucker Punch+1","Footwork+1","Bandage Up+1","Leg Sweep+1","Noxious Fumes+1","Escape Plan+1","Flying Knee","Unload+1","Heel Hook+1","Catalyst+1","Predator+1","Dodge and Roll+1","Cloak And Dagger+1","After Image","Backflip+1","Backflip+1","Noxious Fumes+1","Endless Agony","Adrenaline+1","Deadly Poison+1","Madness+1","Thinking Ahead+1","Dodge and Roll+1","Deadly Poison+1","Blade Dance+1","Enlightenment+1","Calculated Gamble+1"],"special_seed":0,"relics":["Ring of the Snake","Vajra","Ornamental Fan","Boot","Centennial Puzzle","Astrolabe","MutagenicStrength","OrangePellets","Bag of Marbles","Ninja Scroll","Red Mask","Toxic Egg 2","Sozu","Unceasing Top","Pantograph","Mercury Hourglass","Kunai"],"potions_floor_usage":[],"damage_taken":[{"damage":2.0,"enemies":"Small Slimes","floor":1.0,"turns":4.0},{"damage":0.0,"enemies":"Jaw Worm","floor":2.0,"turns":5.0},{"damage":0.0,"enemies":"2 Louse","floor":5.0,"turns":4.0},{"damage":1.0,"enemies":"Lagavulin","floor":7.0,"turns":13.0},{"damage":21.0,"enemies":"Gremlin Nob","floor":11.0,"turns":6.0},{"damage":0.0,"enemies":"Large Slime","floor":13.0,"turns":8.0},{"damage":1.0,"enemies":"Lagavulin","floor":14.0,"turns":9.0},{"damage":4.0,"enemies":"Slime Boss","floor":16.0,"turns":13.0},{"damage":22.0,"enemies":"Spheric Guardian","floor":18.0,"turns":4.0},{"damage":4.0,"enemies":"Chosen","floor":21.0,"turns":4.0},{"damage":4.0,"enemies":"3 Cultists","floor":22.0,"turns":8.0},{"damage":3.0,"enemies":"Book of Stabbing","floor":24.0,"turns":8.0},{"damage":0.0,"enemies":"Masked Bandits","floor":28.0,"turns":4.0},{"damage":27.0,"enemies":"Collector","floor":33.0,"turns":7.0},{"damage":0,"enemies":"3 Shapes","floor":35,"turns":4},{"damage":0,"enemies":"Orb Walker","floor":36,"turns":1},{"damage":0,"enemies":"Mind Bloom Boss Battle","floor":38,"turns":5},{"damage":0,"enemies":"4 Shapes","floor":39,"turns":5},{"damage":10,"enemies":"Giant Head","floor":40,"turns":8},{"damage":5,"enemies":"Reptomancer","floor":42,"turns":6},{"damage":0,"enemies":"Writhing Mass","floor":47,"turns":6},{"damage":14,"enemies":"Awakened One","floor":50,"turns":14}],"seed_played":"6853421215435326940","potions_obtained":[{"floor":7.0,"key":"FearPotion"},{"floor":11.0,"key":"PowerPotion"},{"floor":16.0,"key":"EssenceOfSteel"}],"is_trial":false,"path_per_floor":["M","M","?","$","M","R","E","R","T","R","E","R","M","E","R","B",null,"M","?","$","M","M","R","E","R","T","R","?","?","$","?","R","B",null,"M","M","?","?","M","E","R","E","T","R","$","R","M","?","R","B",null],"character_chosen":"THE_SILENT","items_purchased":["Footwork","Bandage Up","OrangePellets","Noxious Fumes","Endless Agony","Enlightenment+1"],"campfire_rested":0,"item_purchase_floors":[4,4,20,30,30,45],"current_hp_per_floor":[61,61,50,50,54,54,57,57,57,57,40,40,44,47,47,47,64,46,46,46,46,46,46,47,47,47,47,53,53,53,53,53,32,61,67,67,57,63,69,65,65,66,66,66,66,66,70,70,70,62],"gold":434,"neow_bonus":"RANDOM_COMMON_RELIC","is_prod":false,"is_daily":false,"chose_seed":false,"campfire_upgraded":13,"win_rate":0,"timestamp":1557688767,"path_taken":["M","M","?","$","M","R","E","R","T","R","E","R","M","E","R","BOSS","M","?","$","M","M","R","E","R","T","R","?","?","$","?","R","BOSS","M","M","?","?","M","E","R","E","T","R","$","R","M","?","R","BOSS"],"build_version":"2019-01-23","purchased_purges":2,"victory":true,"max_hp_per_floor":[70,70,70,70,70,70,70,70,70,70,70,70,70,70,70,70,70,70,70,70,70,70,70,70,70,70,70,70,70,70,70,70,70,70,70,70,70,70,70,70,70,70,70,70,70,70,70,70,70,70],"card_choices":[{"not_picked":["Underhanded Strike","Backflip"],"picked":"Footwork","floor":1.0},{"not_picked":["Bane","Terror"],"picked":"Sucker Punch","floor":2.0},{"not_picked":["Flying Knee","Predator"],"picked":"Leg Sweep","floor":5.0},{"not_picked":["Flying Knee","Deadly Poison"],"picked":"Noxious Fumes","floor":7.0},{"not_picked":["Slice","Bane","Acrobatics"],"picked":"SKIP","floor":11.0},{"not_picked":["Deadly Poison","Quick Slash"],"picked":"Escape Plan","floor":13.0},{"not_picked":["Doppelganger","Tactician"],"picked":"Flying Knee","floor":14.0},{"not_picked":["Storm of Steel","Bullet Time"],"picked":"Unload","floor":16.0},{"not_picked":["Deadly Poison","Endless Agony"],"picked":"Dodge and Roll+1","floor":18.0},{"not_picked":["Dodge and Roll","All Out Attack"],"picked":"Cloak And Dagger","floor":21.0},{"not_picked":["Deadly Poison","Dagger Spray"],"picked":"After Image","floor":22.0},{"not_picked":["Blade Dance","Flechettes"],"picked":"Backflip","floor":24.0},{"not_picked":["Cloak And Dagger","Poisoned Stab"],"picked":"Backflip","floor":28.0},{"not_picked":["Tools of the Trade","Grand Finale"],"picked":"Adrenaline+1","floor":33.0},{"not_picked":["Backstab","Flying Knee+1"],"picked":"Deadly Poison+1","floor":35},{"not_picked":["Prepared+1","Acrobatics+1","Underhanded Strike"],"picked":"SKIP","floor":36},{"not_picked":["Discovery+1","Trip+1"],"picked":"Madness+1","floor":37},{"not_picked":["The Bomb+1","Jack Of All Trades+1"],"picked":"Thinking Ahead+1","floor":37},{"not_picked":["Deadly Poison+1","Dagger Spray+1"],"picked":"Dodge and Roll+1","floor":38},{"not_picked":["Sucker Punch","Outmaneuver+1","Deflect+1"],"picked":"SKIP","floor":39},{"not_picked":["Quick Slash","Reflex+1"],"picked":"Deadly Poison+1","floor":40},{"not_picked":["Deflect+1","Slice+1"],"picked":"Blade Dance+1","floor":42},{"not_picked":["Leg Sweep+1","Dodge and Roll+1"],"picked":"Calculated Gamble+1","floor":47}],"player_experience":460937,"relics_obtained":[{"floor":9.0,"key":"Ornamental Fan"},{"floor":11.0,"key":"Boot"},{"floor":14.0,"key":"Centennial Puzzle"},{"floor":24.0,"key":"Bag of Marbles"},{"floor":26.0,"key":"Ninja Scroll"},{"floor":28.0,"key":"Red Mask"},{"floor":38,"key":"Unceasing Top"},{"floor":40,"key":"Pantograph"},{"floor":42,"key":"Mercury Hourglass"},{"floor":43,"key":"Kunai"}],"event_choices":[{"damage_healed":0.0,"max_hp_gain":0.0,"max_hp_loss":0.0,"gold_gain":75.0,"event_name":"World of Goop","player_choice":"Gather Gold","floor":3.0,"gold_loss":0.0,"damage_taken":11.0},{"damage_healed":0.0,"max_hp_gain":0.0,"max_hp_loss":0.0,"gold_gain":0.0,"event_name":"Drug Dealer","player_choice":"Inject Mutagens","floor":19.0,"gold_loss":0.0,"damage_taken":0.0,"relics_obtained":["MutagenicStrength"]},{"damage_healed":0.0,"max_hp_gain":0.0,"max_hp_loss":0.0,"gold_gain":0.0,"event_name":"Masked Bandits","player_choice":"Fought Bandits","floor":28.0,"gold_loss":0.0,"damage_taken":0.0},{"damage_healed":0.0,"max_hp_gain":0.0,"max_hp_loss":0.0,"gold_gain":0.0,"event_name":"Ghosts","player_choice":"Ignored","floor":29.0,"gold_loss":0.0,"damage_taken":0.0},{"damage_healed":0.0,"max_hp_gain":0.0,"max_hp_loss":0.0,"gold_gain":0.0,"event_name":"The Mausoleum","player_choice":"Opened","floor":31.0,"gold_loss":0.0,"damage_taken":0.0,"relics_obtained":["Toxic Egg 2"]},{"damage_healed":0,"gold_gain":0,"player_choice":"Memory 3","damage_taken":10,"max_hp_gain":0,"max_hp_loss":0,"event_name":"SensoryStone","floor":37,"gold_loss":0},{"damage_healed":0,"gold_gain":0,"player_choice":"Fight","damage_taken":0,"max_hp_gain":0,"max_hp_loss":0,"event_name":"MindBloom","floor":38,"gold_loss":0},{"damage_healed":0,"gold_gain":222,"player_choice":"Wore Mask","damage_taken":0,"max_hp_gain":0,"max_hp_loss":0,"event_name":"Tomb of Lord Red Mask","floor":48,"gold_loss":0}],"is_beta":false,"boss_relics":[{"not_picked":["WristBlade","Busted Crown"],"picked":"Astrolabe"},{"not_picked":["Black Star","Runic Pyramid"],"picked":"Sozu"}],"items_purged_floors":[4,45],"is_endless":false,"potions_floor_spawned":[7,11,16,18,24,36,38,40],"ascension_level":9}