{"gold_per_floor":[111,111,124,124,124,154,154,1,46,73,83,99,99,117,117,214,214,214,231,231,231,231,256,256,256],"floor_reached":25,"playtime":748,"items_purged":[],"score":366,"play_id":"a4c6e4f7-ad71-407e-8fce-80a42ea3908e","local_time":"20190504155356","is_ascension_mode":true,"campfire_choices":[{"floor":7,"key":"REST"},{"floor":15,"key":"REST"}],"neow_cost":"CURSE","seed_source_timestamp":68946113972399,"circlet_count":0,"master_deck":["AscendersBane","Strike_B+1","Strike_B","Strike_B","Defend_B","Defend_B","Defend_B","Defend_B","Zap","Dualcast","Panacea","Mayhem","Sunder+1","Storm","Go for the Eyes","Static Discharge","Multi-Cast","Turbo","Hyperbeam","Amplify","Conserve Battery+1","Biased Cognition"],"relics":["Cracked Core","Whetstone","Omamori","Thread and Needle","Cursed Key","Meat on the Bone","Blood Vial","Ancient Tea Set","Nloth\u0027s Gift"],"potions_floor_usage":[10,14,16,18],"damage_taken":[{"damage":7,"enemies":"Small Slimes","floor":1,"turns":4},{"damage":12,"enemies":"Jaw Worm","floor":3,"turns":3},{"damage":20,"enemies":"Lagavulin","floor":6,"turns":6},{"damage":18,"enemies":"Gremlin Nob","floor":10,"turns":4},{"damage":0,"enemies":"Cultist","floor":11,"turns":3},{"damage":10,"enemies":"Red Slaver","floor":12,"turns":3},{"damage":12,"enemies":"Lots of Slimes","floor":14,"turns":2},{"damage":25,"enemies":"The Guardian","floor":16,"turns":7},{"damage":0,"enemies":"2 Thieves","floor":18,"turns":1},{"damage":27,"enemies":"Shell Parasite","floor":19,"turns":5},{"damage":40,"enemies":"Slavers","floor":23,"turns":6},{"damage":36,"enemies":"Book of Stabbing","floor":25,"turns":3}],"seed_played":"-7187001951002744491","potions_obtained":[{"floor":1,"key":"SmokeBomb"},{"floor":6,"key":"Block Potion"},{"floor":11,"key":"EssenceOfSteel"},{"floor":14,"key":"FocusPotion"}],"is_trial":false,"path_per_floor":["M","?","M","?","$","E","R","$","T","E","M","M","$","M","R","B",null,"M","M","?","?","?","E","?","E"],"character_chosen":"DEFECT","items_purchased":["Omamori"],"campfire_rested":2,"item_purchase_floors":[8],"current_hp_per_floor":[61,61,49,49,49,29,51,51,51,33,33,23,23,11,33,8,58,58,31,31,31,56,30,30,0],"gold":256,"neow_bonus":"RANDOM_COLORLESS_2","is_prod":false,"is_daily":false,"chose_seed":false,"campfire_upgraded":0,"win_rate":0,"timestamp":1556978036,"path_taken":["M","?","M","?","$","E","R","$","T","E","M","?","?","?","R","BOSS","M","?","?","?","?","E","?","E"],"build_version":"2019-01-23","purchased_purges":0,"victory":false,"max_hp_per_floor":[75,75,75,75,75,75,75,75,75,75,75,75,75,75,75,75,75,75,75,75,75,75,75,75,75],"card_choices":[{"not_picked":["Streamline","Cold Snap"],"picked":"Sunder","floor":1},{"not_picked":["Turbo","Cold Snap"],"picked":"Storm","floor":3},{"not_picked":["Gash","Sunder"],"picked":"Static Discharge","floor":6},{"not_picked":["Barrage","Rebound"],"picked":"Multi-Cast","floor":10},{"not_picked":["Stack","Conserve Battery"],"picked":"Turbo","floor":11},{"not_picked":["Rebound","Melter","Barrage"],"picked":"SKIP","floor":12},{"not_picked":["Static Discharge","Stack"],"picked":"Hyperbeam","floor":14},{"not_picked":["Electrodynamics","Seek"],"picked":"Amplify","floor":16},{"not_picked":["Steam","Leap"],"picked":"Conserve Battery+1","floor":19},{"not_picked":["Skim+1","Self Repair"],"picked":"Biased Cognition","floor":23}],"player_experience":1799976,"relics_obtained":[{"floor":6,"key":"Whetstone"},{"floor":9,"key":"Pen Nib"},{"floor":10,"key":"Thread and Needle"},{"floor":23,"key":"Ancient Tea Set"}],"event_choices":[{"cards_removed":["Writhe"],"damage_healed":0,"gold_gain":0,"player_choice":"Forget","damage_taken":0,"max_hp_gain":0,"max_hp_loss":0,"event_name":"Living Wall","floor":2,"gold_loss":0},{"damage_healed":0,"gold_gain":0,"cards_transformed":["Strike_B"],"player_choice":"Transformed","damage_taken":0,"max_hp_gain":0,"max_hp_loss":0,"event_name":"Transmorgrifier","floor":4,"gold_loss":0,"cards_obtained":["Go for the Eyes"]},{"damage_healed":0,"gold_gain":0,"player_choice":"Stole Relic","damage_taken":0,"relics_obtained":["Meat on the Bone"],"max_hp_gain":0,"max_hp_loss":0,"event_name":"Addict","floor":20,"gold_loss":0,"cards_obtained":["Shame"]},{"damage_healed":0,"gold_gain":0,"player_choice":"Opened","damage_taken":0,"relics_obtained":["Blood Vial"],"max_hp_gain":0,"max_hp_loss":0,"event_name":"The Mausoleum","floor":21,"gold_loss":0,"cards_obtained":["Writhe"]},{"damage_healed":25,"gold_gain":0,"player_choice":"Heal","damage_taken":0,"max_hp_gain":0,"max_hp_loss":0,"event_name":"The Library","floor":22,"gold_loss":0},{"damage_healed":0,"gold_gain":0,"player_choice":"Traded Relic","damage_taken":0,"relics_obtained":["Nloth\u0027s Gift"],"max_hp_gain":0,"max_hp_loss":0,"event_name":"N\u0027loth","floor":24,"relics_lost":["Pen Nib"],"gold_loss":0}],"is_beta":false,"boss_relics":[{"not_picked":["Orrery","Sozu"],"picked":"Cursed Key"}],"items_purged_floors":[],"is_endless":false,"potions_floor_spawned":[1,6,11,14,18],"killed_by":"Book of Stabbing","ascension_level":12}