{"gold_per_floor":[19,19,19,19,29,55,29,41,41,67,99,99,99,119,119,215,215,235,235,235,15,15,46,46,46,46,46,146,19,46,60,60,164,164,178,78,92,107,125,153,163,191,217,234,251,251,271,282,282,282,282,282,132,163,163],"floor_reached":55,"playtime":4820,"items_purged":["Zap","Dualcast","Parasite"],"score":828,"play_id":"882597ad-c0bf-4e76-a83d-5d0dbb68fc2c","local_time":"20181228124848","is_ascension_mode":true,"campfire_choices":[{"floor":12,"key":"REST"},{"floor":13,"key":"REST"},{"floor":15,"key":"RECALL"},{"data":"Hyperbeam","floor":24,"key":"SMITH"},{"data":"Seek","floor":32,"key":"SMITH"},{"floor":46,"key":"REST"},{"floor":49,"key":"REST"},{"data":"Sunder","floor":52,"key":"SMITH"}],"neow_cost":"NO_GOLD","seed_source_timestamp":79785027446096,"circlet_count":0,"master_deck":["Strike_B+1","Defend_B","Defend_B","Defend_B","Defend_B","Violence","Magnetism","Genetic Algorithm","Hyperbeam+1","Stack+1","Genetic Algorithm","Rip and Tear","Coolheaded+1","Steam","Steam","Conserve Battery","Coolheaded","Seek+1","Conserve Battery+1","Necronomicurse","Hyperbeam+1","Rebound","Turbo+1","Rebound","Conserve Battery","Conserve Battery","Conserve Battery+1","Undo+1","Parasite","Sunder+1","Reinforced Body","Coolheaded","Hologram+1"],"relics":["Cracked Core","Ice Cream","WingedGreaves","Lantern","Oddly Smooth Stone","Philosopher\u0027s Stone","War Paint","Necronomicon","DollysMirror","Bottled Flame","Whetstone","Incense Burner","Pear","Pantograph","Sozu","Dream Catcher","Shuriken","Boot"],"potions_floor_usage":[11,11,16,33,33],"damage_taken":[{"damage":1,"enemies":"Cultist","floor":1,"turns":3},{"damage":6,"enemies":"Jaw Worm","floor":5,"turns":4},{"damage":35,"enemies":"3 Sentries","floor":6,"turns":5},{"damage":3,"enemies":"2 Louse","floor":8,"turns":2},{"damage":19,"enemies":"Gremlin Nob","floor":10,"turns":4},{"damage":11,"enemies":"3 Sentries","floor":11,"turns":5},{"damage":0,"enemies":"2 Fungi Beasts","floor":14,"turns":1},{"damage":34,"enemies":"The Guardian","floor":16,"turns":10},{"damage":18,"enemies":"Shell Parasite","floor":18,"turns":10},{"damage":2,"enemies":"Book of Stabbing","floor":23,"turns":3},{"damage":0,"enemies":"Colosseum Slavers","floor":28,"turns":1},{"damage":0,"enemies":"Colosseum Nobs","floor":28,"turns":1},{"damage":1,"enemies":"Gremlin Leader","floor":30,"turns":3},{"damage":0,"enemies":"Spheric Guardian","floor":31,"turns":1},{"damage":33,"enemies":"Collector","floor":33,"turns":7},{"damage":0,"enemies":"3 Shapes","floor":35,"turns":1},{"damage":0,"enemies":"3 Darklings","floor":37,"turns":1},{"damage":8,"enemies":"Writhing Mass","floor":38,"turns":4},{"damage":0,"enemies":"Jaw Worm Horde","floor":39,"turns":1},{"damage":6,"enemies":"Giant Head","floor":40,"turns":6},{"damage":39,"enemies":"Transient","floor":41,"turns":5},{"damage":20,"enemies":"Reptomancer","floor":42,"turns":3},{"damage":0,"enemies":"Sphere and 2 Shapes","floor":44,"turns":1},{"damage":0,"enemies":"4 Shapes","floor":45,"turns":1},{"damage":0,"enemies":"Writhing Mass","floor":47,"turns":7},{"damage":8,"enemies":"Maw","floor":48,"turns":7},{"damage":25,"enemies":"Awakened One","floor":50,"turns":9},{"damage":22,"enemies":"Shield and Spear","floor":54,"turns":6},{"damage":86,"enemies":"The Heart","floor":55,"turns":6}],"seed_played":"-546951451020995097","potions_obtained":[{"floor":6,"key":"Dexterity Potion"},{"floor":10,"key":"Regen Potion"},{"floor":14,"key":"Energy Potion"},{"floor":16,"key":"Explosive Potion"},{"floor":18,"key":"LiquidBronze"}],"is_trial":false,"path_per_floor":["M","$","?","?","M","E","$","M","T","E","E","R","R","M","R","B",null,"M","T","?","$","?","E","R","?","T","$","?","$","E","M","R","B",null,"M","$","M","M","M","E","M","E","T","M","M","R","M","M","R","B",null,"R","$","E","B"],"character_chosen":"DEFECT","items_purchased":["Coolheaded","DollysMirror","Rebound","Rebound","Coolheaded"],"campfire_rested":4,"item_purchase_floors":[7,21,21,29,53],"current_hp_per_floor":[74,74,74,74,68,33,33,30,30,11,14,36,58,58,58,24,75,57,57,41,41,41,39,39,39,39,39,49,49,48,48,48,40,85,85,85,85,77,77,71,32,12,12,12,12,37,37,29,54,54,85,85,82,60,0],"gold":163,"neow_bonus":"RANDOM_COLORLESS_2","is_prod":false,"is_daily":false,"chose_seed":false,"campfire_upgraded":3,"win_rate":0,"timestamp":1546030128,"path_taken":["M","$","?","?","?","E","$","M","T","E","E","R","R","M","R","BOSS","M","?","?","$","?","E","R","?","T","?","?","$","E","?","R","BOSS","M","$","M","M","M","E","?","E","T","M","M","R","M","M","R","BOSS","R","$","E","BOSS"],"build_version":"2018-12-20","purchased_purges":3,"victory":false,"max_hp_per_floor":[75,75,75,75,75,75,75,75,75,75,75,75,75,75,75,75,75,75,75,75,75,75,75,75,75,75,75,85,85,85,85,85,85,85,85,85,85,85,85,85,85,85,85,85,85,85,85,85,85,85,85,85,82,82,82],"card_choices":[{"not_picked":["Leap","Stack"],"picked":"Genetic Algorithm","floor":1},{"not_picked":["Coolheaded","BootSequence"],"picked":"Genetic Algorithm","floor":5},{"not_picked":["Biased Cognition","Stack"],"picked":"Rip and Tear","floor":6},{"not_picked":["Auto Shields","Static Discharge"],"picked":"Steam","floor":8},{"not_picked":["Amplify","Self Repair"],"picked":"Steam","floor":10},{"not_picked":["Fusion","Streamline"],"picked":"Conserve Battery","floor":11},{"not_picked":["Gash","Rebound"],"picked":"Coolheaded","floor":14},{"not_picked":["All For One","Reboot"],"picked":"Seek","floor":16},{"not_picked":["Fusion","Steam"],"picked":"Conserve Battery+1","floor":18},{"not_picked":["Darkness","Defragment","Gash"],"picked":"SKIP","floor":23},{"not_picked":["Streamline+1","Consume"],"picked":"Turbo+1","floor":28},{"not_picked":["Loop+1","FTL"],"picked":"Conserve Battery","floor":30},{"not_picked":["Leap","Rip and Tear","Compile Driver+1"],"picked":"SKIP","floor":31},{"not_picked":["Ball Lightning","Auto Shields","Redo+1"],"picked":"SKIP","floor":35},{"not_picked":["Gash","Skim"],"picked":"Conserve Battery","floor":37},{"not_picked":["Hello World","Barrage+1"],"picked":"Conserve Battery+1","floor":38},{"not_picked":["Force Field+1","Beam Cell+1","Leap+1"],"picked":"SKIP","floor":39},{"not_picked":["Ball Lightning+1","Scrape","BootSequence+1"],"picked":"SKIP","floor":40},{"not_picked":["Loop+1","Cold Snap","Gash+1"],"picked":"SKIP","floor":41},{"not_picked":["Cold Snap","BootSequence+1"],"picked":"Undo+1","floor":42},{"not_picked":["Sweeping Beam+1","Steam+1","Hello World+1"],"picked":"SKIP","floor":44},{"not_picked":["Capacitor","FTL","Darkness"],"picked":"SKIP","floor":45},{"not_picked":["Go for the Eyes+1","Compile Driver+1"],"picked":"Sunder","floor":47},{"not_picked":["Compile Driver","Beam Cell"],"picked":"Reinforced Body","floor":48},{"not_picked":["Blizzard+1","Beam Cell"],"picked":"Hologram+1","floor":54}],"player_experience":153975,"relics_obtained":[{"floor":6,"key":"Ice Cream"},{"floor":9,"key":"WingedGreaves"},{"floor":10,"key":"Lantern"},{"floor":11,"key":"Oddly Smooth Stone"},{"floor":19,"key":"War Paint"},{"floor":20,"key":"Necronomicon"},{"floor":23,"key":"Bottled Flame"},{"floor":26,"key":"Whetstone"},{"floor":28,"key":"Incense Burner"},{"floor":28,"key":"Pear"},{"floor":30,"key":"Pantograph"},{"floor":40,"key":"Dream Catcher"},{"floor":42,"key":"Shuriken"},{"floor":54,"key":"Boot"}],"event_choices":[{"damage_healed":0,"gold_gain":0,"cards_transformed":["Strike_B"],"player_choice":"Change","damage_taken":0,"max_hp_gain":0,"max_hp_loss":0,"event_name":"Living Wall","floor":3,"gold_loss":0,"cards_obtained":["Hyperbeam"]},{"damage_healed":0,"gold_gain":0,"cards_transformed":["Strike_B"],"player_choice":"Transformed","damage_taken":0,"max_hp_gain":0,"max_hp_loss":0,"event_name":"Transmorgrifier","floor":4,"gold_loss":0,"cards_obtained":["Stack"]},{"damage_healed":0,"gold_gain":0,"player_choice":"Obtained Book","damage_taken":16,"max_hp_gain":0,"max_hp_loss":0,"event_name":"Cursed Tome","floor":20,"gold_loss":0},{"cards_removed":["Strike_B"],"damage_healed":0,"gold_gain":0,"player_choice":"Elegance","damage_taken":0,"max_hp_gain":0,"max_hp_loss":0,"event_name":"Back to Basics","floor":22,"gold_loss":0},{"damage_healed":0,"gold_gain":0,"player_choice":"Ignored","damage_taken":0,"max_hp_gain":0,"max_hp_loss":0,"event_name":"Vampires","floor":25,"gold_loss":0},{"damage_healed":0,"gold_gain":0,"player_choice":"Fight","damage_taken":0,"max_hp_gain":0,"max_hp_loss":0,"event_name":"Colosseum","floor":28,"gold_loss":0},{"damage_healed":0,"gold_gain":0,"player_choice":"Fought Nobs","damage_taken":0,"max_hp_gain":0,"max_hp_loss":0,"event_name":"Colosseum","floor":28,"gold_loss":0}],"is_beta":false,"boss_relics":[{"not_picked":["Eternal Feather","Busted Crown"],"picked":"Philosopher\u0027s Stone"},{"not_picked":["Coffee Dripper","White Beast Statue"],"picked":"Sozu"}],"items_purged_floors":[29,36,53],"is_endless":false,"potions_floor_spawned":[6,10,14,16,18,28,38,39,41,44,45,48],"killed_by":"The Heart","ascension_level":1}