{"gold_per_floor":[119,119,119,131,68,68,82,95,95,124,89,89,21,21,21,112,112,132,132,156,1,1,1,1,39,90,125,145,45,59,84,84,84],"floor_reached":33,"playtime":979,"items_purged":["Regret","Injury"],"score":520,"play_id":"50da58fc-915e-46c6-9df5-6195808bcf99","local_time":"20190419021119","is_ascension_mode":true,"campfire_choices":[{"data":"Double Tap","floor":6,"key":"SMITH"},{"data":"Spot Weakness","floor":12,"key":"SMITH"},{"data":"Combust","floor":15,"key":"SMITH"},{"data":"Whirlwind","floor":23,"key":"SMITH"},{"floor":32,"key":"REST"}],"neow_cost":"NONE","seed_source_timestamp":105333060260300,"circlet_count":0,"master_deck":["AscendersBane","Strike_R","Strike_R","Strike_R","Strike_R","Defend_R+1","Defend_R","Defend_R","Defend_R","Bash","Pommel Strike","Double Tap+1","Iron Wave","Spot Weakness+1","Combust+1","Whirlwind+1","Reaper","Power Through+1","Dual Wield","Pummel","Searing Blow+1","Writhe","Power Through","Flex+1"],"relics":["Burning Blood","NeowsBlessing","MawBank","Bag of Marbles","Meat on the Bone","Golden Idol","Cursed Key","MutagenicStrength","PreservedInsect","Blood Vial","Kunai","War Paint","Ornamental Fan"],"potions_floor_usage":[10,16,25,28,30,33],"damage_taken":[{"damage":0,"enemies":"Jaw Worm","floor":1,"turns":1},{"damage":0,"enemies":"Small Slimes","floor":7,"turns":1},{"damage":0,"enemies":"2 Louse","floor":8,"turns":1},{"damage":30,"enemies":"3 Sentries","floor":10,"turns":6},{"damage":57,"enemies":"Slime Boss","floor":16,"turns":10},{"damage":43,"enemies":"Shell Parasite","floor":18,"turns":5},{"damage":20,"enemies":"3 Byrds","floor":20,"turns":5},{"damage":2,"enemies":"Gremlin Leader","floor":25,"turns":3},{"damage":14,"enemies":"Book of Stabbing","floor":27,"turns":3},{"damage":0,"enemies":"Snake Plant","floor":28,"turns":2},{"damage":30,"enemies":"Snecko","floor":30,"turns":4},{"damage":20,"enemies":"Centurion and Healer","floor":31,"turns":5},{"damage":82,"enemies":"Automaton","floor":33,"turns":8}],"seed_played":"4291654351686546288","potions_obtained":[{"floor":4,"key":"PowerPotion"},{"floor":4,"key":"Regen Potion"},{"floor":20,"key":"SteroidPotion"},{"floor":25,"key":"FearPotion"},{"floor":28,"key":"PowerPotion"},{"floor":31,"key":"Poison Potion"}],"is_trial":false,"path_per_floor":["M","?","?","?","$","R","M","M","T","E","?","R","$","?","R","B",null,"M","?","M","$","?","R","?","E","T","E","M","$","M","M","R","B"],"character_chosen":"IRONCLAD","items_purchased":["Whirlwind","PreservedInsect"],"campfire_rested":1,"item_purchase_floors":[13,21],"current_hp_per_floor":[74,74,74,74,74,74,75,75,75,51,69,69,69,69,69,44,67,49,49,59,59,59,59,59,65,65,59,67,67,51,47,69,0],"gold":84,"neow_bonus":"THREE_ENEMY_KILL","is_prod":false,"is_daily":false,"chose_seed":false,"campfire_upgraded":4,"win_rate":0,"timestamp":1555632679,"path_taken":["M","?","?","?","$","R","M","?","T","E","?","R","?","?","R","BOSS","M","?","M","$","?","R","?","E","T","E","M","$","M","M","R","BOSS"],"build_version":"2019-01-23","purchased_purges":2,"victory":false,"max_hp_per_floor":[75,75,75,75,75,75,75,75,75,75,75,75,75,75,75,75,75,75,75,75,75,75,75,75,75,75,75,75,75,75,75,75,75],"card_choices":[{"not_picked":["Armaments","Clash"],"picked":"Pommel Strike","floor":1},{"not_picked":["Armaments","Heavy Blade"],"picked":"Iron Wave","floor":7},{"not_picked":["Blood for Blood","Shockwave"],"picked":"Spot Weakness","floor":8},{"not_picked":["Feel No Pain","Intimidate"],"picked":"Combust","floor":10},{"not_picked":["Berserk","Exhume"],"picked":"Reaper","floor":16},{"not_picked":["Sword Boomerang+1","Heavy Blade"],"picked":"Power Through","floor":18},{"not_picked":["Anger","Warcry"],"picked":"Dual Wield","floor":20},{"not_picked":["Ghostly Armor","Sword Boomerang"],"picked":"Searing Blow+1","floor":25},{"not_picked":["Armaments","Iron Wave","Corruption"],"picked":"SKIP","floor":27},{"not_picked":["Clothesline","Shockwave"],"picked":"Power Through","floor":28},{"not_picked":["Cleave","Shrug It Off","Dropkick"],"picked":"SKIP","floor":30},{"not_picked":["Perfected Strike","Clothesline"],"picked":"Flex+1","floor":31}],"player_experience":1739187,"relics_obtained":[{"floor":9,"key":"Bag of Marbles"},{"floor":10,"key":"Meat on the Bone"},{"floor":25,"key":"Kunai"},{"floor":26,"key":"War Paint"},{"floor":27,"key":"Ornamental Fan"}],"event_choices":[{"damage_healed":0,"gold_gain":0,"cards_transformed":["Strike_R"],"player_choice":"Change","damage_taken":0,"max_hp_gain":0,"max_hp_loss":0,"event_name":"Living Wall","floor":2,"gold_loss":0,"cards_obtained":["Double Tap"]},{"damage_healed":0,"gold_gain":0,"player_choice":"Box","damage_taken":0,"relics_obtained":["MawBank"],"max_hp_gain":0,"max_hp_loss":0,"event_name":"Big Fish","floor":3,"gold_loss":0,"cards_obtained":["Regret"]},{"damage_healed":0,"gold_gain":0,"player_choice":"Got Potions","damage_taken":0,"max_hp_gain":0,"max_hp_loss":0,"event_name":"Lab","floor":4,"gold_loss":0},{"damage_healed":18,"gold_gain":0,"player_choice":"Healed","damage_taken":0,"max_hp_gain":0,"max_hp_loss":0,"event_name":"The Cleric","floor":11,"gold_loss":35},{"damage_healed":0,"gold_gain":0,"player_choice":"Take Wound","damage_taken":0,"relics_obtained":["Golden Idol"],"max_hp_gain":0,"max_hp_loss":0,"event_name":"Golden Idol","floor":14,"gold_loss":0,"cards_obtained":["Injury"]},{"damage_healed":0,"gold_gain":0,"player_choice":"Inject Mutagens","damage_taken":0,"relics_obtained":["MutagenicStrength"],"max_hp_gain":0,"max_hp_loss":0,"event_name":"Drug Dealer","floor":19,"gold_loss":0},{"damage_healed":0,"gold_gain":0,"player_choice":"Read","damage_taken":0,"max_hp_gain":0,"max_hp_loss":0,"event_name":"The Library","floor":22,"gold_loss":0,"cards_obtained":["Pummel"]},{"damage_healed":0,"gold_gain":0,"player_choice":"Opened","damage_taken":0,"relics_obtained":["Blood Vial"],"max_hp_gain":0,"max_hp_loss":0,"event_name":"The Mausoleum","floor":24,"gold_loss":0}],"is_beta":false,"boss_relics":[{"not_picked":["Runic Dome","Runic Pyramid"],"picked":"Cursed Key"}],"items_purged_floors":[5,29],"is_endless":false,"potions_floor_spawned":[7,20,25,28,31],"killed_by":"Automaton","ascension_level":14}