{"gold_per_floor":[118,37,37,37,37,37,69,69,92,120,133,148,160,186,186,264,264,277,288,304,219,229,229,240,274,274,274,290,325,325,425,425,496,496,511,511,523,543,553,553,569,598,622,622,647,674,693,111,111,111,111,111,111,29,55,55],"floor_reached":56,"playtime":7090,"items_purged":["Regret"],"score":2084,"play_id":"0e858f82-948c-4237-9baf-4abc701c231f","local_time":"20190506232341","is_ascension_mode":true,"campfire_choices":[{"data":"Bash","floor":6.0,"key":"SMITH"},{"data":"Flame Barrier","floor":8.0,"key":"SMITH"},{"data":"Demon Form","floor":15.0,"key":"SMITH"},{"floor":23.0,"key":"REST"},{"floor":27.0,"key":"REST"},{"floor":30.0,"key":"REST"},{"floor":32.0,"key":"REST"},{"floor":40.0,"key":"REST"},{"floor":49.0,"key":"RECALL"},{"data":"Clumsy","floor":53.0,"key":"PURGE"}],"neow_cost":"NONE","seed_source_timestamp":0,"circlet_count":0,"master_deck":["AscendersBane","Strike_R","Strike_R","Defend_R","Defend_R","Defend_R","Bash+1","Shrug It Off","Flame Barrier+1","Seeing Red","Shrug It Off","Demon Form+1","Heavy Blade","Anger","Flame Barrier","Sword Boomerang","Fiend Fire","Armaments+1","Feel No Pain","Headbutt","Reaper","Flame Barrier","Pummel","True Grit+1","Impervious+1","Sentinel+1","Intimidate+1","Pommel Strike+1","Flame Barrier+1","Sword Boomerang+1","Secret Weapon+1","Dark Shackles+1","Evolve","Flame Barrier+1","Feel No Pain"],"special_seed":0,"relics":["Burning Blood","NeowsBlessing","Unceasing Top","Potion Belt","Nunchaku","Bag of Preparation","Fusion Hammer","Bag of Marbles","Happy Flower","Mango","Toxic Egg 2","Thread and Needle","Cursed Key","Peace Pipe","Boot","Art of War","Membership Card","Pen Nib","Orichalcum","Red Skull"],"potions_floor_usage":[56,56,56],"damage_taken":[{"damage":0.0,"enemies":"Cultist","floor":1.0,"turns":1.0},{"damage":0.0,"enemies":"Lagavulin","floor":7.0,"turns":1.0},{"damage":0.0,"enemies":"3 Sentries","floor":10.0,"turns":2.0},{"damage":0.0,"enemies":"2 Louse","floor":11.0,"turns":2.0},{"damage":0.0,"enemies":"Jaw Worm","floor":12.0,"turns":4.0},{"damage":2.0,"enemies":"Lots of Slimes","floor":13.0,"turns":5.0},{"damage":21.0,"enemies":"Lagavulin","floor":14.0,"turns":8.0},{"damage":28.0,"enemies":"Slime Boss","floor":16.0,"turns":6.0},{"damage":10.0,"enemies":"Spheric Guardian","floor":18.0,"turns":4.0},{"damage":0.0,"enemies":"Chosen","floor":19.0,"turns":3.0},{"damage":16.0,"enemies":"Snake Plant","floor":20.0,"turns":3.0},{"damage":10.0,"enemies":"Snecko","floor":22.0,"turns":5.0},{"damage":1.0,"enemies":"Centurion and Healer","floor":24.0,"turns":4.0},{"damage":91.0,"enemies":"Gremlin Leader","floor":25.0,"turns":9.0},{"damage":18.0,"enemies":"Snake Plant","floor":28.0,"turns":4.0},{"damage":36.0,"enemies":"Book of Stabbing","floor":29.0,"turns":5.0},{"damage":27.0,"enemies":"Colosseum Slavers","floor":31.0,"turns":6.0},{"damage":43.0,"enemies":"Colosseum Nobs","floor":31.0,"turns":4.0},{"damage":33.0,"enemies":"Collector","floor":33.0,"turns":8.0},{"damage":9.0,"enemies":"3 Shapes","floor":35.0,"turns":11.0},{"damage":0.0,"enemies":"Orb Walker","floor":37.0,"turns":3.0},{"damage":66.0,"enemies":"Transient","floor":38.0,"turns":6.0},{"damage":1.0,"enemies":"Writhing Mass","floor":39.0,"turns":6.0},{"damage":27.0,"enemies":"Maw","floor":41.0,"turns":7.0},{"damage":22.0,"enemies":"Giant Head","floor":42.0,"turns":9.0},{"damage":38.0,"enemies":"Reptomancer","floor":45.0,"turns":5.0},{"damage":21.0,"enemies":"3 Darklings","floor":47.0,"turns":7.0},{"damage":83.0,"enemies":"Awakened One","floor":50.0,"turns":14.0},{"damage":41.0,"enemies":"Time Eater","floor":51.0,"turns":12.0},{"damage":75.0,"enemies":"Shield and Spear","floor":55.0,"turns":8.0},{"damage":61,"enemies":"The Heart","floor":56,"turns":6}],"seed_played":"-9024529719145237903","potions_obtained":[{"floor":11.0,"key":"SpeedPotion"},{"floor":13.0,"key":"Regen Potion"},{"floor":14.0,"key":"Weak Potion"},{"floor":19.0,"key":"FearPotion"},{"floor":22.0,"key":"Explosive Potion"},{"floor":25.0,"key":"EssenceOfSteel"},{"floor":28.0,"key":"Dexterity Potion"},{"floor":33.0,"key":"GamblersBrew"},{"floor":37.0,"key":"PowerPotion"},{"floor":38.0,"key":"Explosive Potion"},{"floor":47.0,"key":"Regen Potion"},{"floor":55.0,"key":"SkillPotion"}],"is_trial":false,"path_per_floor":["M","$","?","?","?","R","E","R","T","E","M","M","M","E","R","B",null,"M","M","M","?","M","R","M","E","T","R","M","E","R","?","R","B",null,"M","?","M","M","M","R","M","E","T","?","E","T","M","$","R","B","B",null,"R","$","E","B"],"character_chosen":"IRONCLAD","items_purchased":["Flame Barrier","Membership Card","Pen Nib","Orichalcum","Regen Potion","Regen Potion","Regen Potion","Flame Barrier+1","Feel No Pain","EssenceOfSteel"],"campfire_rested":5,"item_purchase_floors":[2,48,48,48,48,48,48,48,54,54],"current_hp_per_floor":[74,74,74,67,67,67,73,73,73,75,75,75,75,60,60,38,66,62,68,58,58,54,75,75,12,26,52,44,29,55,19,45,65,83,85,85,89,29,39,65,59,43,43,33,22,22,7,7,7,89,58,81,81,81,32,0],"gold":55,"neow_bonus":"THREE_ENEMY_KILL","is_prod":false,"is_daily":false,"chose_seed":false,"campfire_upgraded":3,"win_rate":0,"timestamp":1557199421,"path_taken":["M","$","?","?","?","R","E","R","T","E","M","?","M","E","R","BOSS","M","M","M","?","M","R","M","E","T","R","M","E","R","?","R","BOSS","M","?","?","M","M","R","M","E","T","?","E","?","?","$","R","BOSS","BOSS","R","$","E","BOSS"],"build_version":"2019-01-23","purchased_purges":1,"victory":false,"max_hp_per_floor":[75,75,75,75,75,75,75,75,75,75,75,75,75,75,75,75,75,75,75,75,75,75,75,75,75,89,89,89,89,89,89,89,89,89,89,89,89,89,89,89,89,89,89,89,89,89,89,89,89,89,89,89,89,89,89,89],"card_choices":[{"not_picked":["Headbutt","Flex"],"picked":"Shrug It Off","floor":1.0},{"not_picked":["Clothesline","Armaments"],"picked":"Shrug It Off","floor":7.0},{"not_picked":["Evolve","Iron Wave"],"picked":"Demon Form","floor":10.0},{"not_picked":["Clash","Clothesline"],"picked":"Heavy Blade","floor":11.0},{"not_picked":["Power Through","Body Slam"],"picked":"Anger","floor":12.0},{"not_picked":["Pommel Strike","Spot Weakness"],"picked":"Flame Barrier","floor":13.0},{"not_picked":["Armaments","Clothesline"],"picked":"Sword Boomerang","floor":14.0},{"not_picked":["Bludgeon","Double Tap"],"picked":"Fiend Fire","floor":16.0},{"not_picked":["Cleave","Whirlwind"],"picked":"Armaments+1","floor":18.0},{"not_picked":["Headbutt","Rage","Thunderclap"],"picked":"SKIP","floor":19.0},{"not_picked":["Thunderclap","Warcry"],"picked":"Feel No Pain","floor":20.0},{"not_picked":["Ghostly Armor","Perfected Strike"],"picked":"Headbutt","floor":22.0},{"not_picked":["Sentinel","Iron Wave"],"picked":"Reaper","floor":24.0},{"not_picked":["Havoc","Twin Strike"],"picked":"Flame Barrier","floor":25.0},{"not_picked":["Dropkick","Second Wind"],"picked":"Pummel","floor":28.0},{"not_picked":["Infernal Blade","Reckless Charge","Sever Soul"],"picked":"SKIP","floor":29.0},{"not_picked":["Havoc+1","Sword Boomerang"],"picked":"True Grit+1","floor":31.0},{"not_picked":["Fiend Fire","Double Tap+1"],"picked":"Impervious+1","floor":33.0},{"not_picked":["Flex+1","Headbutt+1"],"picked":"Sentinel+1","floor":35.0},{"not_picked":["Thunderclap","Body Slam"],"picked":"Intimidate+1","floor":37.0},{"not_picked":["Body Slam","Blood for Blood+1","Sword Boomerang"],"picked":"SKIP","floor":38.0},{"not_picked":["Sword Boomerang","Hemokinesis+1"],"picked":"Pommel Strike+1","floor":39.0},{"not_picked":["Armaments+1","Havoc+1"],"picked":"Flame Barrier+1","floor":41.0},{"not_picked":["Inflame","Juggernaut"],"picked":"Sword Boomerang+1","floor":42.0},{"not_picked":["Violence+1","Jack Of All Trades+1"],"picked":"Secret Weapon+1","floor":44.0},{"not_picked":["Flash of Steel","Good Instincts+1"],"picked":"Dark Shackles+1","floor":44.0},{"not_picked":["Body Slam+1","Blood for Blood"],"picked":"Evolve","floor":45.0},{"not_picked":["Hemokinesis","Dropkick+1","Headbutt"],"picked":"SKIP","floor":47.0},{"not_picked":["Pommel Strike","Blood for Blood","Combust+1"],"picked":"SKIP","floor":55.0}],"player_experience":904102,"relics_obtained":[{"floor":7.0,"key":"Unceasing Top"},{"floor":9.0,"key":"Potion Belt"},{"floor":10.0,"key":"Nunchaku"},{"floor":14.0,"key":"Bag of Preparation"},{"floor":25.0,"key":"Happy Flower"},{"floor":26.0,"key":"Mango"},{"floor":29.0,"key":"Toxic Egg 2"},{"floor":31.0,"key":"Thread and Needle"},{"floor":42.0,"key":"Peace Pipe"},{"floor":45.0,"key":"Boot"},{"floor":46.0,"key":"Art of War"},{"floor":55.0,"key":"Red Skull"}],"event_choices":[{"damage_healed":0.0,"max_hp_gain":0.0,"max_hp_loss":0.0,"gold_gain":0.0,"cards_transformed":["Strike_R"],"event_name":"Living Wall","player_choice":"Change","floor":3.0,"gold_loss":0.0,"damage_taken":0.0,"cards_obtained":["Seeing Red"]},{"cards_removed":["Defend_R"],"damage_healed":0.0,"max_hp_gain":0.0,"max_hp_loss":0.0,"gold_gain":0.0,"event_name":"Golden Wing","player_choice":"Card Removal","floor":4.0,"gold_loss":0.0,"damage_taken":7.0},{"cards_removed":["Strike_R"],"damage_healed":0.0,"max_hp_gain":0.0,"max_hp_loss":0.0,"gold_gain":0.0,"event_name":"Purifier","player_choice":"Purged","floor":5.0,"gold_loss":0.0,"damage_taken":0.0},{"damage_healed":0.0,"max_hp_gain":0.0,"max_hp_loss":0.0,"gold_gain":0.0,"event_name":"Addict","player_choice":"Obtained Relic","floor":21.0,"gold_loss":85.0,"damage_taken":0.0,"relics_obtained":["Bag of Marbles"]},{"damage_healed":0.0,"max_hp_gain":0.0,"max_hp_loss":0.0,"gold_gain":0.0,"event_name":"Colosseum","player_choice":"Fight","floor":31.0,"gold_loss":0.0,"damage_taken":0.0},{"damage_healed":0.0,"max_hp_gain":0.0,"max_hp_loss":0.0,"gold_gain":0.0,"event_name":"Colosseum","player_choice":"Fought Nobs","floor":31.0,"gold_loss":0.0,"damage_taken":0.0},{"cards_removed":["Strike_R"],"damage_healed":0.0,"max_hp_gain":0.0,"max_hp_loss":0.0,"gold_gain":0.0,"event_name":"Bonfire Elementals","player_choice":"Offered Basic","floor":36.0,"gold_loss":0.0,"damage_taken":0.0},{"damage_healed":0.0,"max_hp_gain":0.0,"max_hp_loss":0.0,"gold_gain":0.0,"event_name":"SensoryStone","player_choice":"Memory 3","floor":44.0,"gold_loss":0.0,"damage_taken":10.0}],"is_beta":false,"boss_relics":[{"not_picked":["Coffee Dripper","Calling Bell"],"picked":"Fusion Hammer"},{"not_picked":["Runic Dome","Empty Cage"],"picked":"Cursed Key"}],"items_purged_floors":[48],"is_endless":false,"potions_floor_spawned":[11,13,14,19,22,25,28,33,37,38,47,55],"killed_by":"The Heart","ascension_level":20}