{"gold_per_floor":[20,39,39,39,57,57,82,100,126,144,155,190,205,270,270,347,347,320,333,333,344,2,30,30,42,42,42,61,61,92,111,111,188,188,198,209,209,209,229,229,262,262,288,308,338,338,366,385,385,385,385,385,385,0,35,35],"floor_reached":57,"playtime":11654,"items_purged":["Strike_G"],"score":3067,"play_id":"eb545b31-d5d1-4154-b05d-e1a8b460eaaf","local_time":"20190508230240","is_ascension_mode":true,"campfire_choices":[{"data":"Skewer","floor":6.0,"key":"SMITH"},{"data":"Burst","floor":15.0,"key":"SMITH"},{"floor":24,"key":"REST"},{"floor":27,"key":"REST"},{"data":"Wraith Form v2","floor":29,"key":"SMITH"},{"floor":32,"key":"REST"},{"data":"Wraith Form v2","floor":40,"key":"SMITH"},{"floor":42,"key":"REST"},{"floor":46,"key":"RECALL"},{"data":"Noxious Fumes","floor":49,"key":"SMITH"},{"data":"Noxious Fumes","floor":53,"key":"SMITH"}],"neow_cost":"NO_GOLD","seed_source_timestamp":0,"circlet_count":0,"master_deck":["AscendersBane","Defend_G","Defend_G","Defend_G","Defend_G","Strike_G","Strike_G","Strike_G","Survivor","Neutralize","Escape Plan","Riddle With Holes","Noxious Fumes+1","Leg Sweep","Adrenaline","Skewer+1","After Image","Cloak And Dagger","Flying Knee","Noxious Fumes+1","Burst+1","Backflip","Wraith Form v2+1","Underhanded Strike","Deadly Poison","Acrobatics","Reflex","Blur+1","Acrobatics","PiercingWail","Noxious Fumes","Wraith Form v2+1","Underhanded Strike","Crippling Poison","Tactician+1","Backflip+1","Adrenaline","Leg Sweep","Acrobatics","Bouncing Flask","Well Laid Plans","Bouncing Flask"],"special_seed":0,"relics":["Ring of the Snake","Pen Nib","Bag of Preparation","Snake Skull","Blue Candle","HoveringKite","Incense Burner","Smiling Mask","Shuriken","Bronze Scales","Snecko Eye","Ancient Tea Set","Prayer Wheel","FossilizedHelix","Vajra","Centennial Puzzle"],"potions_floor_usage":[25,33,33,45,56,56],"damage_taken":[{"damage":0.0,"enemies":"2 Louse","floor":1.0,"turns":3.0},{"damage":2.0,"enemies":"Cultist","floor":2.0,"turns":4.0},{"damage":0.0,"enemies":"Small Slimes","floor":5.0,"turns":4.0},{"damage":16.0,"enemies":"3 Sentries","floor":7.0,"turns":7.0},{"damage":0.0,"enemies":"Blue Slaver","floor":8.0,"turns":5.0},{"damage":1.0,"enemies":"3 Louse","floor":10.0,"turns":3.0},{"damage":4.0,"enemies":"Large Slime","floor":11.0,"turns":4.0},{"damage":0.0,"enemies":"Gremlin Nob","floor":12.0,"turns":2.0},{"damage":0.0,"enemies":"2 Fungi Beasts","floor":13.0,"turns":2.0},{"damage":4.0,"enemies":"3 Sentries","floor":14.0,"turns":5.0},{"damage":10.0,"enemies":"The Guardian","floor":16.0,"turns":10.0},{"damage":2,"enemies":"2 Thieves","floor":18,"turns":4},{"damage":0,"enemies":"3 Byrds","floor":19,"turns":4},{"damage":21,"enemies":"Cultist and Chosen","floor":21,"turns":7},{"damage":17,"enemies":"Book of Stabbing","floor":23,"turns":5},{"damage":22,"enemies":"Chosen and Byrds","floor":25,"turns":6},{"damage":0,"enemies":"Centurion and Healer","floor":28,"turns":6},{"damage":17,"enemies":"Gremlin Leader","floor":30,"turns":6},{"damage":2,"enemies":"Shelled Parasite and Fungi","floor":31,"turns":5},{"damage":21,"enemies":"Automaton","floor":33,"turns":10},{"damage":0,"enemies":"Orb Walker","floor":35,"turns":4},{"damage":14,"enemies":"3 Darklings","floor":36,"turns":5},{"damage":0,"enemies":"Maw","floor":39,"turns":8},{"damage":2,"enemies":"Reptomancer","floor":41,"turns":7},{"damage":0,"enemies":"Transient","floor":44,"turns":6},{"damage":0,"enemies":"Nemesis","floor":45,"turns":7},{"damage":0,"enemies":"Reptomancer","floor":47,"turns":5},{"damage":0,"enemies":"Writhing Mass","floor":48,"turns":6},{"damage":18,"enemies":"Time Eater","floor":50,"turns":12},{"damage":12,"enemies":"Donu and Deca","floor":51,"turns":11},{"damage":0,"enemies":"Shield and Spear","floor":55,"turns":7},{"damage":0,"enemies":"The Heart","floor":56,"turns":9}],"seed_played":"4128074752379254662","potions_obtained":[{"floor":2.0,"key":"Explosive Potion"},{"floor":5.0,"key":"PowerPotion"},{"floor":7.0,"key":"Strength Potion"},{"floor":18,"key":"Swift Potion"},{"floor":19,"key":"AttackPotion"},{"floor":28,"key":"Strength Potion"},{"floor":35,"key":"AttackPotion"},{"floor":41,"key":"PowerPotion"},{"floor":45,"key":"SpeedPotion"}],"is_trial":false,"path_per_floor":["M","M","?","?","M","R","E","M","T","M","M","E","M","?","R","B",null,"M","M","?","M","$","E","R","M","T","R","M","R","E","M","R","B",null,"M","M","?","?","M","R","E","R","T","M","E","R","E","M","R","B","B",null,"R","$","E","B",null],"character_chosen":"THE_SILENT","items_purchased":["Incense Burner","Bouncing Flask","Well Laid Plans","Vajra"],"campfire_rested":4,"item_purchase_floors":[22,54,54,54],"current_hp_per_floor":[59,57,57,57,57,57,41,41,41,40,36,36,36,32,32,22,55,53,53,53,32,32,15,34,12,12,31,31,31,14,12,31,10,52,52,38,38,38,38,38,36,54,54,54,54,54,54,54,54,36,24,53,53,53,53,53],"gold":35,"neow_bonus":"TRANSFORM_TWO_CARDS","is_prod":false,"is_daily":false,"chose_seed":false,"campfire_upgraded":6,"win_rate":0,"timestamp":1557370960,"path_taken":["M","M","?","?","M","R","E","?","T","M","M","E","M","?","R","BOSS","M","M","?","M","$","E","R","M","T","R","M","R","E","M","R","BOSS","M","M","?","?","M","R","E","R","T","M","E","R","E","M","R","BOSS","BOSS","R","$","E","BOSS"],"build_version":"2019-01-23","purchased_purges":1,"victory":true,"max_hp_per_floor":[66,66,66,66,66,66,66,66,66,66,66,66,66,66,66,66,66,66,66,66,66,66,66,66,66,66,66,66,66,66,66,66,66,66,66,66,63,63,63,63,63,63,63,63,63,63,63,63,63,63,63,63,63,63,63,63],"card_choices":[{"not_picked":["Blade Dance","Cloak And Dagger"],"picked":"Noxious Fumes","floor":1.0},{"not_picked":["Bane","Blade Dance"],"picked":"Leg Sweep","floor":2.0},{"not_picked":["Riddle With Holes","Outmaneuver"],"picked":"Skewer","floor":5.0},{"not_picked":["Underhanded Strike","Dagger Throw"],"picked":"After Image","floor":7.0},{"not_picked":["Masterful Stab","Choke"],"picked":"Cloak And Dagger","floor":8.0},{"not_picked":["Accuracy","Prepared","Deadly Poison"],"picked":"SKIP","floor":10.0},{"not_picked":["Masterful Stab","Accuracy"],"picked":"Flying Knee","floor":11.0},{"not_picked":["Expertise","Predator"],"picked":"Noxious Fumes","floor":12.0},{"not_picked":["Acrobatics","Dodge and Roll"],"picked":"Burst","floor":13.0},{"not_picked":["Quick Slash","Underhanded Strike"],"picked":"Backflip","floor":14.0},{"not_picked":["Doppelganger","Unload"],"picked":"Wraith Form v2","floor":16.0},{"not_picked":["Finisher","Infinite Blades"],"picked":"Underhanded Strike","floor":18},{"not_picked":["Flying Knee","Bane"],"picked":"Deadly Poison","floor":19},{"not_picked":["Finisher","Deadly Poison"],"picked":"Reflex","floor":21},{"not_picked":["Flying Knee","All Out Attack+1"],"picked":"Blur+1","floor":23},{"not_picked":["Dagger Spray","Finisher","Slice+1"],"picked":"SKIP","floor":25},{"not_picked":["Slice","Quick Slash"],"picked":"Acrobatics","floor":28},{"not_picked":["Dodge and Roll","Deadly Poison"],"picked":"PiercingWail","floor":30},{"not_picked":["Dagger Spray","A Thousand Cuts"],"picked":"Noxious Fumes","floor":31},{"not_picked":["Envenom","Doppelganger"],"picked":"Wraith Form v2","floor":33},{"not_picked":["Distraction","Skewer","Poisoned Stab"],"picked":"SKIP","floor":35},{"not_picked":["Blade Dance","Leg Sweep"],"picked":"Underhanded Strike","floor":36},{"not_picked":["Dagger Spray","Caltrops"],"picked":"Crippling Poison","floor":39},{"not_picked":["Deadly Poison","Distraction"],"picked":"Tactician+1","floor":41},{"not_picked":["Acrobatics+1","Outmaneuver"],"picked":"Backflip+1","floor":44},{"not_picked":["Concentrate","Masterful Stab"],"picked":"Adrenaline","floor":45},{"not_picked":["Escape Plan","Bane","Underhanded Strike"],"picked":"SKIP","floor":47},{"not_picked":["Escape Plan","Underhanded Strike+1"],"picked":"Leg Sweep","floor":48},{"not_picked":["Blur","Sucker Punch+1"],"picked":"Acrobatics","floor":48},{"not_picked":["Burst","Dash"],"picked":"Bouncing Flask","floor":55}],"player_experience":920551,"relics_obtained":[{"floor":7.0,"key":"Pen Nib"},{"floor":9.0,"key":"Bag of Preparation"},{"floor":12.0,"key":"Snake Skull"},{"floor":14.0,"key":"Blue Candle"},{"floor":23,"key":"Smiling Mask"},{"floor":26,"key":"Shuriken"},{"floor":30,"key":"Bronze Scales"},{"floor":41,"key":"Ancient Tea Set"},{"floor":45,"key":"Prayer Wheel"},{"floor":47,"key":"FossilizedHelix"},{"floor":55,"key":"Centennial Puzzle"}],"event_choices":[{"damage_healed":0.0,"max_hp_gain":0.0,"max_hp_loss":0.0,"gold_gain":0.0,"event_name":"The Cleric","player_choice":"Leave","floor":3.0,"gold_loss":0.0,"damage_taken":0.0},{"damage_healed":0.0,"max_hp_gain":0.0,"max_hp_loss":0.0,"gold_gain":0.0,"event_name":"Match and Keep!","player_choice":"1 cards matched","floor":4.0,"gold_loss":0.0,"damage_taken":0.0,"cards_obtained":["Adrenaline"]},{"damage_healed":0.0,"max_hp_gain":0.0,"max_hp_loss":0.0,"gold_gain":0.0,"event_name":"Dead Adventurer","player_choice":"Searched \u00271\u0027 times","floor":14.0,"gold_loss":0.0,"damage_taken":0.0},{"damage_healed":0,"gold_gain":0,"player_choice":"Read","damage_taken":0,"max_hp_gain":0,"max_hp_loss":0,"event_name":"The Library","floor":20,"gold_loss":0,"cards_obtained":["Acrobatics"]},{"damage_healed":0,"gold_gain":0,"player_choice":"Max HP","damage_taken":0,"max_hp_gain":0,"max_hp_loss":3,"event_name":"Winding Halls","floor":37,"gold_loss":0},{"damage_healed":0,"gold_gain":0,"player_choice":"Memory 1","damage_taken":0,"max_hp_gain":0,"max_hp_loss":0,"event_name":"SensoryStone","floor":38,"gold_loss":0}],"is_beta":false,"boss_relics":[{"not_picked":["Busted Crown","Runic Dome"],"picked":"HoveringKite"},{"not_picked":["Eternal Feather","Empty Cage"],"picked":"Snecko Eye"}],"items_purged_floors":[54],"is_endless":false,"potions_floor_spawned":[2,5,7,11,18,19,28,31,35,41,45,47,48],"ascension_level":20}