{"path_per_floor":["M","$","M","?","$","M","R","$","T","R","E","R","T","M","R","B",null,"M","$","?","?","M","R","M","R","T","R","?","M","?","$","R","B",null,"M","?","?","$","?","R","E","?","T","$","R","$","M","$","R","B"],"character_chosen":"THE_SILENT","items_purchased":["Backflip","Sucker Punch","Acrobatics","Bandage Up","Leg Sweep","Deflect","PiercingWail","Blur"],"gold_per_floor":[114,68,83,83,10,23,23,23,23,23,57,57,80,91,91,187,187,176,176,176,176,190,190,204,204,255,255,170,184,184,24,24,122,122,132,132,132,63,63,63,94,94,94,94,94,58,69,69,69,69],"floor_reached":51,"campfire_rested":3,"playtime":4468,"current_hp_per_floor":[64,64,66,59,59,61,61,61,61,61,43,43,43,45,66,52,70,70,70,54,41,43,65,63,63,63,63,73,61,61,61,85,50,85,73,73,73,73,73,73,28,95,95,95,95,95,88,88,88,64],"items_purged":[],"gold":69,"score":541,"play_id":"82e71125-1e45-454d-8848-94688b13c537","is_prod":false,"is_daily":false,"is_ascension_mode":false,"campfire_upgraded":8,"path_taken":["M","$","M","?","$","M","R","?","T","R","E","R","?","M","R","BOSS","M","$","?","?","M","R","M","R","T","R","?","M","?","?","R","BOSS","M","?","?","$","?","R","E","?","T","$","R","$","M","?","R","BOSS"],"build_version":"2018-02-15-PROD1","purchased_purges":0,"victory":true,"master_deck":["Defend_G","Defend_G","Defend_G","Defend_G","Survivor","Neutralize+1","Dash+1","Backflip+1","Infinite Blades","Sucker Punch+1","Acrobatics","Slice","Footwork+1","Dagger Throw","Adrenaline+1","Footwork+1","Sucker Punch+1","Dagger Throw","Malaise","Bite","Bite+1","Bite","Bite+1","Bite","Bandage Up","Leg Sweep","Prepared+1","Infinite Blades","Deflect","PiercingWail","Footwork+1","Sucker Punch","Pain","Blur+1","Backstab+1"],"max_hp_per_floor":[70,70,70,70,70,70,70,70,70,70,70,70,70,70,70,70,70,70,70,70,75,75,75,75,75,75,75,85,85,85,85,85,85,85,85,85,85,85,85,85,85,95,95,95,95,95,95,95,95,95],"relics":["Ring of the Snake","Happy Flower","Bronze Scales","Juzu Bracelet","Cursed Key","Nilry\u0027s Codex","Whetstone","Pear","Velvet Choker","Pantograph","Ice Cream"],"card_choices":[{"not_picked":["Deadly Poison","Deflect"],"picked":"Dash"},{"not_picked":["Prepared","Dagger Spray"],"picked":"Infinite Blades"},{"not_picked":["Flechettes","Acrobatics"],"picked":"Slice"},{"not_picked":["Flechettes","Deadly Poison"],"picked":"Footwork"},{"not_picked":["Envenom","Choke"],"picked":"Dagger Throw"},{"not_picked":["Corpse Explosion","Tactician"],"picked":"Adrenaline"},{"not_picked":["Terror","Well Laid Plans"],"picked":"Footwork"},{"not_picked":["Calculated Gamble","Dagger Spray"],"picked":"Sucker Punch"},{"not_picked":["Prepared","Dodge and Roll"],"picked":"Dagger Throw"},{"not_picked":["Prepared","Flying Knee"],"picked":"Malaise"},{"not_picked":["Glass Knife","Adrenaline"],"picked":"Night Terror"},{"not_picked":["Dagger Throw","Poisoned Stab"],"picked":"Prepared"},{"not_picked":["Flying Knee","Slice"],"picked":"Sucker Punch"},{"not_picked":["Leg Sweep","Flechettes"],"picked":"Backstab"}],"player_experience":60644,"potions_floor_usage":[41,50],"damage_taken":[{"damage":6,"enemies":"Cultist","floor":1,"turns":7},{"damage":0,"enemies":"2 Louse","floor":3,"turns":2},{"damage":0,"enemies":"Blue Slaver","floor":6,"turns":4},{"damage":20,"enemies":"Gremlin Nob","floor":11,"turns":5},{"damage":0,"enemies":"Exordium Wildlife","floor":14,"turns":6},{"damage":16,"enemies":"Hexaghost","floor":16,"turns":11},{"damage":0,"enemies":"2 Thieves","floor":18,"turns":4},{"damage":0,"enemies":"Chosen","floor":22,"turns":4},{"damage":4,"enemies":"Snecko","floor":24,"turns":6},{"damage":14,"enemies":"Cultist and Chosen","floor":29,"turns":6},{"damage":49,"enemies":"Automaton","floor":33,"turns":13},{"damage":14,"enemies":"3 Darklings","floor":35,"turns":7},{"damage":58,"enemies":"2 Orb Walkers","floor":41,"turns":6},{"damage":16,"enemies":"Orb Walker","floor":47,"turns":5},{"damage":54,"enemies":"Time Eater","floor":50,"turns":17}],"event_choices":[{"event_name":"Golden Wing","player_choice":"Card Removal","floor":4,"damage_taken":0},{"event_name":"Cursed Tome","player_choice":"Obtained Book","floor":20,"damage_taken":0},{"event_name":"Forgotten Altar","player_choice":"Shed Blood","floor":21,"damage_taken":0},{"event_name":"Addict","player_choice":"Obtained Relic","floor":28,"damage_taken":0},{"event_name":"Vampires","player_choice":"Became a vampire (Vial)","floor":30,"damage_taken":0},{"event_name":"Transmorgrifier","player_choice":"Transform","floor":36,"damage_taken":0},{"event_name":"Fountain of Cleansing","player_choice":"Removed Curse","floor":37,"damage_taken":0},{"event_name":"Duplicator","player_choice":"One dupe","floor":39,"damage_taken":0},{"event_name":"Bonfire Elementals","player_choice":"RARE","floor":42,"damage_taken":0}],"boss_relics":[{"not_picked":["White Beast Statue","Astrolabe"],"picked":"Cursed Key"},{"not_picked":["Philosopher\u0027s Stone","Runic Pyramid"],"picked":"Velvet Choker"}],"potions_floor_spawned":[6,22,29,33],"seed_played":"7540867598807078271","ascension_level":0,"is_trial":false}