{"gold_per_floor":[111,186,96,96,0,0,26,26,26,58,74,89,89,100,100,197,197,187,12,12,29,29,29,29],"floor_reached":24,"playtime":675,"items_purged":[],"score":391,"play_id":"a2e8d88f-a12a-4527-85a8-4ff396b35c87","local_time":"20190411211304","is_ascension_mode":true,"campfire_choices":[{"data":"Discovery","floor":6,"key":"SMITH"},{"floor":13,"key":"REST"},{"data":"Catalyst","floor":15,"key":"SMITH"},{"floor":23,"key":"REST"}],"neow_cost":"NONE","seed_source_timestamp":74149079307500,"circlet_count":0,"master_deck":["AscendersBane","Defend_G","Defend_G","Defend_G","Defend_G","Defend_G","Strike_G","Strike_G","Strike_G+1","Strike_G","Survivor+1","Neutralize","Flying Knee","Discovery+1","Trip","Poisoned Stab","Bane","Catalyst+1","Adrenaline","PiercingWail","Metamorphosis","Dash+1"],"relics":["Ring of the Snake","NeowsBlessing","Bronze Scales","Matryoshka","Juzu Bracelet","Black Star","MutagenicStrength"],"potions_floor_usage":[16,16,20,21],"damage_taken":[{"damage":0,"enemies":"Cultist","floor":1,"turns":1},{"damage":0,"enemies":"Gremlin Nob","floor":7,"turns":1},{"damage":0,"enemies":"3 Sentries","floor":10,"turns":2},{"damage":0,"enemies":"Small Slimes","floor":11,"turns":2},{"damage":0,"enemies":"2 Louse","floor":12,"turns":2},{"damage":1,"enemies":"Looter","floor":14,"turns":2},{"damage":39,"enemies":"The Guardian","floor":16,"turns":11},{"damage":21,"enemies":"2 Thieves","floor":18,"turns":4},{"damage":28,"enemies":"Colosseum Slavers","floor":20,"turns":5},{"damage":1,"enemies":"3 Byrds","floor":21,"turns":3},{"damage":38,"enemies":"Centurion and Healer","floor":24,"turns":5}],"seed_played":"-8581900238419441086","potions_obtained":[{"floor":1,"key":"PowerPotion"},{"floor":12,"key":"AttackPotion"},{"floor":16,"key":"GhostInAJar"},{"floor":18,"key":"Energy Potion"}],"is_trial":false,"path_per_floor":["M","?","$","?","$","R","E","?","T","E","M","M","R","M","R","B",null,"M","$","?","M","?","R","M"],"character_chosen":"THE_SILENT","items_purchased":["Discovery","Trip","Metamorphosis"],"campfire_rested":2,"item_purchase_floors":[3,5,19],"current_hp_per_floor":[63,52,52,38,38,38,38,38,38,38,38,38,59,58,58,19,57,36,36,8,7,7,28,0],"gold":29,"neow_bonus":"THREE_ENEMY_KILL","is_prod":false,"is_daily":false,"chose_seed":false,"campfire_upgraded":2,"win_rate":0,"timestamp":1555009984,"path_taken":["M","?","$","?","$","R","E","?","T","E","M","M","R","M","R","BOSS","M","$","?","M","?","R","M"],"build_version":"2019-01-23","purchased_purges":0,"victory":false,"max_hp_per_floor":[70,70,70,70,70,70,70,70,70,70,70,70,70,70,70,70,70,70,70,70,70,70,70,70],"card_choices":[{"not_picked":["Leg Sweep","PiercingWail"],"picked":"Flying Knee","floor":1},{"not_picked":["Cloak And Dagger","Terror"],"picked":"Poisoned Stab","floor":7},{"not_picked":["Concentrate","Reflex","Slice"],"picked":"SKIP","floor":10},{"not_picked":["Flying Knee","Concentrate","Prepared"],"picked":"SKIP","floor":11},{"not_picked":["Poisoned Stab","Sucker Punch"],"picked":"Bane","floor":12},{"not_picked":["Flying Knee","Bane"],"picked":"Catalyst","floor":14},{"not_picked":["Unload","Wraith Form v2"],"picked":"Adrenaline","floor":16},{"not_picked":["Heel Hook","Bane"],"picked":"PiercingWail","floor":18},{"not_picked":["Outmaneuver+1","Sucker Punch"],"picked":"Dash+1","floor":21}],"player_experience":1638060,"relics_obtained":[{"floor":7,"key":"Bronze Scales"},{"floor":9,"key":"Matryoshka"},{"floor":10,"key":"Juzu Bracelet"}],"event_choices":[{"damage_healed":0,"gold_gain":75,"player_choice":"Gather Gold","damage_taken":11,"max_hp_gain":0,"max_hp_loss":0,"event_name":"World of Goop","floor":2,"gold_loss":0},{"damage_healed":0,"gold_gain":0,"player_choice":"Entered Light","damage_taken":14,"max_hp_gain":0,"max_hp_loss":0,"event_name":"Shining Light","floor":4,"gold_loss":0,"cards_upgraded":["Survivor","Strike_G"]},{"cards_removed":["Strike_G"],"damage_healed":0,"gold_gain":0,"player_choice":"Offered Basic","damage_taken":0,"max_hp_gain":0,"max_hp_loss":0,"event_name":"Bonfire Elementals","floor":8,"gold_loss":0},{"damage_healed":0,"gold_gain":0,"player_choice":"Fight","damage_taken":0,"max_hp_gain":0,"max_hp_loss":0,"event_name":"Colosseum","floor":20,"gold_loss":0},{"damage_healed":0,"gold_gain":0,"player_choice":"Fled From Nobs","damage_taken":0,"max_hp_gain":0,"max_hp_loss":0,"event_name":"Colosseum","floor":20,"gold_loss":0},{"damage_healed":0,"gold_gain":0,"player_choice":"Inject Mutagens","damage_taken":0,"relics_obtained":["MutagenicStrength"],"max_hp_gain":0,"max_hp_loss":0,"event_name":"Drug Dealer","floor":22,"gold_loss":0}],"is_beta":false,"boss_relics":[{"not_picked":["Cursed Key","Orrery"],"picked":"Black Star"}],"items_purged_floors":[],"is_endless":false,"potions_floor_spawned":[1,12,14,16,18],"killed_by":"Centurion and Healer","ascension_level":11}