{"gold_per_floor":[115,115,130,3,15,15,28,28,53,53,88,88,121,15,15,86,86,98,98],"floor_reached":19,"playtime":569,"items_purged":["Pain","Strike_R"],"score":350,"play_id":"e14b2f5c-c08f-419c-8602-ed8169fa3991","local_time":"20190513160742","is_ascension_mode":true,"campfire_choices":[{"data":"True Grit","floor":6,"key":"SMITH"},{"floor":10,"key":"REST"},{"data":"Rampage","floor":12,"key":"SMITH"},{"data":"Burning Pact","floor":15,"key":"SMITH"}],"neow_cost":"NONE","seed_source_timestamp":262392425612230,"circlet_count":0,"master_deck":["AscendersBane","Strike_R","Strike_R","Strike_R","Strike_R","Defend_R","Defend_R","Defend_R","Defend_R","Bash","True Grit+1","Rampage+1","Battle Trance","Burning Pact+1","Offering"],"relics":["Burning Blood","Smiling Mask","WarpedTongs","Art of War","Blood Vial","Dream Catcher","Mark of Pain"],"potions_floor_usage":[13,16,18],"damage_taken":[{"damage":6,"enemies":"Cultist","floor":1,"turns":3},{"damage":16,"enemies":"2 Louse","floor":3,"turns":3},{"damage":10,"enemies":"Small Slimes","floor":5,"turns":4},{"damage":45,"enemies":"Gremlin Gang","floor":7,"turns":5},{"damage":17,"enemies":"Lagavulin","floor":11,"turns":7},{"damage":25,"enemies":"Gremlin Nob","floor":13,"turns":4},{"damage":5,"enemies":"Hexaghost","floor":16,"turns":7},{"damage":32,"enemies":"3 Byrds","floor":18,"turns":7},{"damage":34,"enemies":"Chosen","floor":19,"turns":5}],"seed_played":"1492449479649228665","potions_obtained":[{"floor":3,"key":"EssenceOfSteel"},{"floor":13,"key":"AttackPotion"},{"floor":16,"key":"EssenceOfSteel"}],"is_trial":false,"path_per_floor":["M","?","M","$","M","R","M","$","T","R","E","R","E","$","R","B",null,"M","M"],"character_chosen":"IRONCLAD","items_purchased":["Rampage","PowerPotion"],"campfire_rested":1,"item_purchase_floors":[4,14],"current_hp_per_floor":[68,68,58,58,54,54,15,15,15,37,26,26,9,9,9,12,59,35,3],"gold":98,"neow_bonus":"RANDOM_COMMON_RELIC","is_prod":false,"is_daily":false,"chose_seed":false,"campfire_upgraded":3,"win_rate":0,"timestamp":1557734862,"path_taken":["M","?","M","$","M","R","M","$","T","R","E","R","E","?","R","BOSS","M","M"],"build_version":"2019-01-23","purchased_purges":2,"victory":false,"max_hp_per_floor":[75,75,75,75,75,75,75,75,75,75,75,75,75,75,75,75,75,75,75],"card_choices":[{"not_picked":["Headbutt","Sword Boomerang"],"picked":"True Grit","floor":1},{"not_picked":["Twin Strike","Clash","Seeing Red"],"picked":"SKIP","floor":3},{"not_picked":["Combust","Limit Break"],"picked":"Battle Trance","floor":5},{"not_picked":["Clothesline","Twin Strike"],"picked":"Burning Pact","floor":7},{"not_picked":["Sever Soul","Blood for Blood","Havoc"],"picked":"SKIP","floor":11},{"not_picked":["Spot Weakness","Blood for Blood","Thunderclap"],"picked":"SKIP","floor":13},{"not_picked":["Fiend Fire","Limit Break"],"picked":"Offering","floor":16},{"not_picked":["Rupture","Armaments+1","Pummel"],"picked":"SKIP","floor":18}],"player_experience":1639327,"relics_obtained":[{"floor":9,"key":"Art of War"},{"floor":11,"key":"Blood Vial"},{"floor":13,"key":"Dream Catcher"}],"event_choices":[{"damage_healed":0,"gold_gain":0,"player_choice":"Rummage","damage_taken":0,"relics_obtained":["WarpedTongs"],"max_hp_gain":0,"max_hp_loss":0,"event_name":"Accursed Blacksmith","floor":2,"gold_loss":0,"cards_obtained":["Pain"]}],"is_beta":false,"boss_relics":[{"not_picked":["Busted Crown","Philosopher\u0027s Stone"],"picked":"Mark of Pain"}],"items_purged_floors":[4,14],"is_endless":false,"potions_floor_spawned":[3,13,16],"killed_by":"Chosen","ascension_level":20}