{"gold_per_floor":[115,115,115,129,146,146,180,180,231,251,277,288,288,305,305,410,410,426,410,410,509,579,579,579],"floor_reached":24,"playtime":1211,"items_purged":[],"score":299,"play_id":"68c74843-a06a-46a2-952d-c7d352213820","local_time":"20190123214555","is_ascension_mode":true,"campfire_choices":[{"data":"Footwork","floor":6,"key":"SMITH"},{"floor":8,"key":"REST"},{"floor":13,"key":"REST"},{"floor":15,"key":"REST"},{"floor":23,"key":"REST"}],"neow_cost":"NONE","seed_source_timestamp":13966727059600,"circlet_count":0,"master_deck":["Defend_G","Defend_G","Defend_G","Defend_G","Defend_G","Strike_G","Strike_G","Strike_G","Strike_G","Survivor","Neutralize","Flying Knee","Quick Slash","Footwork+1","Deadly Poison","After Image","Slice","Prepared","Phantasmal Killer","Underhanded Strike","Dagger Throw"],"relics":["Ring of the Snake","Omamori","Juzu Bracelet","Vajra","Bag of Preparation","HoveringKite","Shuriken"],"potions_floor_usage":[7,11,16,16,20,20],"damage_taken":[{"damage":12,"enemies":"Small Slimes","floor":1,"turns":4},{"damage":1,"enemies":"2 Louse","floor":4,"turns":4},{"damage":0,"enemies":"Jaw Worm","floor":5,"turns":4},{"damage":20,"enemies":"Lagavulin","floor":7,"turns":12},{"damage":1,"enemies":"Blue Slaver","floor":10,"turns":4},{"damage":26,"enemies":"Gremlin Nob","floor":11,"turns":4},{"damage":7,"enemies":"Exordium Thugs","floor":12,"turns":6},{"damage":0,"enemies":"Looter","floor":14,"turns":4},{"damage":35,"enemies":"The Guardian","floor":16,"turns":14},{"damage":26,"enemies":"Chosen","floor":18,"turns":8},{"damage":15,"enemies":"2 Thieves","floor":19,"turns":4},{"damage":14,"enemies":"Colosseum Slavers","floor":20,"turns":5},{"damage":34,"enemies":"Gremlin Leader","floor":24,"turns":4}],"seed_played":"9069439795937002884","potions_obtained":[{"floor":5,"key":"Dexterity Potion"},{"floor":7,"key":"SkillPotion"},{"floor":11,"key":"SkillPotion"},{"floor":14,"key":"AttackPotion"},{"floor":18,"key":"LiquidBronze"},{"floor":19,"key":"AttackPotion"}],"is_trial":false,"path_per_floor":["M","?","?","M","M","R","E","R","T","M","E","M","R","M","R","B",null,"M","M","?","?","T","R","E"],"character_chosen":"THE_SILENT","items_purchased":[],"campfire_rested":4,"item_purchase_floors":[],"current_hp_per_floor":[58,58,55,54,54,54,34,57,57,56,30,23,46,46,69,34,66,40,25,11,11,11,34,0],"gold":579,"neow_bonus":"TEN_PERCENT_HP_BONUS","is_prod":false,"is_daily":false,"chose_seed":false,"campfire_upgraded":1,"win_rate":0,"timestamp":1548276355,"path_taken":["M","?","?","M","M","R","E","R","T","M","E","M","R","M","R","BOSS","M","M","?","?","?","R","E"],"build_version":"2019-01-23","purchased_purges":0,"victory":false,"max_hp_per_floor":[77,77,77,77,77,77,77,77,77,77,77,77,77,77,77,77,77,77,77,77,77,77,77,77],"card_choices":[{"not_picked":["Slice","Backflip"],"picked":"Flying Knee","floor":1},{"not_picked":["Slice","Dodge and Roll"],"picked":"Quick Slash","floor":4},{"not_picked":["Accuracy","Flying Knee"],"picked":"Footwork","floor":5},{"not_picked":["Poisoned Stab","Eviscerate"],"picked":"Deadly Poison","floor":7},{"not_picked":["Bane","Sucker Punch"],"picked":"After Image","floor":10},{"not_picked":["Sucker Punch","Poisoned Stab"],"picked":"Slice","floor":11},{"not_picked":["Cloak And Dagger","Dodge and Roll"],"picked":"Prepared","floor":12},{"not_picked":["Predator","Escape Plan","Underhanded Strike"],"picked":"SKIP","floor":14},{"not_picked":["After Image","Unload"],"picked":"Phantasmal Killer","floor":16},{"not_picked":["Tactician","Flying Knee"],"picked":"Underhanded Strike","floor":18},{"not_picked":["Slice+1","Prepared"],"picked":"Dagger Throw","floor":19}],"player_experience":1285017,"relics_obtained":[{"floor":7,"key":"Juzu Bracelet"},{"floor":9,"key":"Vajra"},{"floor":11,"key":"Bag of Preparation"},{"floor":22,"key":"Shuriken"}],"event_choices":[{"cards_removed":["Strike_G"],"damage_healed":0,"gold_gain":0,"player_choice":"Forget","damage_taken":0,"max_hp_gain":0,"max_hp_loss":0,"event_name":"Living Wall","floor":2,"gold_loss":0},{"damage_healed":0,"gold_gain":0,"player_choice":"Success","damage_taken":3,"relics_obtained":["Omamori"],"max_hp_gain":0,"max_hp_loss":0,"event_name":"Scrap Ooze","floor":3,"gold_loss":0},{"damage_healed":0,"gold_gain":0,"player_choice":"Fight","damage_taken":0,"max_hp_gain":0,"max_hp_loss":0,"event_name":"Colosseum","floor":20,"gold_loss":0},{"damage_healed":0,"gold_gain":0,"player_choice":"Fled From Nobs","damage_taken":0,"max_hp_gain":0,"max_hp_loss":0,"event_name":"Colosseum","floor":20,"gold_loss":0},{"damage_healed":0,"gold_gain":99,"player_choice":"Stole From Cult","damage_taken":0,"max_hp_gain":0,"max_hp_loss":0,"event_name":"Nest","floor":21,"gold_loss":0}],"is_beta":false,"boss_relics":[{"not_picked":["Eternal Feather","Runic Pyramid"],"picked":"HoveringKite"}],"items_purged_floors":[],"is_endless":false,"potions_floor_spawned":[5,7,11,14,18,19],"killed_by":"Gremlin Leader","ascension_level":9}