{"gold_per_floor":[118,293,293,311,329,329,357,357,383,155,190,190,18,32,32,131,131,144,144,144,144,54,54,67,94,146,157,169,185,285,305,305,406,406,423,440,42,56,0,0,33,46,46,46,46,65,65,92,92,92],"floor_reached":51,"playtime":2236,"items_purged":["Normality","Pain"],"score":1239,"play_id":"6bb90e57-c91b-48c5-9d5e-c18ab026e821","local_time":"20190410232124","is_ascension_mode":true,"campfire_choices":[{"floor":6,"key":"REST"},{"floor":8,"key":"REST"},{"floor":12,"key":"REST"},{"floor":15,"key":"REST"},{"floor":23,"key":"REST"},{"floor":32,"key":"REST"},{"floor":40,"key":"REST"},{"floor":45,"key":"REST"},{"floor":47,"key":"REST"},{"data":"Storm","floor":49,"key":"SMITH"}],"neow_cost":"CURSE","seed_source_timestamp":88115468846400,"circlet_count":0,"master_deck":["AscendersBane","Zap","Dualcast","Chill","White Noise","Storm","White Noise","Storm+1","Capacitor","Self Repair","Defragment","Darkness","Core Surge","Rainbow","Darkness","Heatsinks","Defragment","Force Field+1","Compile Driver","Echo Form","Reprogram","Defragment+1","Defragment","Conserve Battery","Turbo","Capacitor","Turbo","Darkness+1","Force Field","Biased Cognition","Redo","Buffer","Auto Shields","BootSequence","Auto Shields+1","Self Repair","Apotheosis","Self Repair+1","Force Field","Multi-Cast"],"relics":["Cracked Core","WarpedTongs","Happy Flower","Dream Catcher","Omamori","Bottled Tornado","Pandora\u0027s Box","Darkstone Periapt","Blood Vial","Boot","Incense Burner","Mummified Hand","Lizard Tail","Bottled Lightning","Red Mask","Question Card","Pen Nib","The Courier"],"potions_floor_usage":[7,16,24,27,30,30,38,38,50,50,50],"damage_taken":[{"damage":4,"enemies":"Small Slimes","floor":1,"turns":3},{"damage":3,"enemies":"Cultist","floor":4,"turns":3},{"damage":11,"enemies":"Jaw Worm","floor":5,"turns":4},{"damage":33,"enemies":"Lagavulin","floor":7,"turns":6},{"damage":42,"enemies":"Gremlin Nob","floor":11,"turns":4},{"damage":22,"enemies":"Exordium Wildlife","floor":14,"turns":3},{"damage":21,"enemies":"The Guardian","floor":16,"turns":6},{"damage":18,"enemies":"3 Byrds","floor":18,"turns":4},{"damage":4,"enemies":"Shell Parasite","floor":24,"turns":4},{"damage":34,"enemies":"Slavers","floor":25,"turns":3},{"damage":2,"enemies":"3 Cultists","floor":27,"turns":4},{"damage":42,"enemies":"Shelled Parasite and Fungi","floor":28,"turns":4},{"damage":0,"enemies":"Snake Plant","floor":29,"turns":2},{"damage":14,"enemies":"Colosseum Slavers","floor":30,"turns":3},{"damage":8,"enemies":"Colosseum Nobs","floor":30,"turns":3},{"damage":16,"enemies":"Centurion and Healer","floor":31,"turns":4},{"damage":0,"enemies":"Automaton","floor":33,"turns":5},{"damage":11,"enemies":"3 Shapes","floor":35,"turns":2},{"damage":38,"enemies":"3 Darklings","floor":36,"turns":3},{"damage":19,"enemies":"Transient","floor":38,"turns":5},{"damage":16,"enemies":"Reptomancer","floor":41,"turns":3},{"damage":20,"enemies":"Jaw Worm Horde","floor":42,"turns":4},{"damage":33,"enemies":"3 Darklings","floor":46,"turns":4},{"damage":13,"enemies":"Giant Head","floor":48,"turns":5},{"damage":53,"enemies":"Awakened One","floor":50,"turns":6}],"seed_played":"1701698297719693677","potions_obtained":[{"floor":4,"key":"PowerPotion"},{"floor":5,"key":"EssenceOfSteel"},{"floor":14,"key":"Fire Potion"},{"floor":18,"key":"Block Potion"},{"floor":24,"key":"SteroidPotion"},{"floor":28,"key":"Regen Potion"},{"floor":29,"key":"PowerPotion"},{"floor":36,"key":"EssenceOfSteel"},{"floor":38,"key":"FearPotion"},{"floor":41,"key":"SpeedPotion"},{"floor":48,"key":"EntropicBrew"}],"is_trial":false,"path_per_floor":["M","?","?","M","M","R","E","R","T","$","E","R","$","M","R","B",null,"M","?","T","?","?","R","M","E","T","M","M","M","?","M","R","B",null,"M","M","$","M","?","R","E","M","T","?","R","M","R","E","R","B",null],"character_chosen":"DEFECT","items_purchased":["Omamori","Self Repair","Auto Shields","Bottled Lightning","Regen Potion"],"campfire_rested":9,"item_purchase_floors":[10,13,37,37,37],"current_hp_per_floor":[78,78,78,75,64,89,56,82,82,82,40,66,66,51,77,63,83,72,72,72,72,72,89,85,61,61,68,35,37,35,28,54,63,83,74,45,45,53,53,79,72,54,54,54,80,56,82,89,89,56],"gold":92,"neow_bonus":"TWENTY_PERCENT_HP_BONUS","is_prod":false,"is_daily":false,"chose_seed":false,"campfire_upgraded":1,"win_rate":0,"timestamp":1554931284,"path_taken":["M","?","?","?","M","R","E","R","T","$","E","R","$","M","R","BOSS","M","?","?","?","?","R","M","E","T","M","?","M","?","M","R","BOSS","M","M","$","M","?","R","E","M","T","?","R","M","R","E","R","BOSS"],"build_version":"2019-01-23","purchased_purges":2,"victory":true,"max_hp_per_floor":[89,89,89,89,89,89,89,89,89,89,89,89,89,89,89,89,89,89,89,89,89,89,89,89,89,89,89,89,89,89,89,89,89,89,89,89,89,89,89,89,89,89,89,89,89,89,89,89,89,89],"card_choices":[{"not_picked":["Hologram","Blizzard"],"picked":"Chill","floor":1},{"not_picked":["Rip and Tear","Hello World"],"picked":"White Noise","floor":4},{"not_picked":["Conserve Battery","Steam"],"picked":"Storm","floor":5},{"not_picked":["Sweeping Beam","Hello World"],"picked":"White Noise","floor":7},{"not_picked":["Fission","Undo"],"picked":"Storm","floor":11},{"not_picked":["Turbo","Hologram"],"picked":"Capacitor","floor":12},{"not_picked":["Beam Cell","Rebound"],"picked":"Defragment","floor":14},{"not_picked":["Beam Cell","Cold Snap"],"picked":"Darkness","floor":15},{"not_picked":["Reboot","Biased Cognition"],"picked":"Core Surge","floor":16},{"not_picked":["Rebound","Blizzard+1"],"picked":"Defragment+1","floor":18},{"not_picked":["Beam Cell","Barrage"],"picked":"Conserve Battery","floor":23},{"not_picked":["Beam Cell","Sweeping Beam"],"picked":"Turbo","floor":24},{"not_picked":["Glacier","Rebound","Reboot"],"picked":"SKIP","floor":25},{"not_picked":["Stack","Hello World","Melter"],"picked":"SKIP","floor":27},{"not_picked":["BootSequence","Compile Driver"],"picked":"Capacitor","floor":28},{"not_picked":["Loop","Force Field"],"picked":"Turbo","floor":29},{"not_picked":["Redo","BootSequence"],"picked":"Darkness+1","floor":30},{"not_picked":["Defragment","Steam","Coolheaded"],"picked":"SKIP","floor":31},{"not_picked":["Defragment","Steam","Coolheaded"],"picked":"SKIP","floor":31},{"not_picked":["Sweeping Beam","Barrage"],"picked":"Force Field","floor":32},{"not_picked":["Fission","Core Surge"],"picked":"Biased Cognition","floor":33},{"not_picked":["Genetic Algorithm","Go for the Eyes+1"],"picked":"Redo","floor":35},{"not_picked":["Rebound","Conserve Battery"],"picked":"Buffer","floor":36},{"not_picked":["Force Field+1","Cold Snap+1"],"picked":"BootSequence","floor":38},{"not_picked":["Stack+1","Static Discharge"],"picked":"Auto Shields+1","floor":41},{"not_picked":["Genetic Algorithm+1","Barrage+1","Hologram"],"picked":"Self Repair","floor":42},{"not_picked":["HandOfGreed","Bandage Up","Discovery"],"picked":"Apotheosis","floor":44},{"not_picked":["Recycle+1","White Noise+1","Fusion+1"],"picked":"Self Repair+1","floor":45},{"not_picked":["Compile Driver+1","Leap","Steam"],"picked":"Force Field","floor":46},{"not_picked":["Go for the Eyes","Redo+1","Beam Cell"],"picked":"Multi-Cast","floor":48}],"player_experience":1632601,"relics_obtained":[{"floor":7,"key":"Happy Flower"},{"floor":9,"key":"Dream Catcher"},{"floor":11,"key":"Bottled Tornado"},{"floor":20,"key":"Darkstone Periapt"},{"floor":25,"key":"Blood Vial"},{"floor":26,"key":"Boot"},{"floor":30,"key":"Incense Burner"},{"floor":30,"key":"Mummified Hand"},{"floor":41,"key":"Question Card"},{"floor":43,"key":"Pen Nib"},{"floor":48,"key":"The Courier"}],"event_choices":[{"damage_healed":0,"gold_gain":175,"player_choice":"AGREE","damage_taken":0,"max_hp_gain":0,"max_hp_loss":0,"event_name":"Liars Game","floor":2,"gold_loss":0,"cards_obtained":["Doubt"]},{"damage_healed":0,"gold_gain":0,"player_choice":"Rummage","damage_taken":0,"relics_obtained":["WarpedTongs"],"max_hp_gain":0,"max_hp_loss":0,"event_name":"Accursed Blacksmith","floor":3,"gold_loss":0,"cards_obtained":["Pain"]},{"damage_healed":0,"gold_gain":0,"player_choice":"Ignored","damage_taken":0,"max_hp_gain":0,"max_hp_loss":0,"event_name":"Vampires","floor":19,"gold_loss":0},{"damage_healed":0,"gold_gain":0,"player_choice":"Read","damage_taken":0,"max_hp_gain":0,"max_hp_loss":0,"event_name":"The Library","floor":21,"gold_loss":0,"cards_obtained":["Defragment"]},{"cards_removed":["Doubt"],"damage_healed":0,"gold_gain":0,"player_choice":"Upgrade and Remove","damage_taken":0,"max_hp_gain":0,"max_hp_loss":0,"event_name":"Designer","floor":22,"gold_loss":90,"cards_upgraded":["Force Field"]},{"damage_healed":0,"gold_gain":0,"player_choice":"Fight","damage_taken":0,"max_hp_gain":0,"max_hp_loss":0,"event_name":"Colosseum","floor":30,"gold_loss":0},{"damage_healed":0,"gold_gain":0,"player_choice":"Fought Nobs","damage_taken":0,"max_hp_gain":0,"max_hp_loss":0,"event_name":"Colosseum","floor":30,"gold_loss":0},{"damage_healed":0,"gold_gain":0,"player_choice":"Paid","damage_taken":0,"relics_obtained":["Red Mask"],"max_hp_gain":0,"max_hp_loss":0,"event_name":"Tomb of Lord Red Mask","floor":39,"gold_loss":56},{"damage_healed":0,"gold_gain":0,"player_choice":"Memory 1","damage_taken":0,"max_hp_gain":0,"max_hp_loss":0,"event_name":"SensoryStone","floor":44,"gold_loss":0}],"is_beta":false,"boss_relics":[{"not_picked":["Calling Bell","Cursed Key"],"picked":"Pandora\u0027s Box"},{"not_picked":["Fusion Hammer","Eternal Feather"],"picked":"Lizard Tail"}],"items_purged_floors":[10,13],"is_endless":false,"potions_floor_spawned":[4,5,14,18,24,28,29,36,38,41,48],"ascension_level":11}