{"gold_per_floor":[12,27,27,41,41,41,57,57,57,57,90,100,134,99,99,197,197,197,197,6,0,0,0,30,30,30,30],"floor_reached":27,"playtime":10033,"items_purged":[],"score":344,"play_id":"eb536ffb-1bdd-4831-981d-55e55ea749e5","local_time":"20190202170650","is_ascension_mode":true,"campfire_choices":[{"data":"Sunder","floor":6,"key":"SMITH"},{"floor":8,"key":"REST"},{"floor":15,"key":"REST"},{"data":"1","floor":23,"key":"LIFT"},{"floor":25,"key":"REST"}],"neow_cost":"NO_GOLD","seed_source_timestamp":852401287630000,"circlet_count":0,"master_deck":["Strike_B","Strike_B","Strike_B","Strike_B","Defend_B","Defend_B","Defend_B","Defend_B","Zap+1","Dualcast","Seek","Rebound","Cold Snap","Sunder+1","Tempest","Self Repair","Tempest","Seek","Doom and Gloom","Shame","BootSequence+1"],"relics":["Cracked Core","The Courier","Darkstone Periapt","Orichalcum","Inserter","Pen Nib","Chemical X","Girya","Omamori","Molten Egg 2"],"potions_floor_usage":[11,18,24,24],"damage_taken":[{"damage":2,"enemies":"Jaw Worm","floor":1,"turns":3},{"damage":1,"enemies":"Cultist","floor":2,"turns":3},{"damage":3,"enemies":"2 Louse","floor":4,"turns":2},{"damage":9,"enemies":"Exordium Thugs","floor":7,"turns":3},{"damage":15,"enemies":"Lagavulin","floor":11,"turns":5},{"damage":7,"enemies":"3 Louse","floor":12,"turns":2},{"damage":20,"enemies":"Gremlin Nob","floor":13,"turns":4},{"damage":51,"enemies":"The Guardian","floor":16,"turns":9},{"damage":0,"enemies":"Shell Parasite","floor":18,"turns":1},{"damage":66,"enemies":"Book of Stabbing","floor":24,"turns":6},{"damage":39,"enemies":"Slavers","floor":27,"turns":3}],"seed_played":"6981646630658723899","potions_obtained":[{"floor":7,"key":"AttackPotion"},{"floor":12,"key":"SpeedPotion"},{"floor":13,"key":"Dexterity Potion"},{"floor":16,"key":"SmokeBomb"}],"is_trial":false,"path_per_floor":["M","M","?","M","$","R","M","R","T","$","E","M","E","?","R","B",null,"M","?","$","?","?","R","E","R","T","E"],"character_chosen":"DEFECT","items_purchased":["Chemical X","Doom and Gloom"],"campfire_rested":3,"item_purchase_floors":[20,20],"current_hp_per_floor":[66,65,65,62,62,62,53,75,75,75,60,53,33,51,73,29,64,64,64,64,64,70,70,11,35,35,0],"gold":30,"neow_bonus":"THREE_RARE_CARDS","is_prod":false,"is_daily":false,"chose_seed":false,"campfire_upgraded":1,"win_rate":0,"timestamp":1549123610,"path_taken":["M","M","?","M","$","R","M","R","T","$","E","?","E","?","R","BOSS","M","?","$","?","?","R","E","R","T","E"],"build_version":"2019-01-23","purchased_purges":0,"victory":false,"max_hp_per_floor":[75,75,75,75,75,75,75,75,75,75,75,75,75,75,75,75,75,75,75,75,75,81,81,81,81,81,81],"card_choices":[{"not_picked":["Meteor Strike","Reboot"],"picked":"Seek","floor":0},{"not_picked":["Barrage","Beam Cell"],"picked":"Rebound","floor":1},{"not_picked":["Steam Power","Consume"],"picked":"Cold Snap","floor":2},{"not_picked":["Streamline","Stack"],"picked":"Sunder","floor":4},{"not_picked":["Steam","Force Field","Go for the Eyes"],"picked":"SKIP","floor":7},{"not_picked":["Hello World","Compile Driver"],"picked":"Tempest","floor":11},{"not_picked":["Sunder","Turbo"],"picked":"Self Repair","floor":12},{"not_picked":["Heatsinks","Reprogram"],"picked":"Tempest","floor":13},{"not_picked":["Buffer","Echo Form"],"picked":"Seek","floor":16},{"not_picked":["Sweeping Beam+1","Chill"],"picked":"BootSequence+1","floor":24}],"player_experience":1393237,"relics_obtained":[{"floor":9,"key":"The Courier"},{"floor":11,"key":"Darkstone Periapt"},{"floor":13,"key":"Orichalcum"},{"floor":24,"key":"Omamori"},{"floor":26,"key":"Molten Egg 2"}],"event_choices":[{"damage_healed":0,"gold_gain":0,"player_choice":"Upgraded","damage_taken":0,"max_hp_gain":0,"max_hp_loss":0,"event_name":"Upgrade Shrine","floor":3,"gold_loss":0,"cards_upgraded":["Zap"]},{"damage_healed":18,"gold_gain":0,"player_choice":"Healed","damage_taken":0,"max_hp_gain":0,"max_hp_loss":0,"event_name":"The Cleric","floor":14,"gold_loss":35},{"damage_healed":0,"gold_gain":0,"player_choice":"Opened","damage_taken":0,"relics_obtained":["Pen Nib"],"max_hp_gain":0,"max_hp_loss":0,"event_name":"The Mausoleum","floor":19,"gold_loss":0},{"damage_healed":0,"gold_gain":0,"player_choice":"Paid Fearfully","damage_taken":0,"max_hp_gain":0,"max_hp_loss":0,"event_name":"Masked Bandits","floor":21,"gold_loss":6},{"damage_healed":0,"gold_gain":0,"player_choice":"Stole Relic","damage_taken":0,"relics_obtained":["Girya"],"max_hp_gain":0,"max_hp_loss":0,"event_name":"Addict","floor":22,"gold_loss":0,"cards_obtained":["Shame"]}],"is_beta":false,"boss_relics":[{"not_picked":["White Beast Statue","Empty Cage"],"picked":"Inserter"}],"items_purged_floors":[],"is_endless":false,"potions_floor_spawned":[7,12,13,16,18],"killed_by":"Slavers","ascension_level":9}