{"gold_per_floor":[112,112,126,76,76,111,111,144,171,202,202,229,245,294,294,392,392,409,390,406,424,24,24,49,0,0,0],"floor_reached":27,"playtime":1531,"items_purged":["Strike_G"],"score":341,"play_id":"3e98e7e2-d506-4b02-a5bf-d06d5eec2e06","local_time":"20190413094116","is_ascension_mode":true,"campfire_choices":[{"data":"Neutralize","floor":7,"key":"SMITH"},{"data":"Noxious Fumes","floor":11,"key":"SMITH"},{"floor":15,"key":"REST"},{"floor":23,"key":"REST"}],"neow_cost":"NONE","seed_source_timestamp":145337610552906,"circlet_count":0,"master_deck":["Defend_G","Defend_G","Defend_G","Defend_G","Defend_G","Strike_G","Strike_G","Survivor","Neutralize+1","Noxious Fumes+1","Heel Hook","Slice","Sucker Punch","Noxious Fumes+1","Reflex","Endless Agony","Footwork","A Thousand Cuts","Infinite Blades","Deflect","Dagger Spray+1","Backstab","Backflip"],"relics":["Ring of the Snake","NeowsBlessing","Juzu Bracelet","Strawberry","Smiling Mask","PreservedInsect","Bottled Tornado","Centennial Puzzle","Black Star","Snake Skull","Lantern","Happy Flower","Bottled Flame","Dodecahedron"],"potions_floor_usage":[8,16,20,21,24],"damage_taken":[{"damage":0,"enemies":"Jaw Worm","floor":1,"turns":1},{"damage":0,"enemies":"Cultist","floor":3,"turns":1},{"damage":0,"enemies":"Gremlin Nob","floor":6,"turns":1},{"damage":9,"enemies":"3 Sentries","floor":8,"turns":7},{"damage":7,"enemies":"Gremlin Nob","floor":10,"turns":4},{"damage":12,"enemies":"Lagavulin","floor":12,"turns":5},{"damage":3,"enemies":"Small Slimes","floor":13,"turns":3},{"damage":20,"enemies":"Slime Boss","floor":16,"turns":8},{"damage":23,"enemies":"3 Byrds","floor":18,"turns":4},{"damage":20,"enemies":"2 Thieves","floor":19,"turns":4},{"damage":19,"enemies":"3 Cultists","floor":20,"turns":4},{"damage":5,"enemies":"Snecko","floor":21,"turns":5},{"damage":26,"enemies":"Slavers","floor":24,"turns":3},{"damage":18,"enemies":"Gremlin Leader","floor":27,"turns":2}],"seed_played":"4046278950071182846","potions_obtained":[{"floor":1,"key":"FearPotion"},{"floor":6,"key":"Fire Potion"},{"floor":8,"key":"GhostInAJar"},{"floor":18,"key":"PowerPotion"},{"floor":19,"key":"FairyPotion"}],"is_trial":false,"path_per_floor":["M","?","M","?","?","E","R","E","T","E","R","E","M","T","R","B",null,"M","M","M","M","$","R","E","?","T","E"],"character_chosen":"THE_SILENT","items_purchased":["Snake Skull","Lantern","PowerPotion"],"campfire_rested":2,"item_purchase_floors":[22,22,22],"current_hp_per_floor":[70,70,70,70,70,70,70,68,68,61,61,49,46,46,69,49,77,54,34,15,10,10,33,7,7,7,0],"gold":0,"neow_bonus":"THREE_ENEMY_KILL","is_prod":false,"is_daily":false,"chose_seed":false,"campfire_upgraded":2,"win_rate":0,"timestamp":1555173676,"path_taken":["M","?","?","?","?","E","R","E","T","E","R","E","M","?","R","BOSS","M","M","M","M","$","R","E","?","T","E"],"build_version":"2019-01-23","purchased_purges":1,"victory":false,"max_hp_per_floor":[70,70,70,70,70,70,70,77,77,77,77,77,77,77,77,77,77,77,77,77,77,77,77,77,77,77,77],"card_choices":[{"not_picked":["Well Laid Plans","Setup"],"picked":"Noxious Fumes","floor":1},{"not_picked":["Setup","Flying Knee"],"picked":"Heel Hook","floor":3},{"not_picked":["All Out Attack","Deadly Poison"],"picked":"Sucker Punch","floor":6},{"not_picked":["Calculated Gamble","Dagger Throw"],"picked":"Noxious Fumes","floor":8},{"not_picked":["Quick Slash","Underhanded Strike"],"picked":"Reflex","floor":10},{"not_picked":["Phantasmal Killer","Masterful Stab"],"picked":"Endless Agony","floor":12},{"not_picked":["Poisoned Stab","Deadly Poison"],"picked":"Footwork","floor":13},{"not_picked":["Die Die Die","Wraith Form v2"],"picked":"A Thousand Cuts","floor":16},{"not_picked":["Sucker Punch","Predator+1"],"picked":"Infinite Blades","floor":18},{"not_picked":["Acrobatics","Calculated Gamble+1"],"picked":"Deflect","floor":19},{"not_picked":["Bane","Poisoned Stab"],"picked":"Dagger Spray+1","floor":20},{"not_picked":["All Out Attack","Caltrops+1"],"picked":"Backstab","floor":21},{"not_picked":["Underhanded Strike+1","Poisoned Stab+1"],"picked":"Backflip","floor":24}],"player_experience":1330097,"relics_obtained":[{"floor":6,"key":"Juzu Bracelet"},{"floor":8,"key":"Strawberry"},{"floor":9,"key":"Smiling Mask"},{"floor":10,"key":"PreservedInsect"},{"floor":12,"key":"Bottled Tornado"},{"floor":14,"key":"Centennial Puzzle"},{"floor":24,"key":"Happy Flower"},{"floor":24,"key":"Bottled Flame"},{"floor":26,"key":"Dodecahedron"}],"event_choices":[{"damage_healed":0,"gold_gain":0,"player_choice":"Upgraded","damage_taken":0,"max_hp_gain":0,"max_hp_loss":0,"event_name":"Upgrade Shrine","floor":2,"gold_loss":0,"cards_upgraded":["Noxious Fumes"]},{"cards_removed":["Strike_G"],"damage_healed":0,"gold_gain":0,"player_choice":"Card Removal","damage_taken":0,"max_hp_gain":0,"max_hp_loss":0,"event_name":"The Cleric","floor":4,"gold_loss":50},{"damage_healed":0,"gold_gain":0,"cards_transformed":["Strike_G"],"player_choice":"Change","damage_taken":0,"max_hp_gain":0,"max_hp_loss":0,"event_name":"Living Wall","floor":5,"gold_loss":0,"cards_obtained":["Slice"]},{"damage_healed":0,"gold_gain":0,"player_choice":"Paid Fearfully","damage_taken":0,"max_hp_gain":0,"max_hp_loss":0,"event_name":"Masked Bandits","floor":25,"gold_loss":49}],"is_beta":false,"boss_relics":[{"not_picked":["Orrery","WristBlade"],"picked":"Black Star"}],"items_purged_floors":[22],"is_endless":false,"potions_floor_spawned":[1,6,8,18,19],"killed_by":"Gremlin Leader","ascension_level":4}