{"gold_per_floor":[111,127,143,143,162,162,162,195,195,195],"floor_reached":10,"playtime":406,"items_purged":[],"score":88,"play_id":"f42f5825-23a7-4a5e-9235-6e7c111141c3","local_time":"20190122175620","is_ascension_mode":true,"campfire_choices":[{"data":"Hello World","floor":6,"key":"SMITH"}],"neow_cost":"NONE","seed_source_timestamp":1123254297440817,"circlet_count":0,"master_deck":["Strike_B","Strike_B","Strike_B","Defend_B","Defend_B","Defend_B","Defend_B","Zap","Dualcast","Defragment","Hello World+1","Tempest","Redo","Hologram"],"relics":["Cracked Core","NeowsBlessing","Question Card","Incense Burner","FossilizedHelix"],"potions_floor_usage":[10],"damage_taken":[{"damage":0,"enemies":"Cultist","floor":1,"turns":1},{"damage":0,"enemies":"Jaw Worm","floor":2,"turns":1},{"damage":0,"enemies":"2 Louse","floor":3,"turns":1},{"damage":14,"enemies":"Blue Slaver","floor":5,"turns":4},{"damage":40,"enemies":"3 Sentries","floor":8,"turns":6},{"damage":16,"enemies":"Gremlin Nob","floor":10,"turns":4}],"seed_played":"-3674387601429328248","potions_obtained":[{"floor":2,"key":"GamblersBrew"},{"floor":3,"key":"FearPotion"},{"floor":5,"key":"Weak Potion"}],"is_trial":false,"path_per_floor":["M","M","M","?","M","R","?","E","T","E"],"character_chosen":"DEFECT","items_purchased":[],"campfire_rested":0,"item_purchase_floors":[],"current_hp_per_floor":[68,68,68,68,54,54,47,7,7,0],"gold":195,"neow_bonus":"THREE_ENEMY_KILL","is_prod":false,"is_daily":false,"chose_seed":false,"campfire_upgraded":1,"win_rate":0,"timestamp":1548208580,"path_taken":["M","M","?","?","?","R","?","E","T","E"],"build_version":"2019-01-17v2","purchased_purges":0,"victory":false,"max_hp_per_floor":[75,75,75,75,75,75,75,75,75,75],"card_choices":[{"not_picked":["Beam Cell","Redo"],"picked":"Defragment","floor":1},{"not_picked":["Genetic Algorithm","Turbo"],"picked":"Hello World","floor":2},{"not_picked":["Stack","Rebound"],"picked":"Tempest","floor":3},{"not_picked":["Compile Driver","Doom and Gloom"],"picked":"Redo","floor":5},{"not_picked":["Compile Driver","Glacier","Streamline"],"picked":"Hologram","floor":8}],"player_experience":607054,"relics_obtained":[{"floor":8,"key":"Incense Burner"},{"floor":9,"key":"FossilizedHelix"}],"event_choices":[{"cards_removed":["Strike_B"],"damage_healed":0,"gold_gain":0,"player_choice":"Purged","damage_taken":0,"max_hp_gain":0,"max_hp_loss":0,"event_name":"Purifier","floor":4,"gold_loss":0},{"damage_healed":0,"gold_gain":0,"player_choice":"Success","damage_taken":7,"relics_obtained":["Question Card"],"max_hp_gain":0,"max_hp_loss":0,"event_name":"Scrap Ooze","floor":7,"gold_loss":0}],"is_beta":false,"boss_relics":[],"items_purged_floors":[],"is_endless":false,"potions_floor_spawned":[2,3,5],"killed_by":"Gremlin Nob","ascension_level":6}