{"path_per_floor":["M","?","M","?","M","R","M","R","T","?","E","M","M","M","R","B",null,"M","$","M","M","$","R","?","?","T","M","R","M","$","T","R","B",null,"M","$","?","$","M","R","M","?","T","R","M","?","R","M","R","B"],"character_chosen":"IRONCLAD","items_purchased":["Thread and Needle","Apotheosis"],"gold_per_floor":[113,113,133,133,146,146,160,160,160,335,362,377,396,408,408,511,511,524,138,128,148,48,48,48,48,48,63,63,75,75,124,124,223,223,235,44,44,44,55,55,74,74,149,149,160,160,160,173,173,173],"floor_reached":51,"campfire_rested":1,"playtime":2799,"current_hp_per_floor":[80,73,77,82,85,85,85,85,85,85,72,76,82,85,85,35,85,85,85,78,83,83,83,67,67,67,66,66,49,49,49,76,61,90,90,90,90,90,90,90,90,79,79,79,85,85,85,90,90,57],"items_purged":["Doubt","Strike_R"],"gold":173,"score":740,"play_id":"fea011fe-5eaa-437b-a48b-83d3cc2e3589","local_time":"20180328210417","is_prod":false,"is_daily":false,"is_ascension_mode":true,"campfire_upgraded":7,"timestamp":1522296257,"path_taken":["M","?","?","?","M","R","?","R","T","?","E","M","M","M","R","BOSS","M","$","M","M","$","R","?","?","T","M","R","M","$","?","R","BOSS","M","$","?","$","M","R","M","?","T","R","M","?","R","M","R","BOSS"],"build_version":"2018-03-22v2","purchased_purges":2,"victory":true,"master_deck":["Defend_R","Defend_R","Defend_R","Defend_R","Bash","Body Slam+1","Shrug It Off+1","Shrug It Off+1","Heavy Blade","Double Tap+1","Shrug It Off+1","Barricade+1","Body Slam+1","Uppercut+1","Body Slam+1","Juggernaut","Power Through+1","Apotheosis+1","Body Slam+1","Madness","Madness"],"max_hp_per_floor":[80,80,80,85,85,85,85,85,85,85,85,85,85,85,85,85,85,85,85,85,85,85,85,90,90,90,90,90,90,90,90,90,90,90,90,90,90,90,90,90,90,90,90,90,90,90,90,90,90,90],"relics":["Burning Blood","Torii","Bag of Preparation","Sozu","Thread and Needle","Peace Pipe","Bronze Scales","Lizard Tail","Toxic Egg 2"],"card_choices":[{"not_picked":["Armaments","True Grit"],"picked":"Body Slam","floor":1},{"not_picked":["Clothesline","Burning Pact"],"picked":"Shrug It Off","floor":3},{"not_picked":["Twin Strike","Clothesline"],"picked":"Shrug It Off","floor":5},{"not_picked":["Blood for Blood","Combust"],"picked":"Heavy Blade","floor":11},{"not_picked":["Flex","Rampage"],"picked":"Double Tap","floor":12},{"not_picked":["Combust","Wild Strike"],"picked":"Intimidate","floor":13},{"not_picked":["Flex","Headbutt"],"picked":"Shrug It Off","floor":14},{"not_picked":["Reaper","Immolate"],"picked":"Barricade","floor":16},{"not_picked":["Warcry","Fire Breathing"],"picked":"Body Slam","floor":20},{"not_picked":["Armaments","Havoc"],"picked":"Uppercut","floor":21},{"not_picked":["Warcry","Thunderclap"],"picked":"Body Slam","floor":29},{"not_picked":["Feed","Exhume"],"picked":"Juggernaut","floor":33},{"not_picked":["Sever Soul","Havoc"],"picked":"Power Through","floor":35},{"not_picked":["Flex","Uppercut"],"picked":"Body Slam","floor":39}],"player_experience":201692,"potions_floor_usage":[50,50,50],"damage_taken":[{"damage":5,"enemies":"2 Louse","floor":1,"turns":4},{"damage":2,"enemies":"Jaw Worm","floor":3,"turns":5},{"damage":1,"enemies":"Cultist","floor":5,"turns":5},{"damage":1,"enemies":"3 Louse","floor":7,"turns":4},{"damage":19,"enemies":"Gremlin Nob","floor":11,"turns":5},{"damage":2,"enemies":"Large Slime","floor":12,"turns":9},{"damage":0,"enemies":"Red Slaver","floor":13,"turns":4},{"damage":0,"enemies":"Looter","floor":14,"turns":4},{"damage":56,"enemies":"The Guardian","floor":16,"turns":21},{"damage":0,"enemies":"3 Byrds","floor":18,"turns":6},{"damage":13,"enemies":"2 Thieves","floor":20,"turns":4},{"damage":1,"enemies":"3 Cultists","floor":21,"turns":7},{"damage":7,"enemies":"Centurion and Healer","floor":27,"turns":5},{"damage":23,"enemies":"Chosen and Byrds","floor":29,"turns":9},{"damage":21,"enemies":"Automaton","floor":33,"turns":11},{"damage":1,"enemies":"3 Shapes","floor":35,"turns":6},{"damage":0,"enemies":"3 Darklings","floor":39,"turns":5},{"damage":6,"enemies":"Sphere and 2 Shapes","floor":41,"turns":5},{"damage":0,"enemies":"4 Shapes","floor":45,"turns":5},{"damage":1,"enemies":"3 Darklings","floor":48,"turns":4},{"damage":54,"enemies":"Time Eater","floor":50,"turns":11}],"event_choices":[{"event_name":"Golden Wing","player_choice":"Card Removal","floor":2,"damage_taken":0},{"event_name":"Big Fish","player_choice":"Donut","floor":4,"damage_taken":0},{"event_name":"Liars Game","player_choice":"agreed","floor":10,"damage_taken":0},{"event_name":"Forgotten Altar","player_choice":"Shed Blood","floor":24,"damage_taken":0},{"event_name":"Drug Dealer","player_choice":"Ignored","floor":25,"damage_taken":0},{"event_name":"Winding Halls","player_choice":"Embrace Madness","floor":42,"damage_taken":0},{"event_name":"Upgrade Shrine","player_choice":"Upgraded","floor":46,"damage_taken":0}],"boss_relics":[{"not_picked":["Tiny House","Runic Cube"],"picked":"Sozu"},{"not_picked":["Calling Bell","Black Blood"],"picked":"Lizard Tail"}],"potions_floor_spawned":[5,11,12,16,29,33,45,48],"seed_played":"7357373045853625718","ascension_level":3,"is_trial":false}