{"gold_per_floor":[117,117,192,117,127,127,39,65,65,65,76,94,94,152,152,225,225,240,258,258,258,258,258,270,270,270,299,299,376,396,596,596,669,669,680,691,299,299,317,317],"floor_reached":40,"playtime":1033,"items_purged":["Strike_B"],"score":854,"play_id":"8e880030-d6bb-4301-bce5-f18c04fe8cbf","local_time":"20190513224539","is_ascension_mode":true,"campfire_choices":[{"data":"Zap","floor":6.0,"key":"SMITH"},{"data":"Defragment","floor":13.0,"key":"SMITH"},{"floor":15.0,"key":"REST"},{"data":"Fusion","floor":23.0,"key":"SMITH"},{"floor":25.0,"key":"REST"},{"floor":28.0,"key":"REST"},{"floor":32.0,"key":"REST"}],"neow_cost":"NONE","seed_source_timestamp":0,"circlet_count":0,"master_deck":["AscendersBane","Dualcast","Turbo","Tempest","Defragment+1","Heatsinks","Ball Lightning","Biased Cognition","Cold Snap","Reboot","All For One","Fusion+1","Creative AI","Conserve Battery","Compile Driver","Go for the Eyes","Sunder","Leap+1","Electrodynamics","Heatsinks+1","Capacitor+1","Electrodynamics+1","Defragment+1","Hologram","Conserve Battery","Aggregate","Turbo","Recycle","Capacitor","Static Discharge","Heatsinks"],"special_seed":0,"relics":["Cracked Core","NeowsBlessing","Du-Vu Doll","The Courier","Mercury Hourglass","Pandora\u0027s Box","Calipers","Shuriken","Tiny Chest","Astrolabe","Bag of Preparation"],"potions_floor_usage":[],"damage_taken":[{"damage":0.0,"enemies":"Small Slimes","floor":1.0,"turns":1.0},{"damage":0.0,"enemies":"Jaw Worm","floor":5.0,"turns":1.0},{"damage":0.0,"enemies":"3 Sentries","floor":8.0,"turns":1.0},{"damage":6.0,"enemies":"2 Louse","floor":11.0,"turns":2.0},{"damage":1.0,"enemies":"Looter","floor":12.0,"turns":3.0},{"damage":18.0,"enemies":"Lagavulin Event","floor":14.0,"turns":5.0},{"damage":11.0,"enemies":"The Guardian","floor":16.0,"turns":8.0},{"damage":12.0,"enemies":"3 Byrds","floor":18.0,"turns":3.0},{"damage":2.0,"enemies":"Spheric Guardian","floor":19.0,"turns":3.0},{"damage":23.0,"enemies":"Centurion and Healer","floor":24.0,"turns":4.0},{"damage":17.0,"enemies":"Gremlin Leader","floor":27.0,"turns":5.0},{"damage":12.0,"enemies":"Snake Plant","floor":30.0,"turns":4.0},{"damage":2.0,"enemies":"Champ","floor":33.0,"turns":13.0},{"damage":20.0,"enemies":"Orb Walker","floor":35.0,"turns":4.0},{"damage":13.0,"enemies":"3 Darklings","floor":36.0,"turns":2.0},{"damage":24.0,"enemies":"Writhing Mass","floor":39.0,"turns":7.0},{"damage":22,"enemies":"Maw","floor":40,"turns":2}],"seed_played":"-32222456622486443","potions_obtained":[{"floor":1.0,"key":"EssenceOfSteel"},{"floor":8.0,"key":"SpeedPotion"},{"floor":14.0,"key":"SpeedPotion"},{"floor":18.0,"key":"FocusPotion"},{"floor":27.0,"key":"EntropicBrew"},{"floor":33.0,"key":"FairyPotion"},{"floor":36.0,"key":"Block Potion"}],"is_trial":false,"path_per_floor":["M","?","?","$","M","R","$","E","T","T","M","M","R","?","R","B",null,"M","M","?","?","?","R","M","R","T","E","R","T","M","?","R","B",null,"M","M","$","T","M","M"],"character_chosen":"DEFECT","items_purchased":["Defragment","Hologram","Conserve Battery","Aggregate","Turbo","Recycle","Capacitor","Static Discharge","Heatsinks"],"campfire_rested":4,"item_purchase_floors":[7,37,37,37,37,37,37,37,37],"current_hp_per_floor":[64,43,32,32,32,32,32,32,32,32,26,25,25,7,28,17,58,46,44,44,44,24,24,1,23,23,6,28,28,16,16,38,36,66,46,33,33,33,9,0],"gold":317,"neow_bonus":"THREE_ENEMY_KILL","is_prod":false,"is_daily":false,"chose_seed":false,"campfire_upgraded":3,"win_rate":0,"timestamp":1557758739,"path_taken":["M","?","?","?","M","R","$","E","T","?","M","M","R","?","R","BOSS","M","M","?","?","?","R","M","R","T","E","R","?","M","?","R","BOSS","M","?","?","?","M","M"],"build_version":"2019-01-23","purchased_purges":1,"victory":false,"max_hp_per_floor":[71,71,71,71,71,71,71,71,71,71,71,71,71,71,71,71,71,71,71,71,71,76,76,76,76,76,76,76,76,76,76,76,76,76,76,76,76,76,76,76],"card_choices":[{"not_picked":["Gash","Coolheaded"],"picked":"Turbo","floor":1.0},{"not_picked":["Loop","Beam Cell"],"picked":"Tempest","floor":5.0},{"not_picked":["Scrape","Steam"],"picked":"Cold Snap","floor":8.0},{"not_picked":["Sweeping Beam","Stack"],"picked":"Melter","floor":11.0},{"not_picked":["Hologram","Cold Snap"],"picked":"Heatsinks","floor":12.0},{"not_picked":["Beam Cell","Streamline"],"picked":"Ball Lightning","floor":14.0},{"not_picked":["Reboot","All For One"],"picked":"Biased Cognition","floor":16.0},{"not_picked":["Leap","Conserve Battery"],"picked":"Compile Driver","floor":18.0},{"not_picked":["Doom and Gloom","Beam Cell"],"picked":"Go for the Eyes","floor":19.0},{"not_picked":["Stack","Hologram+1"],"picked":"Sunder","floor":24.0},{"not_picked":["Stack","FTL"],"picked":"Leap+1","floor":27.0},{"not_picked":["Barrage","Conserve Battery","Beam Cell"],"picked":"SKIP","floor":30.0},{"not_picked":["Reboot","All For One"],"picked":"Electrodynamics","floor":33.0},{"not_picked":["Compile Driver","Sunder+1","Hello World+1"],"picked":"SKIP","floor":35.0},{"not_picked":["Rebound+1","Beam Cell"],"picked":"Defragment+1","floor":36.0},{"not_picked":["FTL+1","Sweeping Beam","Compile Driver"],"picked":"SKIP","floor":39.0}],"player_experience":1656954,"relics_obtained":[{"floor":8.0,"key":"Du-Vu Doll"},{"floor":10.0,"key":"The Courier"},{"floor":14.0,"key":"Mercury Hourglass"},{"floor":26.0,"key":"Calipers"},{"floor":27.0,"key":"Shuriken"},{"floor":29.0,"key":"Tiny Chest"},{"floor":38.0,"key":"Bag of Preparation"}],"event_choices":[{"damage_healed":0.0,"max_hp_gain":0.0,"max_hp_loss":0.0,"gold_gain":0.0,"event_name":"Shining Light","player_choice":"Entered Light","floor":2.0,"gold_loss":0.0,"damage_taken":21.0,"cards_upgraded":["Defend_B","Strike_B"]},{"damage_healed":0.0,"max_hp_gain":0.0,"max_hp_loss":0.0,"gold_gain":75.0,"event_name":"World of Goop","player_choice":"Gather Gold","floor":3.0,"gold_loss":0.0,"damage_taken":11.0},{"damage_healed":0.0,"max_hp_gain":0.0,"max_hp_loss":0.0,"gold_gain":30.0,"event_name":"Dead Adventurer","player_choice":"Searched \u00272\u0027 times","floor":14.0,"gold_loss":0.0,"damage_taken":0.0},{"cards_removed":["Hyperbeam"],"damage_healed":0.0,"max_hp_gain":0.0,"max_hp_loss":0.0,"gold_gain":0.0,"event_name":"Back to Basics","player_choice":"Elegance","floor":20.0,"gold_loss":0.0,"damage_taken":0.0},{"damage_healed":0.0,"max_hp_gain":0.0,"max_hp_loss":0.0,"gold_gain":0.0,"event_name":"Vampires","player_choice":"Ignored","floor":21.0,"gold_loss":0.0,"damage_taken":0.0},{"damage_healed":0.0,"max_hp_gain":5.0,"max_hp_loss":0.0,"gold_gain":0.0,"event_name":"Forgotten Altar","player_choice":"Shed Blood","floor":22.0,"gold_loss":0.0,"damage_taken":25.0},{"damage_healed":0.0,"max_hp_gain":0.0,"max_hp_loss":0.0,"gold_gain":250.0,"event_name":"The Joust","player_choice":"Bet on Owner","floor":31.0,"gold_loss":50.0,"damage_taken":0.0}],"is_beta":false,"boss_relics":[{"not_picked":["Empty Cage","Lizard Tail"],"picked":"Pandora\u0027s Box"},{"not_picked":["Cursed Key","Nuclear Battery"],"picked":"Astrolabe"}],"items_purged_floors":[4],"is_endless":false,"potions_floor_spawned":[1,8,12,14,18,27,33,36],"killed_by":"Maw","ascension_level":20}