{"gold_per_floor":[109,109,122,122,197,224,224,224,224,238,249,249,267,301,301,405,405,419,419,436,455,258,258,277,6,6,23,23,39,39,52,52,149,149,160,1159,638,638,19,19,44,61,85,85,85,85,85,102,102,102],"floor_reached":50,"playtime":3212,"items_purged":["Normality","Normality"],"score":819,"play_id":"f678bdea-7fe1-4bfb-8b81-5bda021daf7b","local_time":"20190421213233","is_ascension_mode":true,"campfire_choices":[{"data":"Adrenaline","floor":7,"key":"SMITH"},{"floor":12,"key":"REST"},{"data":"Noxious Fumes","floor":15,"key":"SMITH"},{"floor":23,"key":"REST"},{"floor":30,"key":"REST"},{"floor":32,"key":"REST"},{"data":"Bouncing Flask","floor":40,"key":"SMITH"},{"floor":45,"key":"REST"},{"floor":47,"key":"REST"},{"floor":49,"key":"REST"}],"neow_cost":"NONE","seed_source_timestamp":13595795980231,"circlet_count":0,"master_deck":["Defend_G","Defend_G","Defend_G","Defend_G","Defend_G+1","Strike_G","Strike_G","Strike_G","Survivor+1","Neutralize","Tactician","Reflex","Adrenaline+1","Dash","Catalyst","Riddle With Holes","Noxious Fumes+1","Venomology","PiercingWail","Skewer","Cloak And Dagger","Deadly Poison+1","Noxious Fumes","Acrobatics","Calculated Gamble","Dark Shackles","Venomology","Dash","Heel Hook+1","Acrobatics","Catalyst","Glass Knife","Bouncing Flask+1","Noxious Fumes","Predator","Good Instincts","PiercingWail","Prepared","Bullet Time","Bouncing Flask","Reflex","Dark Shackles","Deflect"],"relics":["Ring of the Snake","NeowsBlessing","Snake Skull","Blood Vial","Lantern","Nunchaku","Lizard Tail","Kunai","Runic Pyramid","OrangePellets","TwistedFunnel","Potion Belt","Orichalcum","Art of War"],"potions_floor_usage":[14,15,16,18,18,20,20,20,21,24,27,27,29,29,29,31,31,33,33,33,33,41,41,42,42,50,50,50,50,50,50],"damage_taken":[{"damage":0,"enemies":"2 Louse","floor":1,"turns":1},{"damage":0,"enemies":"Jaw Worm","floor":3,"turns":1},{"damage":0,"enemies":"Lagavulin","floor":6,"turns":1},{"damage":0,"enemies":"Small Slimes","floor":10,"turns":4},{"damage":2,"enemies":"Exordium Wildlife","floor":11,"turns":6},{"damage":0,"enemies":"2 Fungi Beasts","floor":13,"turns":5},{"damage":7,"enemies":"3 Sentries","floor":14,"turns":8},{"damage":39,"enemies":"Slime Boss","floor":16,"turns":10},{"damage":37,"enemies":"Spheric Guardian","floor":18,"turns":11},{"damage":1,"enemies":"Chosen","floor":20,"turns":6},{"damage":38,"enemies":"Snake Plant","floor":21,"turns":6},{"damage":26,"enemies":"Shelled Parasite and Fungi","floor":24,"turns":5},{"damage":12,"enemies":"3 Cultists","floor":27,"turns":5},{"damage":14,"enemies":"Snake Plant","floor":29,"turns":4},{"damage":1,"enemies":"Snecko","floor":31,"turns":4},{"damage":39,"enemies":"Champ","floor":33,"turns":7},{"damage":6,"enemies":"Orb Walker","floor":35,"turns":5},{"damage":51,"enemies":"Giant Head","floor":41,"turns":7},{"damage":0,"enemies":"3 Darklings","floor":42,"turns":3},{"damage":14,"enemies":"Writhing Mass","floor":48,"turns":4},{"damage":77,"enemies":"Awakened One","floor":50,"turns":10}],"seed_played":"-8272214007121549628","potions_obtained":[{"floor":1,"key":"GamblersBrew"},{"floor":3,"key":"Explosive Potion"},{"floor":11,"key":"Ancient Potion"},{"floor":14,"key":"Fruit Juice"},{"floor":16,"key":"Weak Potion"},{"floor":18,"key":"Block Potion"},{"floor":27,"key":"Swift Potion"},{"floor":29,"key":"Poison Potion"},{"floor":31,"key":"FearPotion"},{"floor":42,"key":"PowerPotion"}],"is_trial":false,"path_per_floor":["M","?","M","?","?","E","R","?","T","M","M","R","M","E","R","B",null,"M","?","M","M","$","R","M","$","T","M","?","M","R","M","R","B",null,"M","?","$","?","$","R","E","M","T","?","R","?","R","M","R","B"],"character_chosen":"THE_SILENT","items_purchased":["Noxious Fumes","Regen Potion","Acrobatics","Dark Shackles","Venomology","Dash","Noxious Fumes","Predator","Good Instincts","OrangePellets","TwistedFunnel","Potion Belt","Prepared","Bullet Time"],"campfire_rested":7,"item_purchase_floors":[22,22,22,25,25,25,37,37,37,37,39,39,39,39],"current_hp_per_floor":[63,49,49,42,31,31,31,24,24,26,26,47,49,44,49,12,59,24,24,25,29,29,51,42,42,42,32,32,20,42,43,65,43,67,63,63,63,63,63,63,14,16,16,16,38,38,59,47,68,0],"gold":102,"neow_bonus":"THREE_ENEMY_KILL","is_prod":false,"is_daily":false,"chose_seed":false,"campfire_upgraded":3,"win_rate":0,"timestamp":1555907553,"path_taken":["M","?","M","?","?","E","R","?","T","?","M","R","M","E","R","BOSS","M","?","?","M","$","R","M","$","T","?","?","M","R","M","R","BOSS","M","?","$","?","$","R","E","?","T","?","R","?","R","M","R","BOSS"],"build_version":"2019-01-23","purchased_purges":2,"victory":false,"max_hp_per_floor":[70,70,70,70,70,70,70,70,70,70,70,70,70,70,75,75,75,75,75,75,75,75,75,75,75,75,75,75,75,75,75,75,75,75,75,75,75,75,75,75,75,75,75,75,75,71,71,71,71,71],"card_choices":[{"not_picked":["Flying Knee","Slice"],"picked":"Tactician","floor":1},{"not_picked":["Poisoned Stab","Blade Dance"],"picked":"Reflex","floor":3},{"not_picked":["Backflip","Poisoned Stab"],"picked":"Adrenaline","floor":6},{"not_picked":["Underhanded Strike","Masterful Stab"],"picked":"Dash","floor":10},{"not_picked":["Underhanded Strike","Cloak And Dagger"],"picked":"Catalyst","floor":11},{"not_picked":["Prepared","Slice"],"picked":"Riddle With Holes","floor":13},{"not_picked":["Sucker Punch","Dagger Throw"],"picked":"Noxious Fumes","floor":14},{"not_picked":["Tools of the Trade","Night Terror"],"picked":"Venomology","floor":16},{"not_picked":["Quick Slash","All Out Attack"],"picked":"PiercingWail","floor":18},{"not_picked":["Dagger Spray","Prepared"],"picked":"Cloak And Dagger","floor":20},{"not_picked":["Dodge and Roll","Blade Dance+1"],"picked":"Deadly Poison+1","floor":21},{"not_picked":["Escape Plan","Bane+1"],"picked":"Calculated Gamble","floor":24},{"not_picked":["Bane+1","Poisoned Stab"],"picked":"Heel Hook+1","floor":27},{"not_picked":["Skewer","Bane+1"],"picked":"Acrobatics","floor":29},{"not_picked":["Setup","Choke"],"picked":"Catalyst","floor":31},{"not_picked":["Grand Finale","Doppelganger"],"picked":"Glass Knife","floor":33},{"not_picked":["Slice+1","Flying Knee+1"],"picked":"Bouncing Flask","floor":35},{"not_picked":["Caltrops+1","Acrobatics+1"],"picked":"Bouncing Flask","floor":41},{"not_picked":["Cloak And Dagger","Quick Slash+1"],"picked":"Reflex","floor":42},{"not_picked":["Madness","Secret Weapon"],"picked":"Dark Shackles","floor":44},{"not_picked":["Cloak And Dagger","Poisoned Stab"],"picked":"Deflect","floor":48}],"player_experience":1416558,"relics_obtained":[{"floor":6,"key":"Blood Vial"},{"floor":9,"key":"Lantern"},{"floor":14,"key":"Nunchaku"},{"floor":26,"key":"Kunai"},{"floor":41,"key":"Orichalcum"},{"floor":43,"key":"Art of War"}],"event_choices":[{"damage_healed":0,"gold_gain":0,"player_choice":"Entered Light","damage_taken":14,"max_hp_gain":0,"max_hp_loss":0,"event_name":"Shining Light","floor":2,"gold_loss":0,"cards_upgraded":["Survivor","Defend_G"]},{"damage_healed":0,"gold_gain":0,"player_choice":"Success","damage_taken":7,"relics_obtained":["Snake Skull"],"max_hp_gain":0,"max_hp_loss":0,"event_name":"Scrap Ooze","floor":4,"gold_loss":0},{"damage_healed":0,"gold_gain":75,"player_choice":"Gather Gold","damage_taken":11,"max_hp_gain":0,"max_hp_loss":0,"event_name":"World of Goop","floor":5,"gold_loss":0},{"cards_removed":["Strike_G"],"damage_healed":0,"gold_gain":0,"player_choice":"Card Removal","damage_taken":7,"max_hp_gain":0,"max_hp_loss":0,"event_name":"Golden Wing","floor":8,"gold_loss":0},{"damage_healed":0,"gold_gain":0,"cards_transformed":["Strike_G"],"player_choice":"Transformed","damage_taken":0,"max_hp_gain":0,"max_hp_loss":0,"event_name":"Transmorgrifier","floor":19,"gold_loss":0,"cards_obtained":["Skewer"]},{"damage_healed":0,"gold_gain":0,"player_choice":"Ignored","damage_taken":0,"max_hp_gain":0,"max_hp_loss":0,"event_name":"Beggar","floor":28,"gold_loss":0},{"damage_healed":0,"gold_gain":999,"player_choice":"Gold","damage_taken":0,"max_hp_gain":0,"max_hp_loss":0,"event_name":"MindBloom","floor":36,"gold_loss":0,"cards_obtained":["Normality","Normality"]},{"damage_healed":0,"gold_gain":0,"player_choice":"1 cards matched","damage_taken":0,"max_hp_gain":0,"max_hp_loss":0,"event_name":"Match and Keep!","floor":38,"gold_loss":0,"cards_obtained":["PiercingWail"]},{"damage_healed":0,"gold_gain":0,"player_choice":"Memory 1","damage_taken":0,"max_hp_gain":0,"max_hp_loss":0,"event_name":"SensoryStone","floor":44,"gold_loss":0},{"damage_healed":0,"gold_gain":0,"player_choice":"Max HP","damage_taken":0,"max_hp_gain":0,"max_hp_loss":4,"event_name":"Winding Halls","floor":46,"gold_loss":0}],"is_beta":false,"boss_relics":[{"not_picked":["Sozu","WristBlade"],"picked":"Lizard Tail"},{"not_picked":["Empty Cage","Runic Dome"],"picked":"Runic Pyramid"}],"items_purged_floors":[37,39],"is_endless":false,"potions_floor_spawned":[1,3,11,14,16,18,27,29,31,42],"killed_by":"Awakened One","ascension_level":9}