{"gold_per_floor":[368,379,28,47,61,61,74,74,100,134,153,181,201,212,212,314,314,330,341,158,158,178,207,217,217,217,217,246,63,94,105,105,207,207,222,240,240,240,340,340,37,51,51,85,85,101,22,22],"floor_reached":48,"playtime":6796,"items_purged":["Strike_G","Strike_G","Strike_G","Strike_G"],"score":744,"play_id":"6c63d2c9-625d-44dc-b81f-b0325f36babd","local_time":"20190429222052","is_ascension_mode":true,"campfire_choices":[{"data":"Noxious Fumes","floor":6.0,"key":"SMITH"},{"data":"Neutralize","floor":8.0,"key":"SMITH"},{"data":"Cloak And Dagger","floor":15.0,"key":"SMITH"},{"floor":25.0,"key":"REST"},{"floor":27.0,"key":"REST"},{"floor":32.0,"key":"REST"},{"data":"Strike_G","floor":40.0,"key":"PURGE"}],"neow_cost":"TEN_PERCENT_HP_LOSS","seed_source_timestamp":0,"circlet_count":0,"master_deck":["Defend_G","Defend_G","Defend_G","Defend_G","Defend_G","Survivor","Neutralize+1","PiercingWail","Leg Sweep","Well Laid Plans","Quick Slash+1","Infinite Blades","Noxious Fumes+1","Poisoned Stab+1","Cloak And Dagger+1","Noxious Fumes","Acrobatics","Die Die Die+1","Backstab+1","Backflip","Well Laid Plans","Dodge and Roll","Backflip","Dodge and Roll","Catalyst","Malaise","Footwork","Caltrops","Backflip","After Image","Deadly Poison+1","Concentrate+1","Flying Knee+1","Heel Hook+1","Parasite","PiercingWail","Endless Agony+1","Blur"],"special_seed":0,"relics":["Ring of the Snake","Molten Egg 2","Centennial Puzzle","Smiling Mask","Anchor","Fusion Hammer","Darkstone Periapt","The Courier","Bottled Lightning","Bottled Tornado","WristBlade","Peace Pipe","Singing Bowl","Incense Burner"],"potions_floor_usage":[46,46,48],"damage_taken":[{"damage":0.0,"enemies":"Cultist","floor":1.0,"turns":4.0},{"damage":1.0,"enemies":"Small Slimes","floor":2.0,"turns":5.0},{"damage":0.0,"enemies":"Jaw Worm","floor":4.0,"turns":3.0},{"damage":3.0,"enemies":"Looter","floor":5.0,"turns":3.0},{"damage":0.0,"enemies":"2 Fungi Beasts","floor":7.0,"turns":4.0},{"damage":4.0,"enemies":"Lagavulin","floor":10.0,"turns":8.0},{"damage":0.0,"enemies":"Blue Slaver","floor":11.0,"turns":4.0},{"damage":6.0,"enemies":"Gremlin Nob","floor":12.0,"turns":4.0},{"damage":1.0,"enemies":"3 Louse","floor":13.0,"turns":3.0},{"damage":0.0,"enemies":"Exordium Thugs","floor":14.0,"turns":4.0},{"damage":26.0,"enemies":"Slime Boss","floor":16.0,"turns":10.0},{"damage":1.0,"enemies":"2 Thieves","floor":18.0,"turns":4.0},{"damage":0.0,"enemies":"Shell Parasite","floor":19.0,"turns":4.0},{"damage":14.0,"enemies":"Sentry and Sphere","floor":22.0,"turns":6.0},{"damage":18.0,"enemies":"Gremlin Leader","floor":23.0,"turns":6.0},{"damage":8.0,"enemies":"Centurion and Healer","floor":24.0,"turns":5.0},{"damage":13.0,"enemies":"Book of Stabbing","floor":28.0,"turns":6.0},{"damage":18.0,"enemies":"Slavers","floor":30.0,"turns":4.0},{"damage":0.0,"enemies":"Cultist and Chosen","floor":31.0,"turns":6.0},{"damage":13.0,"enemies":"Automaton","floor":33.0,"turns":11.0},{"damage":4.0,"enemies":"3 Shapes","floor":35.0,"turns":5.0},{"damage":8.0,"enemies":"Orb Walker","floor":36.0,"turns":5.0},{"damage":2.0,"enemies":"Mind Bloom Boss Battle","floor":39.0,"turns":6.0},{"damage":7.0,"enemies":"Writhing Mass","floor":42.0,"turns":8.0},{"damage":14.0,"enemies":"Nemesis","floor":44.0,"turns":9.0},{"damage":17,"enemies":"Sphere and 2 Shapes","floor":46,"turns":5},{"damage":26,"enemies":"Reptomancer","floor":48,"turns":3}],"seed_played":"4108380094512738882","potions_obtained":[{"floor":1.0,"key":"Explosive Potion"},{"floor":12.0,"key":"Strength Potion"},{"floor":14.0,"key":"SkillPotion"},{"floor":18.0,"key":"Swift Potion"},{"floor":44,"key":"Energy Potion"},{"floor":46,"key":"EssenceOfSteel"}],"is_trial":false,"path_per_floor":["M","M","$","M","M","R","M","R","T","E","M","E","M","M","R","B",null,"M","M","$","?","M","E","M","R","T","R","E","$","E","M","R","B",null,"M","M","?","?","?","R","$","M","T","E","?","M","$","E"],"character_chosen":"THE_SILENT","items_purchased":["Molten Egg 2","Well Laid Plans","Quick Slash+1","Backflip","Well Laid Plans","Footwork","Caltrops","Backflip","Singing Bowl","Heel Hook+1","Blur"],"campfire_rested":3,"item_purchase_floors":[3,3,3,20,20,29,29,29,41,41,47],"current_hp_per_floor":[63,62,62,62,59,59,59,59,59,55,55,49,48,48,48,22,53,52,52,52,52,38,20,12,30,30,48,35,35,17,17,35,22,53,49,41,41,41,39,39,39,40,40,26,28,11,11,0],"gold":22,"neow_bonus":"TWO_FIFTY_GOLD","is_prod":false,"is_daily":false,"chose_seed":false,"campfire_upgraded":3,"win_rate":0,"timestamp":1556601652,"path_taken":["M","M","$","M","M","R","M","R","T","E","M","E","?","M","R","BOSS","M","?","$","?","M","E","M","R","T","R","E","?","E","M","R","BOSS","M","M","?","?","?","R","$","M","T","E","?","M","?","E"],"build_version":"2019-01-23","purchased_purges":4,"victory":false,"max_hp_per_floor":[63,63,63,63,63,63,63,63,63,63,63,63,63,63,63,63,63,63,63,63,63,63,63,63,63,63,63,63,63,63,63,63,63,63,63,63,60,60,60,60,60,68,68,68,70,70,70,70],"card_choices":[{"not_picked":["Calculated Gamble","Acrobatics"],"picked":"PiercingWail","floor":1.0},{"not_picked":["Acrobatics","Dagger Throw"],"picked":"Leg Sweep","floor":2.0},{"not_picked":["Accuracy","Eviscerate+1"],"picked":"Infinite Blades","floor":4.0},{"not_picked":["Acrobatics","Underhanded Strike+1"],"picked":"Noxious Fumes","floor":5.0},{"not_picked":["Crippling Poison","Outmaneuver"],"picked":"Poisoned Stab+1","floor":7.0},{"not_picked":["Blade Dance","Crippling Poison"],"picked":"Sucker Punch+1","floor":10.0},{"not_picked":["Slice+1","Unload+1"],"picked":"Cloak And Dagger","floor":11.0},{"not_picked":["Backflip","Blade Dance"],"picked":"Noxious Fumes","floor":12.0},{"not_picked":["Cloak And Dagger","Sucker Punch+1","Flying Knee+1"],"picked":"SKIP","floor":13.0},{"not_picked":["Slice+1","Cloak And Dagger"],"picked":"Acrobatics","floor":14.0},{"not_picked":["Doppelganger","Storm of Steel"],"picked":"Die Die Die+1","floor":16.0},{"not_picked":["Tactician","Slice+1"],"picked":"Backstab+1","floor":18.0},{"not_picked":["Infinite Blades","Poisoned Stab+1","Quick Slash+1"],"picked":"SKIP","floor":19.0},{"not_picked":["Prepared","Tactician"],"picked":"Backflip","floor":22.0},{"not_picked":["Leg Sweep","All Out Attack+1"],"picked":"Dodge and Roll","floor":23.0},{"not_picked":["Flying Knee+1","Backflip"],"picked":"Catalyst","floor":24.0},{"not_picked":["Choke+1","Backstab+1"],"picked":"Malaise","floor":28.0},{"not_picked":["Dagger Throw+1","Accuracy+1","Dodge and Roll"],"picked":"SKIP","floor":30.0},{"not_picked":["Quick Slash+1","Terror","Underhanded Strike+1"],"picked":"SKIP","floor":31.0},{"not_picked":["Phantasmal Killer","Unload+1"],"picked":"After Image","floor":33.0},{"not_picked":["Sucker Punch+1","Dagger Throw+1"],"picked":"Deadly Poison+1","floor":35.0},{"not_picked":["Setup+1","Underhanded Strike+1"],"picked":"Concentrate+1","floor":36.0},{"not_picked":["Dodge and Roll+1","Blur"],"picked":"Flying Knee+1","floor":39.0},{"not_picked":["Dagger Throw+1","Choke+1","Tactician"],"picked":"Singing Bowl","floor":42.0},{"not_picked":["Prepared","Backstab+1"],"picked":"PiercingWail","floor":44},{"not_picked":["Deep Breath","Dramatic Entrance+1","Good Instincts"],"picked":"Singing Bowl","floor":45},{"not_picked":["Heel Hook+1","A Thousand Cuts"],"picked":"Endless Agony+1","floor":46}],"player_experience":407303,"relics_obtained":[{"floor":9.0,"key":"Centennial Puzzle"},{"floor":10.0,"key":"Smiling Mask"},{"floor":12.0,"key":"Anchor"},{"floor":23.0,"key":"Darkstone Periapt"},{"floor":26.0,"key":"The Courier"},{"floor":28.0,"key":"Bottled Lightning"},{"floor":30.0,"key":"Bottled Tornado"},{"floor":39.0,"key":"Peace Pipe"},{"floor":44,"key":"Incense Burner"}],"event_choices":[{"damage_healed":0.0,"max_hp_gain":0.0,"max_hp_loss":0.0,"gold_gain":0.0,"event_name":"The Library","player_choice":"Read","floor":21.0,"gold_loss":0.0,"damage_taken":0.0,"cards_obtained":["Dodge and Roll"]},{"damage_healed":0.0,"max_hp_gain":0.0,"max_hp_loss":3.0,"gold_gain":0.0,"event_name":"Winding Halls","player_choice":"Max HP","floor":37.0,"gold_loss":0.0,"damage_taken":0.0},{"cards_removed":["Sucker Punch"],"damage_healed":0.0,"max_hp_gain":0.0,"max_hp_loss":0.0,"gold_gain":0.0,"event_name":"Falling","player_choice":"Removed Attack","floor":38.0,"gold_loss":0.0,"damage_taken":0.0},{"damage_healed":0.0,"max_hp_gain":0.0,"max_hp_loss":0.0,"gold_gain":0.0,"event_name":"MindBloom","player_choice":"Fight","floor":39.0,"gold_loss":0.0,"damage_taken":0.0},{"damage_healed":0,"gold_gain":0,"player_choice":"Memory 1","damage_taken":0,"max_hp_gain":0,"max_hp_loss":0,"event_name":"SensoryStone","floor":45,"gold_loss":0}],"is_beta":false,"boss_relics":[{"not_picked":["Astrolabe","Busted Crown"],"picked":"Fusion Hammer"},{"not_picked":["Velvet Choker","Coffee Dripper"],"picked":"WristBlade"}],"items_purged_floors":[20,29,41,47],"is_endless":false,"potions_floor_spawned":[1,12,14,18,24,30,31,42,44,46],"killed_by":"Reptomancer","ascension_level":6}