{"gold_per_floor":[109,109,284,359,634,646,64,64,111,125,152,172,172,18,18,141,141,160,160,183,183,206,206,245,245,297,30,51,74,74,87,87,87],"floor_reached":33,"playtime":1063,"items_purged":[],"score":524,"play_id":"367d619b-80e1-4c29-bb70-2a013a53c386","local_time":"20190503155602","is_ascension_mode":true,"campfire_choices":[{"floor":8,"key":"REST"},{"floor":15,"key":"REST"},{"floor":23,"key":"REST"},{"floor":25,"key":"REST"},{"floor":32,"key":"REST"}],"neow_cost":"NONE","seed_source_timestamp":1364338601471700,"circlet_count":0,"master_deck":["AscendersBane","Strike_B","Strike_B+1","Strike_B","Strike_B+1","Defend_B","Defend_B","Defend_B","Defend_B","Zap","Dualcast","Cold Snap","Regret","Doubt","Regret","Chill","Mayhem","Sunder+1","Melter+1","BootSequence","Conserve Battery","Injury","Hyperbeam+1","Static Discharge+1","Double Energy","Conserve Battery+1","Apotheosis","Jack Of All Trades","Hologram+1","Fission"],"relics":["Cracked Core","Whetstone","Regal Pillow","Pen Nib","Vajra","Golden Idol","Strawberry","Fusion Hammer","Nloth\u0027s Gift","Symbiotic Virus","Boot"],"potions_floor_usage":[16,16,19,22,24,29],"damage_taken":[{"damage":7,"enemies":"Jaw Worm","floor":1,"turns":4},{"damage":5,"enemies":"Small Slimes","floor":6,"turns":2},{"damage":11,"enemies":"2 Louse","floor":10,"turns":2},{"damage":38,"enemies":"Lagavulin","floor":11,"turns":6},{"damage":19,"enemies":"Red Slaver","floor":12,"turns":4},{"damage":41,"enemies":"Hexaghost","floor":16,"turns":9},{"damage":1,"enemies":"3 Byrds","floor":18,"turns":3},{"damage":18,"enemies":"Colosseum Slavers","floor":19,"turns":3},{"damage":0,"enemies":"Chosen","floor":20,"turns":3},{"damage":0,"enemies":"Sentry and Sphere","floor":22,"turns":2},{"damage":65,"enemies":"Slavers","floor":24,"turns":5},{"damage":8,"enemies":"Centurion and Healer","floor":28,"turns":6},{"damage":5,"enemies":"Cultist and Chosen","floor":29,"turns":5},{"damage":21,"enemies":"Shelled Parasite and Fungi","floor":31,"turns":5},{"damage":75,"enemies":"Collector","floor":33,"turns":10}],"seed_played":"2983078189384138687","potions_obtained":[{"floor":11,"key":"AttackPotion"},{"floor":12,"key":"Fire Potion"},{"floor":16,"key":"SkillPotion"},{"floor":18,"key":"Fire Potion"},{"floor":22,"key":"GamblersBrew"},{"floor":28,"key":"SteroidPotion"}],"is_trial":false,"path_per_floor":["M","?","?","?","?","M","$","R","T","M","E","M","?","$","R","B",null,"M","?","M","?","M","R","E","R","T","$","M","M","$","M","R","B"],"character_chosen":"DEFECT","items_purchased":["Molten Egg 2","Mayhem","Sunder+1","Melter+1","Strawberry","Apotheosis","Jack Of All Trades"],"campfire_rested":5,"item_purchase_floors":[7,7,7,7,14,27,27],"current_hp_per_floor":[61,61,61,50,50,45,45,75,75,64,26,7,7,14,53,12,65,64,46,46,46,46,82,17,56,56,56,48,43,43,22,61,0],"gold":87,"neow_bonus":"RANDOM_COMMON_RELIC","is_prod":false,"is_daily":false,"chose_seed":false,"campfire_upgraded":0,"win_rate":0,"timestamp":1556891762,"path_taken":["M","?","?","?","?","M","$","R","T","M","E","?","?","?","R","BOSS","M","?","M","?","M","R","E","R","T","$","M","?","?","M","R","BOSS"],"build_version":"2019-01-23","purchased_purges":0,"victory":false,"max_hp_per_floor":[75,75,75,75,75,75,75,75,75,75,75,75,75,82,82,82,82,82,82,82,82,82,82,82,82,82,82,82,82,82,82,82,82],"card_choices":[{"not_picked":["Stack","Turbo"],"picked":"Cold Snap","floor":1},{"not_picked":["Leap","Reprogram"],"picked":"Chill","floor":6},{"not_picked":["Redo","Hello World"],"picked":"BootSequence","floor":10},{"not_picked":["Chaos","Leap","Conserve Battery"],"picked":"SKIP","floor":11},{"not_picked":["Redo","Steam"],"picked":"Conserve Battery","floor":12},{"not_picked":["Electrodynamics","Thunder Strike+1"],"picked":"Hyperbeam+1","floor":16},{"not_picked":["Streamline+1","Conserve Battery"],"picked":"Static Discharge+1","floor":18},{"not_picked":["Consume","Redo"],"picked":"Double Energy","floor":20},{"not_picked":["FTL","Ball Lightning","Steam Power"],"picked":"SKIP","floor":22},{"not_picked":["Reinforced Body","Melter"],"picked":"Conserve Battery+1","floor":24},{"not_picked":["Redo+1","Streamline"],"picked":"Hologram+1","floor":28},{"not_picked":["Gash","Stack"],"picked":"Fission","floor":29},{"not_picked":["Conserve Battery","Go for the Eyes+1","Ball Lightning"],"picked":"SKIP","floor":31}],"player_experience":1797444,"relics_obtained":[{"floor":9,"key":"Pen Nib"},{"floor":11,"key":"Vajra"},{"floor":24,"key":"Symbiotic Virus"},{"floor":26,"key":"Boot"}],"event_choices":[{"damage_healed":0,"gold_gain":0,"player_choice":"Box","damage_taken":0,"relics_obtained":["Regal Pillow"],"max_hp_gain":0,"max_hp_loss":0,"event_name":"Big Fish","floor":2,"gold_loss":0,"cards_obtained":["Regret"]},{"damage_healed":0,"gold_gain":175,"player_choice":"AGREE","damage_taken":0,"max_hp_gain":0,"max_hp_loss":0,"event_name":"Liars Game","floor":3,"gold_loss":0,"cards_obtained":["Doubt"]},{"damage_healed":0,"gold_gain":75,"player_choice":"Gather Gold","damage_taken":11,"max_hp_gain":0,"max_hp_loss":0,"event_name":"World of Goop","floor":4,"gold_loss":0},{"damage_healed":0,"gold_gain":275,"player_choice":"Desecrate","damage_taken":0,"max_hp_gain":0,"max_hp_loss":0,"event_name":"Golden Shrine","floor":5,"gold_loss":0,"cards_obtained":["Regret"]},{"damage_healed":0,"gold_gain":0,"player_choice":"Take Wound","damage_taken":0,"relics_obtained":["Golden Idol"],"max_hp_gain":0,"max_hp_loss":0,"event_name":"Golden Idol","floor":13,"gold_loss":0,"cards_obtained":["Injury"]},{"damage_healed":0,"gold_gain":0,"player_choice":"Fight","damage_taken":0,"max_hp_gain":0,"max_hp_loss":0,"event_name":"Colosseum","floor":19,"gold_loss":0},{"damage_healed":0,"gold_gain":0,"player_choice":"Fled From Nobs","damage_taken":0,"max_hp_gain":0,"max_hp_loss":0,"event_name":"Colosseum","floor":19,"gold_loss":0},{"damage_healed":0,"gold_gain":0,"player_choice":"Traded Relic","damage_taken":0,"relics_obtained":["Nloth\u0027s Gift"],"max_hp_gain":0,"max_hp_loss":0,"event_name":"N\u0027loth","floor":21,"relics_lost":["Molten Egg 2"],"gold_loss":0}],"is_beta":false,"boss_relics":[{"not_picked":["Snecko Eye","Cursed Key"],"picked":"Fusion Hammer"}],"items_purged_floors":[],"is_endless":false,"potions_floor_spawned":[11,12,16,18,19,22,28],"killed_by":"Collector","ascension_level":12}