{"gold_per_floor":[13,13,13,30,47,47,65,80,80,92,43,43,55,55],"floor_reached":14,"playtime":420,"items_purged":[],"score":126,"play_id":"07bb0549-9b52-4aaa-8414-e398fde44634","local_time":"20181014003812","is_ascension_mode":true,"campfire_choices":[{"floor":12,"key":"REST"}],"neow_cost":"NO_GOLD","seed_source_timestamp":165133673187500,"circlet_count":0,"master_deck":["Strike_B","Strike_B","Strike_B","Strike_B","Defend_B","Defend_B","Defend_B+1","Defend_B","Zap","Dualcast","Sweeping Beam","Regret","Capacitor","Gash+1","Stack","Streamline","Multi-Cast","Gash"],"relics":["Cracked Core","Potion Belt","Ancient Tea Set"],"potions_floor_usage":[5,10,13],"damage_taken":[{"damage":7,"enemies":"Jaw Worm","floor":1,"turns":3},{"damage":13,"enemies":"Small Slimes","floor":4,"turns":4},{"damage":8,"enemies":"2 Louse","floor":5,"turns":2},{"damage":12,"enemies":"2 Fungi Beasts","floor":7,"turns":3},{"damage":18,"enemies":"3 Louse","floor":8,"turns":4},{"damage":4,"enemies":"Looter","floor":10,"turns":5},{"damage":40,"enemies":"Exordium Thugs","floor":13,"turns":5},{"damage":2,"enemies":"Blue Slaver","floor":14,"turns":1}],"seed_played":"-5154955800535700539","potions_obtained":[{"floor":5,"key":"Fruit Juice"},{"floor":8,"key":"SkillPotion"},{"floor":10,"key":"FearPotion"}],"is_trial":false,"path_per_floor":["M","?","?","M","M","?","M","M","T","M","$","R","M"],"character_chosen":"DEFECT","items_purchased":["Gash"],"campfire_rested":1,"item_purchase_floors":[11],"current_hp_per_floor":[82,82,82,69,66,47,35,17,17,13,13,41,1,0],"gold":55,"neow_bonus":"TWENTY_PERCENT_HP_BONUS","is_prod":false,"is_daily":false,"chose_seed":false,"campfire_upgraded":0,"win_rate":0,"timestamp":1539470292,"path_taken":["M","?","?","M","M","?","M","M","T","M","?","R","?","M"],"build_version":"2018-10-11","purchased_purges":0,"victory":false,"max_hp_per_floor":[89,89,89,89,94,94,94,94,94,94,94,94,94,94],"card_choices":[{"not_picked":["Turbo","Stack"],"picked":"Sweeping Beam","floor":1},{"not_picked":["Force Field","Gash"],"picked":"Capacitor","floor":4},{"not_picked":["Reprogram","Cold Snap"],"picked":"Gash","floor":5},{"not_picked":["Rebound","Storm"],"picked":"Stack","floor":7},{"not_picked":["Compile Driver","Cold Snap"],"picked":"Streamline","floor":8},{"not_picked":["Reprogram","Beam Cell"],"picked":"Multi-Cast","floor":10},{"not_picked":["Skim","Stack","Hello World"],"picked":"SKIP","floor":13}],"player_experience":708787,"relics_obtained":[{"floor":9,"key":"Ancient Tea Set"}],"event_choices":[{"event_name":"The Cleric","player_choice":"Leave","floor":2,"damage_taken":0},{"event_name":"Big Fish","player_choice":"Box","floor":3,"damage_taken":0},{"event_name":"Shining Light","player_choice":"Entered Light","floor":6,"damage_taken":0}],"is_beta":false,"boss_relics":[],"items_purged_floors":[],"is_endless":false,"potions_floor_spawned":[5,8,10],"killed_by":"Blue Slaver","ascension_level":4}