{"path_per_floor":["M","?","?","$","$","R","M","E","T","R","?","M","?","M","R","B",null,"M","?","M","?","$"],"character_chosen":"THE_SILENT","items_purchased":["Noxious Fumes","Backflip","Footwork","Strawberry"],"gold_per_floor":[117,117,117,48,24,24,36,68,95,95,75,90,90,105,105,229,229,253,253,272,272,40,40],"floor_reached":23,"campfire_rested":1,"playtime":998,"current_hp_per_floor":[70,63,63,63,63,63,63,39,39,60,60,58,58,58,58,37,70,49,49,47,47,54,0],"items_purged":[],"gold":40,"score":250,"play_id":"224f492c-b099-491f-ba90-522b4ebd1da4","local_time":"20180404212631","is_prod":false,"is_daily":false,"is_ascension_mode":true,"campfire_upgraded":2,"timestamp":1522902391,"path_taken":["M","?","?","?","$","R","M","E","T","R","?","M","?","M","R","BOSS","M","?","M","?","$","E"],"build_version":"2018-03-29v2","purchased_purges":0,"victory":false,"master_deck":["Defend_G","Defend_G","Defend_G","Defend_G","Defend_G","Survivor","Neutralize","Backflip","Bouncing Flask","Glass Knife+1","Noxious Fumes+1","Backflip","Dagger Throw","Dagger Spray","Dagger Throw","Injury","Leg Sweep","Burst","Crippling Poison+1","Bite","Bite","Bite","Bite","Bite","Malaise+1","Footwork"],"max_hp_per_floor":[70,70,70,70,70,70,70,70,70,70,70,70,70,70,70,70,70,70,49,49,49,56,56],"relics":["Ring of the Snake","Pantograph","Juzu Bracelet","Golden Idol","Philosopher\u0027s Stone","Strawberry"],"card_choices":[{"not_picked":["Flying Knee","Quick Slash"],"picked":"Backflip","floor":0},{"not_picked":["Prepared","Deadly Poison"],"picked":"Bouncing Flask","floor":1},{"not_picked":["Quick Slash","Cloak And Dagger"],"picked":"Dagger Throw","floor":7},{"not_picked":["Doppelganger","Poisoned Stab"],"picked":"Dagger Spray","floor":8},{"not_picked":["Slice","Dodge and Roll"],"picked":"Dagger Throw","floor":12},{"not_picked":["Slice","Dodge and Roll"],"picked":"Leg Sweep","floor":14},{"not_picked":["Phantasmal Killer","Storm of Steel"],"picked":"Burst","floor":16},{"not_picked":["Quick Slash","Backflip"],"picked":"Crippling Poison","floor":18},{"not_picked":["All Out Attack","Blur"],"picked":"Malaise","floor":20}],"player_experience":206623,"potions_floor_usage":[16,16],"damage_taken":[{"damage":0,"enemies":"Cultist","floor":1,"turns":4},{"damage":0,"enemies":"Small Slimes","floor":7,"turns":3},{"damage":24,"enemies":"Gremlin Nob","floor":8,"turns":4},{"damage":2,"enemies":"2 Louse","floor":12,"turns":2},{"damage":0,"enemies":"Large Slime","floor":14,"turns":4},{"damage":48,"enemies":"Hexaghost","floor":16,"turns":9},{"damage":21,"enemies":"3 Byrds","floor":18,"turns":4},{"damage":4,"enemies":"Chosen","floor":20,"turns":6},{"damage":60,"enemies":"Gremlin Leader","floor":23,"turns":4}],"event_choices":[{"event_name":"Golden Wing","player_choice":"Card Removal","floor":2,"damage_taken":0},{"event_name":"Match and Keep!","player_choice":"1 cards matched","floor":3,"damage_taken":0},{"event_name":"The Woman in Blue","player_choice":"Bought 1 Potion","floor":11,"damage_taken":0},{"event_name":"Golden Idol","player_choice":"Take Wound","floor":13,"damage_taken":0},{"event_name":"Vampires","player_choice":"Became a vampire","floor":19,"damage_taken":0},{"event_name":"Ghosts","player_choice":"Ignored","floor":21,"damage_taken":0}],"boss_relics":[{"not_picked":["Calling Bell","White Beast Statue"],"picked":"Philosopher\u0027s Stone"}],"potions_floor_spawned":[1,8,14],"seed_played":"-412105814928532131","killed_by":"Gremlin Leader","ascension_level":4,"is_trial":false}