{"gold_per_floor":[122,145,91,113,11,11,36,36,36,48,81,81,81,101,101,206,206,226,226,76,76,91,91,181,181,257,290,305,305],"floor_reached":29,"playtime":1468,"items_purged":["Strike_G"],"score":326,"play_id":"ad2dba31-83e1-4afd-aaf6-16ef0e53b2c3","local_time":"20190224184938","is_ascension_mode":true,"campfire_choices":[{"data":"Noxious Fumes","floor":6,"key":"SMITH"},{"floor":8,"key":"REST"},{"floor":12,"key":"REST"},{"floor":15,"key":"REST"},{"floor":23,"key":"REST"},{"floor":25,"key":"REST"}],"neow_cost":"NONE","seed_source_timestamp":26666905576524,"circlet_count":0,"master_deck":["Defend_G","Defend_G","Defend_G","Defend_G","Defend_G","Strike_G","Strike_G","Strike_G","Strike_G","Survivor","Neutralize","Backstab","Cloak And Dagger","Noxious Fumes+1","Dash","Backflip","Acrobatics","Bullet Time","Dagger Spray","Well Laid Plans","Accuracy","Outmaneuver","Terror+1","Cloak And Dagger","Infinite Blades","Dagger Spray","Endless Agony+1","Prepared+1"],"relics":["Ring of the Snake","MawBank","Mercury Hourglass","Singing Bowl","Gremlin Horn","Pear","Orrery","Ninja Scroll","Blue Candle"],"potions_floor_usage":[16,27,27,28],"damage_taken":[{"damage":0,"enemies":"Small Slimes","floor":1,"turns":3},{"damage":0,"enemies":"Cultist","floor":2,"turns":5},{"damage":0,"enemies":"2 Louse","floor":4,"turns":2},{"damage":21,"enemies":"3 Sentries","floor":7,"turns":7},{"damage":4,"enemies":"Large Slime","floor":10,"turns":5},{"damage":35,"enemies":"Gremlin Nob","floor":11,"turns":5},{"damage":0,"enemies":"Exordium Wildlife","floor":14,"turns":3},{"damage":18,"enemies":"The Guardian","floor":16,"turns":12},{"damage":32,"enemies":"Spheric Guardian","floor":18,"turns":6},{"damage":13,"enemies":"Shell Parasite","floor":22,"turns":5},{"damage":3,"enemies":"Gremlin Leader","floor":27,"turns":5},{"damage":49,"enemies":"Cultist and Chosen","floor":28,"turns":5},{"damage":9,"enemies":"Shelled Parasite and Fungi","floor":29,"turns":3}],"seed_played":"4077016600752086862","potions_obtained":[{"floor":1,"key":"Dexterity Potion"},{"floor":11,"key":"Fire Potion"},{"floor":16,"key":"Block Potion"},{"floor":18,"key":"Explosive Potion"},{"floor":22,"key":"SkillPotion"}],"is_trial":false,"path_per_floor":["M","M","?","M","$","R","E","R","T","M","E","R","$","M","R","B",null,"M","?","$","?","M","R","?","R","T","E","M","M"],"character_chosen":"THE_SILENT","items_purchased":["Noxious Fumes","Cloak And Dagger","Infinite Blades","Dagger Spray"],"campfire_rested":5,"item_purchase_floors":[5,20,20,20],"current_hp_per_floor":[70,70,70,70,70,70,49,70,70,68,43,67,67,67,82,64,84,52,52,52,36,23,49,33,59,59,56,9,0],"gold":305,"neow_bonus":"RANDOM_COMMON_RELIC","is_prod":false,"is_daily":false,"chose_seed":false,"campfire_upgraded":1,"win_rate":0,"timestamp":1551062978,"path_taken":["M","M","?","M","$","R","E","R","T","M","E","R","?","?","R","BOSS","M","?","$","?","?","R","?","R","T","E","?","M"],"build_version":"2019-01-23","purchased_purges":1,"victory":false,"max_hp_per_floor":[70,70,70,70,70,70,70,70,70,72,82,82,82,82,82,82,84,84,84,84,89,89,89,89,89,89,89,91,91],"card_choices":[{"not_picked":["Leg Sweep","Dodge and Roll"],"picked":"Backstab","floor":1},{"not_picked":["Masterful Stab","Poisoned Stab","Setup"],"picked":"SKIP","floor":2},{"not_picked":["Dagger Throw","Eviscerate"],"picked":"Cloak And Dagger","floor":4},{"not_picked":["Eviscerate","Acrobatics"],"picked":"Dash","floor":7},{"not_picked":["Flying Knee","Endless Agony","Dodge and Roll"],"picked":"Singing Bowl","floor":10},{"not_picked":["Prepared","Endless Agony"],"picked":"Backflip","floor":11},{"not_picked":["Dagger Throw","Catalyst"],"picked":"Acrobatics","floor":14},{"not_picked":["Phantasmal Killer","Glass Knife"],"picked":"Bullet Time","floor":16},{"not_picked":["Flechettes","Deadly Poison"],"picked":"Dagger Spray","floor":17},{"not_picked":["Expertise","Reflex","Catalyst"],"picked":"Singing Bowl","floor":17},{"not_picked":["Cloak And Dagger","Outmaneuver"],"picked":"Well Laid Plans","floor":17},{"not_picked":["Acrobatics","Underhanded Strike"],"picked":"Accuracy","floor":17},{"not_picked":["Acrobatics","Deadly Poison"],"picked":"Outmaneuver","floor":17},{"not_picked":["Slice","Dodge and Roll"],"picked":"Terror+1","floor":18},{"not_picked":["Outmaneuver","Heel Hook"],"picked":"Endless Agony+1","floor":22},{"not_picked":["Caltrops","Skewer"],"picked":"Prepared+1","floor":27},{"not_picked":["Leg Sweep","Outmaneuver","Crippling Poison+1"],"picked":"Singing Bowl","floor":28}],"player_experience":262772,"relics_obtained":[{"floor":7,"key":"Singing Bowl"},{"floor":9,"key":"Gremlin Horn"},{"floor":11,"key":"Pear"},{"floor":26,"key":"Ninja Scroll"},{"floor":27,"key":"Blue Candle"}],"event_choices":[{"damage_healed":0,"gold_gain":0,"player_choice":"Paid Gold","damage_taken":0,"relics_obtained":["Mercury Hourglass"],"max_hp_gain":0,"max_hp_loss":0,"event_name":"WeMeetAgain","floor":3,"gold_loss":66},{"damage_healed":0,"gold_gain":0,"player_choice":"Ignored","damage_taken":0,"max_hp_gain":0,"max_hp_loss":0,"event_name":"Ghosts","floor":19,"gold_loss":0},{"damage_healed":0,"gold_gain":0,"player_choice":"Shed Blood","damage_taken":21,"max_hp_gain":5,"max_hp_loss":0,"event_name":"Forgotten Altar","floor":21,"gold_loss":0},{"damage_healed":0,"gold_gain":90,"player_choice":"GOLD ","damage_taken":16,"max_hp_gain":0,"max_hp_loss":0,"event_name":"Knowing Skull","floor":24,"potions_obtained":[],"gold_loss":0,"cards_obtained":[]}],"is_beta":false,"boss_relics":[{"not_picked":["Ring of the Serpent","Runic Dome"],"picked":"Orrery"}],"items_purged_floors":[5],"is_endless":false,"potions_floor_spawned":[1,11,16,18,22],"killed_by":"Shelled Parasite and Fungi","ascension_level":4}