{"gold_per_floor":[219,219,38,38,49,49,77,77,77,77,87,107,25,43,43,148,148,161,171,198,123,123,123,123,137,164,182,192,211,211,239,239,339,339,357,377,477,487,63,63,63,81,152,166,13,13,29,40,40,40],"floor_reached":51,"playtime":3244,"items_purged":["Strike_R","Strike_R"],"score":925,"play_id":"e86e8ecb-31cd-4657-bda3-fa8be786c27f","local_time":"20190512004058","is_ascension_mode":true,"campfire_choices":[{"data":"Bash","floor":6.0,"key":"SMITH"},{"data":"Thunderclap","floor":8.0,"key":"SMITH"},{"data":"True Grit","floor":10.0,"key":"SMITH"},{"data":"Armaments","floor":15.0,"key":"SMITH"},{"floor":23.0,"key":"REST"},{"floor":30.0,"key":"REST"},{"floor":32.0,"key":"REST"},{"floor":40,"key":"REST"},{"floor":46,"key":"REST"},{"floor":49,"key":"REST"}],"neow_cost":"NONE","seed_source_timestamp":0,"circlet_count":0,"master_deck":["Strike_R","Defend_R","Defend_R","Defend_R","Defend_R","Bash+1","Thunderclap+1","Shrug It Off","Metallicize","True Grit+1","Clothesline","Disarm","Feel No Pain","Armaments+1","Reaper","Burning Pact","Feel No Pain","RitualDagger","True Grit+1","Shockwave","Double Tap","Rampage","Shrug It Off","Juggernaut","Feel No Pain+1","Power Through+1","Body Slam+1","Master of Strategy","Offering","Shrug It Off","Fiend Fire"],"special_seed":0,"relics":["Burning Blood","Vajra","Potion Belt","Blue Candle","Fusion Hammer","Red Mask","Blood Vial","Lantern","Mark of Pain","Mango","Meat on the Bone"],"potions_floor_usage":[50,50,50],"damage_taken":[{"damage":5.0,"enemies":"Cultist","floor":1.0,"turns":5.0},{"damage":0.0,"enemies":"2 Louse","floor":5.0,"turns":3.0},{"damage":31.0,"enemies":"3 Sentries","floor":7.0,"turns":12.0},{"damage":0.0,"enemies":"Small Slimes","floor":11.0,"turns":3.0},{"damage":0.0,"enemies":"3 Louse","floor":12.0,"turns":2.0},{"damage":0.0,"enemies":"Blue Slaver","floor":14.0,"turns":6.0},{"damage":61.0,"enemies":"Slime Boss","floor":16.0,"turns":17.0},{"damage":0.0,"enemies":"Chosen","floor":18.0,"turns":6.0},{"damage":4.0,"enemies":"Shell Parasite","floor":19.0,"turns":8.0},{"damage":92.0,"enemies":"Masked Bandits","floor":20.0,"turns":8.0},{"damage":15.0,"enemies":"Centurion and Healer","floor":25.0,"turns":13.0},{"damage":26.0,"enemies":"Snecko","floor":27.0,"turns":9.0},{"damage":15.0,"enemies":"3 Cultists","floor":28.0,"turns":6.0},{"damage":17.0,"enemies":"Shelled Parasite and Fungi","floor":29.0,"turns":9.0},{"damage":57.0,"enemies":"Book of Stabbing","floor":31.0,"turns":11.0},{"damage":53.0,"enemies":"Collector","floor":33.0,"turns":18.0},{"damage":40,"enemies":"3 Darklings","floor":35,"turns":6},{"damage":4,"enemies":"3 Shapes","floor":36,"turns":7},{"damage":10,"enemies":"Mind Bloom Boss Battle","floor":37,"turns":10},{"damage":51,"enemies":"Transient","floor":38,"turns":5},{"damage":34,"enemies":"Maw","floor":42,"turns":10},{"damage":6,"enemies":"Spire Growth","floor":44,"turns":7},{"damage":30,"enemies":"Transient","floor":47,"turns":5},{"damage":6,"enemies":"Maw","floor":48,"turns":7},{"damage":58,"enemies":"Awakened One","floor":50,"turns":16}],"seed_played":"-2807298943671428550","potions_obtained":[{"floor":11.0,"key":"Poison Potion"},{"floor":14.0,"key":"Swift Potion"},{"floor":19.0,"key":"FearPotion"},{"floor":20.0,"key":"Weak Potion"},{"floor":28.0,"key":"Dexterity Potion"},{"floor":31.0,"key":"Swift Potion"},{"floor":33.0,"key":"SpeedPotion"},{"floor":35,"key":"EssenceOfSteel"},{"floor":36,"key":"SneckoOil"}],"is_trial":false,"path_per_floor":["M","?","$","?","M","R","E","R","T","R","M","M","$","M","R","B",null,"M","M","?","?","?","R","?","M","T","M","M","M","R","E","R","B",null,"M","M","?","M","$","R","?","M","T","M","$","R","M","M","R","B",null],"character_chosen":"IRONCLAD","items_purchased":["Vajra","Shrug It Off","Feel No Pain","Master of Strategy","Offering","Shrug It Off"],"campfire_rested":6,"item_purchase_floors":[3,3,13,39,39,45],"current_hp_per_floor":[73,66,66,66,72,72,47,47,47,47,53,59,59,65,65,10,63,74,80,9,9,9,33,27,30,30,21,41,40,64,21,45,12,63,52,77,94,58,58,86,86,67,67,69,69,89,65,67,89,56],"gold":40,"neow_bonus":"HUNDRED_GOLD","is_prod":false,"is_daily":false,"chose_seed":false,"campfire_upgraded":4,"win_rate":0,"timestamp":1557646858,"path_taken":["M","?","$","?","M","R","E","R","T","R","M","M","$","M","R","BOSS","M","M","?","?","?","R","?","M","T","M","M","M","R","E","R","BOSS","M","M","?","M","$","R","?","M","T","M","$","R","M","M","R","BOSS"],"build_version":"2019-01-23","purchased_purges":2,"victory":true,"max_hp_per_floor":[80,80,80,80,80,80,80,80,80,80,80,80,80,80,80,80,80,80,80,80,80,80,80,80,80,80,80,80,80,80,80,80,80,80,80,80,94,94,94,94,89,89,89,89,89,89,89,89,89,89],"card_choices":[{"not_picked":["Sword Boomerang","Havoc"],"picked":"Thunderclap","floor":1.0},{"not_picked":["Carnage","Cleave"],"picked":"Metallicize","floor":5.0},{"not_picked":["Intimidate","Clash"],"picked":"True Grit","floor":7.0},{"not_picked":["Body Slam","Sever Soul"],"picked":"Clothesline","floor":11.0},{"not_picked":["Bloodletting","Body Slam"],"picked":"Disarm","floor":12.0},{"not_picked":["Headbutt","Warcry"],"picked":"Armaments","floor":14.0},{"not_picked":["Offering","Exhume"],"picked":"Reaper","floor":16.0},{"not_picked":["Anger","Wild Strike"],"picked":"Burning Pact","floor":18.0},{"not_picked":["Havoc","Bludgeon","Thunderclap"],"picked":"SKIP","floor":19.0},{"not_picked":["Wild Strike","Perfected Strike"],"picked":"Feel No Pain","floor":20.0},{"not_picked":["Corruption","Twin Strike"],"picked":"True Grit+1","floor":25.0},{"not_picked":["Hemokinesis","Combust"],"picked":"Shockwave","floor":27.0},{"not_picked":["Clash","Corruption"],"picked":"Double Tap","floor":28.0},{"not_picked":["Wild Strike","Headbutt"],"picked":"Rampage","floor":29.0},{"not_picked":["Body Slam+1","Havoc"],"picked":"Shrug It Off","floor":31.0},{"not_picked":["Berserk","Offering"],"picked":"Juggernaut","floor":33.0},{"not_picked":["Corruption","Armaments+1","Flex+1"],"picked":"SKIP","floor":35},{"not_picked":["Anger","Ghostly Armor+1"],"picked":"Feel No Pain+1","floor":36},{"not_picked":["Pommel Strike","Anger"],"picked":"Power Through+1","floor":37},{"not_picked":["True Grit+1","Thunderclap+1"],"picked":"Body Slam+1","floor":38},{"not_picked":["Body Slam+1","Armaments","Havoc"],"picked":"SKIP","floor":42},{"not_picked":["Cleave+1","Clothesline","Power Through"],"picked":"SKIP","floor":44},{"not_picked":["Wild Strike","Perfected Strike"],"picked":"Fiend Fire","floor":47},{"not_picked":["Anger","Spot Weakness+1","Fire Breathing"],"picked":"SKIP","floor":48}],"player_experience":456945,"relics_obtained":[{"floor":7.0,"key":"Potion Belt"},{"floor":9.0,"key":"Blue Candle"},{"floor":20.0,"key":"Red Mask"},{"floor":26.0,"key":"Blood Vial"},{"floor":31.0,"key":"Lantern"},{"floor":37,"key":"Mango"},{"floor":43,"key":"Meat on the Bone"}],"event_choices":[{"cards_removed":["Strike_R"],"damage_healed":0.0,"max_hp_gain":0.0,"max_hp_loss":0.0,"gold_gain":0.0,"event_name":"Golden Wing","player_choice":"Card Removal","floor":2.0,"gold_loss":0.0,"damage_taken":7.0},{"damage_healed":0.0,"max_hp_gain":0.0,"max_hp_loss":0.0,"gold_gain":0.0,"event_name":"The Cleric","player_choice":"Leave","floor":4.0,"gold_loss":0.0,"damage_taken":0.0},{"damage_healed":0.0,"max_hp_gain":0.0,"max_hp_loss":0.0,"gold_gain":0.0,"event_name":"Masked Bandits","player_choice":"Fought Bandits","floor":20.0,"gold_loss":0.0,"damage_taken":0.0},{"cards_removed":["Strike_R"],"damage_healed":0.0,"max_hp_gain":0.0,"max_hp_loss":0.0,"gold_gain":0.0,"event_name":"Beggar","player_choice":"Gave Gold","floor":21.0,"gold_loss":75.0,"damage_taken":0.0},{"damage_healed":0.0,"max_hp_gain":0.0,"max_hp_loss":0.0,"gold_gain":0.0,"event_name":"Vampires","player_choice":"Ignored","floor":22.0,"gold_loss":0.0,"damage_taken":0.0},{"damage_healed":0.0,"max_hp_gain":0.0,"max_hp_loss":0.0,"gold_gain":0.0,"event_name":"Nest","player_choice":"Joined the Cult","floor":24.0,"gold_loss":0.0,"damage_taken":6.0,"cards_obtained":["RitualDagger"]},{"damage_healed":0,"gold_gain":0,"player_choice":"Fight","damage_taken":0,"max_hp_gain":0,"max_hp_loss":0,"event_name":"MindBloom","floor":37,"gold_loss":0},{"damage_healed":0,"gold_gain":0,"player_choice":"Max HP","damage_taken":0,"max_hp_gain":0,"max_hp_loss":5,"event_name":"Winding Halls","floor":41,"gold_loss":0}],"is_beta":false,"boss_relics":[{"not_picked":["Calling Bell","Coffee Dripper"],"picked":"Fusion Hammer"},{"not_picked":["Velvet Choker","Empty Cage"],"picked":"Mark of Pain"}],"items_purged_floors":[39,45],"is_endless":false,"potions_floor_spawned":[11,14,19,20,28,31,33,35,36,47],"ascension_level":9}