{"gold_per_floor":[109,184,109,109,127,127,52,82,82,82,98,98,116,130,130,208,208,224,274,174,174,132,132,132],"floor_reached":24,"playtime":573,"items_purged":["Strike_R","Strike_R"],"score":438,"play_id":"f3dc6aa4-401b-4014-8629-b8684438ee20","local_time":"20190513005255","is_ascension_mode":true,"campfire_choices":[{"data":"Armaments","floor":6.0,"key":"SMITH"},{"data":"True Grit","floor":12.0,"key":"SMITH"},{"data":"Body Slam","floor":15.0,"key":"SMITH"},{"floor":23.0,"key":"REST"}],"neow_cost":"NONE","seed_source_timestamp":207385121038544,"circlet_count":0,"master_deck":["AscendersBane","Strike_R+1","Strike_R+1","Defend_R","Defend_R","Defend_R","Defend_R","Bash","Armaments+1","Evolve","Body Slam+1","True Grit+1","Flame Barrier","Juggernaut","Burning Pact","Power Through"],"special_seed":0,"relics":["Burning Blood","NeowsBlessing","Matryoshka","Prayer Wheel","Whetstone","Lantern","Lizard Tail"],"potions_floor_usage":[24],"damage_taken":[{"damage":0.0,"enemies":"Jaw Worm","floor":1.0,"turns":1.0},{"damage":0.0,"enemies":"Small Slimes","floor":5.0,"turns":1.0},{"damage":0.0,"enemies":"3 Sentries","floor":8.0,"turns":2.0},{"damage":0.0,"enemies":"2 Louse","floor":11.0,"turns":3.0},{"damage":0.0,"enemies":"2 Fungi Beasts","floor":13.0,"turns":3.0},{"damage":16.0,"enemies":"Large Slime","floor":14.0,"turns":7.0},{"damage":51.0,"enemies":"The Guardian","floor":16.0,"turns":14.0},{"damage":54.0,"enemies":"3 Byrds","floor":18.0,"turns":8.0},{"damage":30.0,"enemies":"2 Thieves","floor":22.0,"turns":5.0},{"damage":58,"enemies":"Slavers","floor":24,"turns":4}],"seed_played":"-6507126435266655484","potions_obtained":[{"floor":1.0,"key":"BloodPotion"},{"floor":8.0,"key":"EntropicBrew"},{"floor":22.0,"key":"Block Potion"}],"is_trial":false,"path_per_floor":["M","?","?","?","M","R","$","E","T","$","M","R","M","M","R","B",null,"M","?","$","?","M","R","E"],"character_chosen":"IRONCLAD","items_purchased":[],"campfire_rested":1,"item_purchase_floors":[],"current_hp_per_floor":[74,63,63,45,51,51,51,57,57,57,63,63,69,66,66,21,62,14,14,14,14,32,54,0],"gold":132,"neow_bonus":"THREE_ENEMY_KILL","is_prod":false,"is_daily":false,"chose_seed":false,"campfire_upgraded":3,"win_rate":0,"timestamp":1557679975,"path_taken":["M","?","?","?","M","R","$","E","T","$","M","R","M","M","R","BOSS","M","?","$","?","M","R","E"],"build_version":"2019-01-23","purchased_purges":2,"victory":false,"max_hp_per_floor":[75,75,75,75,75,75,75,75,75,75,75,75,75,75,75,75,75,75,75,75,75,75,75,75],"card_choices":[{"not_picked":["Uppercut","Cleave"],"picked":"Armaments","floor":1.0},{"not_picked":["Thunderclap","True Grit"],"picked":"Evolve","floor":5.0},{"not_picked":["Clothesline","Twin Strike","Metallicize"],"picked":"SKIP","floor":8.0},{"not_picked":["Shrug It Off","Clash"],"picked":"Body Slam","floor":11.0},{"not_picked":["Blood for Blood","Flame Barrier"],"picked":"True Grit","floor":11.0},{"not_picked":["Body Slam","Shockwave","Anger"],"picked":"SKIP","floor":13.0},{"not_picked":["Warcry","Blood for Blood","Flex"],"picked":"SKIP","floor":13.0},{"not_picked":["Twin Strike","Infernal Blade"],"picked":"Flame Barrier","floor":14.0},{"not_picked":["Hemokinesis","Pummel","Blood for Blood"],"picked":"SKIP","floor":14.0},{"not_picked":["Offering","Immolate"],"picked":"Juggernaut","floor":16.0},{"not_picked":["Body Slam","Warcry","Iron Wave"],"picked":"SKIP","floor":18.0},{"not_picked":["Armaments","Spot Weakness","Rupture+1"],"picked":"SKIP","floor":18.0},{"not_picked":["Clash","Cleave"],"picked":"Burning Pact","floor":22.0},{"not_picked":["Bloodletting","Evolve"],"picked":"Power Through","floor":22.0}],"player_experience":1633587,"relics_obtained":[{"floor":8.0,"key":"Prayer Wheel"},{"floor":9.0,"key":"Whetstone"},{"floor":9.0,"key":"Lantern"}],"event_choices":[{"damage_healed":0.0,"max_hp_gain":0.0,"max_hp_loss":0.0,"gold_gain":75.0,"event_name":"World of Goop","player_choice":"Gather Gold","floor":2.0,"gold_loss":0.0,"damage_taken":11.0},{"cards_removed":["Strike_R"],"damage_healed":0.0,"max_hp_gain":0.0,"max_hp_loss":0.0,"gold_gain":0.0,"event_name":"The Cleric","player_choice":"Card Removal","floor":3.0,"gold_loss":75.0,"damage_taken":0.0},{"damage_healed":0.0,"max_hp_gain":0.0,"max_hp_loss":0.0,"gold_gain":0.0,"event_name":"Scrap Ooze","player_choice":"Success","floor":4.0,"gold_loss":0.0,"damage_taken":18.0,"relics_obtained":["Matryoshka"]},{"damage_healed":0.0,"max_hp_gain":0.0,"max_hp_loss":0.0,"gold_gain":50.0,"event_name":"Nest","player_choice":"Stole From Cult","floor":19.0,"gold_loss":0.0,"damage_taken":0.0},{"damage_healed":0.0,"max_hp_gain":0.0,"max_hp_loss":0.0,"gold_gain":0.0,"event_name":"Vampires","player_choice":"Ignored","floor":21.0,"gold_loss":0.0,"damage_taken":0.0}],"is_beta":false,"boss_relics":[{"not_picked":["Fusion Hammer","Ectoplasm"],"picked":"Lizard Tail"}],"items_purged_floors":[7,20],"is_endless":false,"potions_floor_spawned":[1,8,13,22],"killed_by":"Slavers","ascension_level":20}