{"gold_per_floor":[117,37,37,37,64,99,122,122,174,174,212,237,237,280,280,401,401,414,18,33,33,308,308,346,131,131,131,131,151,151,161,161,261,261,273,273,23,23,36,36,70,70,70,70,70,70,97,0,0,0],"floor_reached":50,"playtime":2054,"items_purged":["Regret"],"score":830,"play_id":"6e64f7a7-f52f-4039-a831-f1847bf64b56","local_time":"20190128222949","is_ascension_mode":true,"campfire_choices":[{"data":"Pommel Strike","floor":8,"key":"SMITH"},{"floor":13,"key":"REST"},{"data":"Bash","floor":15,"key":"SMITH"},{"floor":23,"key":"REST"},{"floor":27,"key":"REST"},{"floor":32,"key":"REST"},{"floor":40,"key":"REST"},{"floor":46,"key":"REST"},{"floor":49,"key":"REST"}],"neow_cost":"NONE","seed_source_timestamp":447756902496400,"circlet_count":0,"master_deck":["AscendersBane","Strike_R","Strike_R","Strike_R","Strike_R","Defend_R","Defend_R","Defend_R","Defend_R","Bash+1","Pommel Strike+1","Battle Trance+1","Headbutt","Clothesline","Bludgeon","Cleave","Metallicize","Double Tap+1","Uppercut+1","Fiend Fire","Warcry+1","Madness","Madness","Madness","True Grit+1","Shame","Purity","Fiend Fire"],"relics":["Burning Blood","NeowsBlessing","Bloody Idol","Bag of Marbles","Centennial Puzzle","Anchor","GremlinMask","Blue Candle","Bag of Preparation","Runic Cube","Brimstone","Orichalcum","MawBank","Juzu Bracelet","War Paint","Cursed Key","Vajra","Darkstone Periapt","Ornamental Fan","Self Forming Clay","Red Mask"],"potions_floor_usage":[11,14,14,18,18,20,20,24,33,33,41,41,41,41,41,41],"damage_taken":[{"damage":0,"enemies":"Small Slimes","floor":1,"turns":1},{"damage":0,"enemies":"Gremlin Nob","floor":6,"turns":1},{"damage":0,"enemies":"Jaw Worm","floor":7,"turns":1},{"damage":36,"enemies":"3 Sentries","floor":11,"turns":9},{"damage":0,"enemies":"Cultist","floor":12,"turns":2},{"damage":16,"enemies":"Gremlin Nob","floor":14,"turns":3},{"damage":56,"enemies":"Hexaghost","floor":16,"turns":9},{"damage":47,"enemies":"3 Byrds","floor":18,"turns":6},{"damage":6,"enemies":"Spheric Guardian","floor":20,"turns":3},{"damage":12,"enemies":"Gremlin Leader","floor":24,"turns":5},{"damage":8,"enemies":"Snake Plant","floor":29,"turns":2},{"damage":31,"enemies":"Centurion and Healer","floor":31,"turns":4},{"damage":65,"enemies":"Collector","floor":33,"turns":10},{"damage":27,"enemies":"3 Darklings","floor":35,"turns":3},{"damage":18,"enemies":"3 Shapes","floor":39,"turns":3},{"damage":19,"enemies":"Reptomancer","floor":41,"turns":4},{"damage":38,"enemies":"Nemesis","floor":47,"turns":3},{"damage":86,"enemies":"Donu and Deca","floor":50,"turns":5}],"seed_played":"-3311873063854956905","potions_obtained":[{"floor":7,"key":"Weak Potion"},{"floor":11,"key":"EntropicBrew"},{"floor":12,"key":"Strength Potion"},{"floor":18,"key":"Weak Potion"},{"floor":24,"key":"Swift Potion"},{"floor":29,"key":"Weak Potion"},{"floor":33,"key":"Block Potion"},{"floor":39,"key":"Strength Potion"}],"is_trial":false,"path_per_floor":["M","$","?","?","T","E","M","R","T","?","E","M","R","E","R","B",null,"M","$","M","$","?","R","E","$","T","R","?","M","?","M","R","B",null,"M","?","$","?","M","R","E","?","T","?","$","R","E","?","R","B"],"character_chosen":"IRONCLAD","items_purchased":["Battle Trance","Brimstone","PowerPotion","Orichalcum","Juzu Bracelet","Vajra","EntropicBrew"],"campfire_rested":7,"item_purchase_floors":[2,19,19,19,25,37,37],"current_hp_per_floor":[78,78,71,71,71,77,80,80,80,80,50,56,80,70,70,20,65,24,24,24,24,24,48,42,42,42,66,66,64,64,44,68,14,64,48,38,38,38,31,55,47,47,53,53,53,78,51,51,76,0],"gold":0,"neow_bonus":"THREE_ENEMY_KILL","is_prod":false,"is_daily":false,"chose_seed":false,"campfire_upgraded":2,"win_rate":0,"timestamp":1548710989,"path_taken":["M","$","?","?","?","E","M","R","T","?","E","M","R","E","R","BOSS","M","$","?","$","?","R","E","?","T","R","?","M","?","M","R","BOSS","M","?","$","?","M","R","E","?","T","?","$","R","E","?","R","BOSS"],"build_version":"2019-01-23","purchased_purges":1,"victory":false,"max_hp_per_floor":[80,80,80,80,80,80,80,80,80,80,80,80,80,80,80,80,80,80,80,80,80,80,80,80,80,80,80,80,80,80,80,80,80,80,80,80,80,80,80,80,80,80,86,86,86,86,86,86,86,86],"card_choices":[{"not_picked":["Warcry","Flex"],"picked":"Pommel Strike","floor":1},{"not_picked":["Pommel Strike","Iron Wave"],"picked":"Headbutt","floor":6},{"not_picked":["Sentinel","Ghostly Armor"],"picked":"Clothesline","floor":7},{"not_picked":["Dual Wield","Dropkick"],"picked":"Bludgeon","floor":11},{"not_picked":["Perfected Strike","Iron Wave"],"picked":"Cleave","floor":12},{"not_picked":["Twin Strike","Combust"],"picked":"Metallicize","floor":14},{"not_picked":["Offering","Brutality"],"picked":"Double Tap","floor":16},{"not_picked":["Wild Strike","Havoc","Anger+1"],"picked":"SKIP","floor":18},{"not_picked":["Perfected Strike","Shrug It Off"],"picked":"Uppercut+1","floor":20},{"not_picked":["Dropkick","Havoc","Fire Breathing"],"picked":"SKIP","floor":24},{"not_picked":["Havoc","Dropkick","Anger+1"],"picked":"SKIP","floor":29},{"not_picked":["Clothesline","Dark Embrace","Armaments"],"picked":"SKIP","floor":31},{"not_picked":["Double Tap","Offering"],"picked":"Fiend Fire","floor":33},{"not_picked":["Sword Boomerang","Combust"],"picked":"Warcry+1","floor":35},{"not_picked":["Wild Strike","Sword Boomerang","Second Wind"],"picked":"SKIP","floor":39},{"not_picked":["Intimidate","Disarm"],"picked":"True Grit+1","floor":41},{"not_picked":["Deep Breath","Swift Strike"],"picked":"Purity","floor":44},{"not_picked":["Carnage","Entrench+1"],"picked":"Fiend Fire","floor":47}],"player_experience":1386737,"relics_obtained":[{"floor":5,"key":"Bag of Marbles"},{"floor":6,"key":"Centennial Puzzle"},{"floor":9,"key":"Anchor"},{"floor":11,"key":"Blue Candle"},{"floor":14,"key":"Bag of Preparation"},{"floor":24,"key":"MawBank"},{"floor":26,"key":"War Paint"},{"floor":41,"key":"Darkstone Periapt"},{"floor":43,"key":"Ornamental Fan"},{"floor":47,"key":"Self Forming Clay"}],"event_choices":[{"cards_removed":["Strike_R"],"damage_healed":0,"gold_gain":0,"player_choice":"Card Removal","damage_taken":7,"max_hp_gain":0,"max_hp_loss":0,"event_name":"Golden Wing","floor":3,"gold_loss":0},{"damage_healed":0,"gold_gain":0,"player_choice":"Take Wound","damage_taken":0,"relics_obtained":["Golden Idol"],"max_hp_gain":0,"max_hp_loss":0,"event_name":"Golden Idol","floor":4,"gold_loss":0,"cards_obtained":["Injury"]},{"damage_healed":0,"gold_gain":0,"player_choice":"Trade","damage_taken":0,"relics_obtained":["GremlinMask"],"max_hp_gain":0,"max_hp_loss":0,"event_name":"FaceTrader","floor":10,"gold_loss":0},{"damage_healed":0,"gold_gain":275,"player_choice":"Desecrate","damage_taken":0,"max_hp_gain":0,"max_hp_loss":0,"event_name":"Golden Shrine","floor":22,"gold_loss":0,"cards_obtained":["Regret"]},{"damage_healed":0,"gold_gain":0,"player_choice":"Ignored","damage_taken":0,"max_hp_gain":0,"max_hp_loss":0,"event_name":"Vampires","floor":28,"gold_loss":0},{"damage_healed":0,"gold_gain":0,"player_choice":"Gave Idol","damage_taken":0,"relics_obtained":["Bloody Idol"],"max_hp_gain":0,"max_hp_loss":0,"event_name":"Forgotten Altar","floor":30,"relics_lost":["Golden Idol"],"gold_loss":0},{"damage_healed":0,"gold_gain":0,"player_choice":"Embrace Madness","damage_taken":10,"max_hp_gain":0,"max_hp_loss":0,"event_name":"Winding Halls","floor":36,"gold_loss":0,"cards_obtained":["Madness","Madness"]},{"damage_healed":0,"gold_gain":0,"player_choice":"Copied","damage_taken":0,"max_hp_gain":0,"max_hp_loss":0,"event_name":"Duplicator","floor":38,"gold_loss":0,"cards_obtained":["Madness"]},{"cards_removed":["Injury"],"damage_healed":0,"gold_gain":0,"player_choice":"Removed Curses","damage_taken":0,"max_hp_gain":0,"max_hp_loss":0,"event_name":"Fountain of Cleansing","floor":42,"gold_loss":0},{"damage_healed":0,"gold_gain":0,"player_choice":"Memory 1","damage_taken":0,"max_hp_gain":0,"max_hp_loss":0,"event_name":"SensoryStone","floor":44,"gold_loss":0},{"damage_healed":0,"gold_gain":0,"player_choice":"Paid","damage_taken":0,"relics_obtained":["Red Mask"],"max_hp_gain":0,"max_hp_loss":0,"event_name":"Tomb of Lord Red Mask","floor":48,"gold_loss":97}],"is_beta":false,"boss_relics":[{"not_picked":["Velvet Choker","Busted Crown"],"picked":"Runic Cube"},{"not_picked":["Astrolabe","Pandora\u0027s Box"],"picked":"Cursed Key"}],"items_purged_floors":[25],"is_endless":false,"potions_floor_spawned":[7,11,12,18,24,29,33,39],"killed_by":"Donu and Deca","ascension_level":10}