{"gold_per_floor":[118,393,54,72,88,123,123,52,52,84,84,94,94,114,114,217,217,230,103,103,103,103,103],"floor_reached":23,"playtime":1088,"items_purged":[],"score":321,"play_id":"ddc83b49-253a-4476-a47f-7aa0f9f0a8db","local_time":"20190313220252","is_ascension_mode":true,"campfire_choices":[{"floor":11,"key":"REST"},{"floor":13,"key":"REST"},{"floor":15,"key":"REST"}],"neow_cost":"NONE","seed_source_timestamp":12431716377300,"circlet_count":0,"master_deck":["AscendersBane","Defend_G","Defend_G","Defend_G","Defend_G","Defend_G","Survivor","Neutralize","Setup","Caltrops","Outmaneuver","Dash","Caltrops","Blur","Blade Dance","Unload","Cloak And Dagger","Acrobatics","Noxious Fumes","Bite","Bite","Bite","Bite","Bite"],"relics":["Busted Crown","Mummified Hand","Calipers","Bottled Flame","Paper Crane","Fusion Hammer","Oddly Smooth Stone"],"potions_floor_usage":[6,10,16],"damage_taken":[{"damage":2,"enemies":"Jaw Worm","floor":1,"turns":5},{"damage":10,"enemies":"Cultist","floor":4,"turns":5},{"damage":8,"enemies":"2 Louse","floor":5,"turns":3},{"damage":18,"enemies":"Gremlin Nob","floor":6,"turns":4},{"damage":17,"enemies":"Lagavulin","floor":10,"turns":12},{"damage":3,"enemies":"Red Slaver","floor":12,"turns":5},{"damage":3,"enemies":"2 Fungi Beasts","floor":14,"turns":4},{"damage":43,"enemies":"The Guardian","floor":16,"turns":14},{"damage":45,"enemies":"Shell Parasite","floor":18,"turns":9},{"damage":82,"enemies":"Gremlin Leader","floor":23,"turns":12}],"seed_played":"-7787946523574026647","potions_obtained":[{"floor":1,"key":"SkillPotion"},{"floor":5,"key":"Dexterity Potion"},{"floor":6,"key":"Energy Potion"},{"floor":14,"key":"GhostInAJar"}],"is_trial":false,"path_per_floor":["M","?","$","M","M","E","?","$","T","E","R","M","R","M","R","B",null,"M","$","?","?","?","E"],"character_chosen":"THE_SILENT","items_purchased":["Mummified Hand","Caltrops","Caltrops","Acrobatics","Noxious Fumes"],"campfire_rested":3,"item_purchase_floors":[3,3,8,19,19],"current_hp_per_floor":[61,61,61,51,43,25,25,25,25,8,29,26,47,44,65,22,58,13,13,36,36,36,0],"gold":103,"neow_bonus":"BOSS_RELIC","is_prod":false,"is_daily":false,"chose_seed":false,"campfire_upgraded":0,"win_rate":0,"timestamp":1552510972,"path_taken":["M","?","$","M","?","E","?","$","T","E","R","M","R","?","R","BOSS","M","$","?","?","?","E"],"build_version":"2019-01-23","purchased_purges":0,"victory":false,"max_hp_per_floor":[70,70,70,70,70,70,70,70,70,70,70,70,70,70,70,70,70,70,70,70,70,49,49],"card_choices":[{"not_picked":[],"picked":"Setup","floor":1},{"not_picked":[],"picked":"Outmaneuver","floor":4},{"not_picked":[],"picked":"Dash","floor":5},{"not_picked":["Bane"],"picked":"SKIP","floor":6},{"not_picked":[],"picked":"Blur","floor":10},{"not_picked":["Underhanded Strike"],"picked":"SKIP","floor":12},{"not_picked":[],"picked":"Blade Dance","floor":14},{"not_picked":[],"picked":"Unload","floor":16},{"not_picked":[],"picked":"Cloak And Dagger","floor":18}],"player_experience":1504801,"relics_obtained":[{"floor":6,"key":"Calipers"},{"floor":9,"key":"Bottled Flame"},{"floor":10,"key":"Paper Crane"}],"event_choices":[{"damage_healed":0,"gold_gain":275,"player_choice":"Desecrate","damage_taken":0,"max_hp_gain":0,"max_hp_loss":0,"event_name":"Golden Shrine","floor":2,"gold_loss":0,"cards_obtained":["Regret"]},{"cards_removed":["Regret"],"damage_healed":0,"gold_gain":0,"player_choice":"Removed Curses","damage_taken":0,"max_hp_gain":0,"max_hp_loss":0,"event_name":"Fountain of Cleansing","floor":7,"gold_loss":0},{"damage_healed":23,"gold_gain":0,"player_choice":"Heal","damage_taken":0,"max_hp_gain":0,"max_hp_loss":0,"event_name":"The Library","floor":20,"gold_loss":0},{"damage_healed":0,"gold_gain":0,"player_choice":"Opened","damage_taken":0,"relics_obtained":["Oddly Smooth Stone"],"max_hp_gain":0,"max_hp_loss":0,"event_name":"The Mausoleum","floor":21,"gold_loss":0},{"damage_healed":0,"gold_gain":0,"player_choice":"Became a vampire","damage_taken":0,"max_hp_gain":0,"max_hp_loss":21,"event_name":"Vampires","floor":22,"gold_loss":0,"cards_obtained":["Bite","Bite","Bite","Bite","Bite"]}],"is_beta":false,"boss_relics":[{"not_picked":["Philosopher\u0027s Stone","Coffee Dripper"],"picked":"Fusion Hammer"}],"items_purged_floors":[],"is_endless":false,"potions_floor_spawned":[1,5,6,14],"killed_by":"Gremlin Leader","ascension_level":10}