{"gold_per_floor":[12,29,29,49,49,49,4,65,115,127,127],"floor_reached":11,"playtime":476,"items_purged":[],"score":79,"play_id":"32e351e4-fa0f-4c5a-a84e-996c881bde85","local_time":"20181013031149","is_ascension_mode":true,"campfire_choices":[{"data":"Evolve","floor":6,"key":"SMITH"}],"neow_cost":"NO_GOLD","seed_source_timestamp":87894460208900,"circlet_count":0,"master_deck":["Strike_R","Strike_R","Strike_R+1","Strike_R","Defend_R","Defend_R","Defend_R","Defend_R","Bash","Demon Form+1","Rupture","Evolve+1","Heavy Blade","Body Slam","Wild Strike"],"relics":["Burning Blood","Gambling Chip","Dream Catcher"],"potions_floor_usage":[11],"damage_taken":[{"damage":11,"enemies":"Small Slimes","floor":1,"turns":5},{"damage":8,"enemies":"Jaw Worm","floor":2,"turns":5},{"damage":6,"enemies":"Cultist","floor":4,"turns":4},{"damage":10,"enemies":"Looter","floor":7,"turns":5},{"damage":49,"enemies":"Lagavulin Event","floor":8,"turns":6},{"damage":0,"enemies":"Large Slime","floor":10,"turns":4},{"damage":17,"enemies":"Blue Slaver","floor":11,"turns":4}],"seed_played":"-8787265337498973662","potions_obtained":[{"floor":4,"key":"Dexterity Potion"}],"is_trial":false,"path_per_floor":["M","M","?","M","?","R","M","?","T","M"],"character_chosen":"IRONCLAD","items_purchased":[],"campfire_rested":0,"item_purchase_floors":[],"current_hp_per_floor":[75,73,57,57,57,57,53,10,10,16,0],"gold":127,"neow_bonus":"THREE_RARE_CARDS","is_prod":false,"is_daily":false,"chose_seed":false,"campfire_upgraded":1,"win_rate":0,"timestamp":1539393109,"path_taken":["M","M","?","M","?","R","M","?","T","M","M"],"build_version":"2018-10-11","purchased_purges":0,"victory":false,"max_hp_per_floor":[80,80,80,80,80,80,80,80,80,80,80],"card_choices":[{"not_picked":["Juggernaut","Brutality"],"picked":"Demon Form","floor":0},{"not_picked":["Thunderclap","Reckless Charge","Carnage"],"picked":"SKIP","floor":1},{"not_picked":["Havoc","Shrug It Off"],"picked":"Rupture","floor":2},{"not_picked":["Corruption","Wild Strike"],"picked":"Evolve","floor":4},{"not_picked":["Rampage","Pommel Strike"],"picked":"Heavy Blade","floor":7},{"not_picked":["Clothesline","Battle Trance"],"picked":"Body Slam","floor":8},{"not_picked":["Clothesline","Clash"],"picked":"Wild Strike","floor":10}],"player_experience":694167,"relics_obtained":[{"floor":8,"key":"Gambling Chip"},{"floor":9,"key":"Dream Catcher"}],"event_choices":[{"event_name":"Shining Light","player_choice":"Entered Light","floor":3,"damage_taken":0},{"event_name":"Wheel of Change","player_choice":"Card Removal","floor":5,"damage_taken":0},{"event_name":"Dead Adventurer","player_choice":"Searched \u00272\u0027 times","floor":8,"damage_taken":0}],"is_beta":false,"boss_relics":[],"items_purged_floors":[],"is_endless":false,"potions_floor_spawned":[4],"killed_by":"Blue Slaver","ascension_level":5}