{"gold_per_floor":[112,112,131,144,144,144,319,353,353,353,150,186,186,200,200,200],"floor_reached":16,"playtime":684,"items_purged":[],"score":113,"play_id":"7196659d-7828-400b-804d-5f61ada4f6e1","local_time":"20190513235016","is_ascension_mode":true,"campfire_choices":[{"data":"Shrug It Off","floor":6,"key":"SMITH"},{"data":"Exhume","floor":15,"key":"SMITH"}],"neow_cost":"NONE","seed_source_timestamp":125494288633369,"circlet_count":0,"master_deck":["Strike_R+1","Strike_R","Strike_R+1","Strike_R","Defend_R","Defend_R","Defend_R","Defend_R","Bash","Exhume+1","Feel No Pain","Sword Boomerang","Shrug It Off+1","Doubt","Thunderclap","Armaments","Shockwave","Shrug It Off"],"relics":["Burning Blood","Ginger","Golden Idol","Whetstone","Paper Frog","Boot","Happy Flower","Question Card"],"potions_floor_usage":[8],"damage_taken":[{"damage":0,"enemies":"Jaw Worm","floor":1,"turns":5},{"damage":9,"enemies":"Small Slimes","floor":3,"turns":6},{"damage":9,"enemies":"2 Louse","floor":4,"turns":4},{"damage":17,"enemies":"3 Sentries","floor":8,"turns":19},{"damage":15,"enemies":"Lagavulin","floor":12,"turns":5},{"damage":10,"enemies":"2 Fungi Beasts","floor":14,"turns":4},{"damage":58,"enemies":"Hexaghost","floor":16,"turns":14}],"seed_played":"4845691114875209615","potions_obtained":[{"floor":1,"key":"FearPotion"},{"floor":3,"key":"Regen Potion"},{"floor":12,"key":"Fire Potion"},{"floor":14,"key":"Regen Potion"}],"is_trial":false,"path_per_floor":["M","?","M","M","?","R","?","E","T","T","$","E","?","M","R","B"],"character_chosen":"IRONCLAD","items_purchased":["Happy Flower","Armaments"],"campfire_rested":0,"item_purchase_floors":[11,11],"current_hp_per_floor":[80,68,65,62,62,62,62,66,66,66,66,57,62,58,58,0],"gold":200,"neow_bonus":"TRANSFORM_CARD","is_prod":false,"is_daily":false,"chose_seed":false,"campfire_upgraded":2,"win_rate":0,"timestamp":1557805816,"path_taken":["M","?","M","M","?","R","?","E","T","?","$","E","?","M","R","BOSS"],"build_version":"2019-01-23","purchased_purges":0,"victory":false,"max_hp_per_floor":[80,80,80,80,74,74,74,74,74,74,74,74,79,79,79,79],"card_choices":[{"not_picked":["True Grit","Ghostly Armor"],"picked":"Feel No Pain","floor":1},{"not_picked":["Cleave","Thunderclap"],"picked":"Sword Boomerang","floor":3},{"not_picked":["Iron Wave","Clothesline"],"picked":"Shrug It Off","floor":4},{"not_picked":["Body Slam","Havoc"],"picked":"Thunderclap","floor":8},{"not_picked":["Armaments","Ghostly Armor"],"picked":"Shockwave","floor":12},{"not_picked":["Sword Boomerang","Rage","Clothesline"],"picked":"Shrug It Off","floor":14}],"player_experience":55418,"relics_obtained":[{"floor":8,"key":"Whetstone"},{"floor":9,"key":"Paper Frog"},{"floor":10,"key":"Boot"},{"floor":12,"key":"Question Card"}],"event_choices":[{"damage_healed":0,"gold_gain":0,"player_choice":"Success","damage_taken":12,"relics_obtained":["Ginger"],"max_hp_gain":0,"max_hp_loss":0,"event_name":"Scrap Ooze","floor":2,"gold_loss":0},{"damage_healed":0,"gold_gain":0,"player_choice":"Lose Max HP","damage_taken":0,"relics_obtained":["Golden Idol"],"max_hp_gain":0,"max_hp_loss":6,"event_name":"Golden Idol","floor":5,"gold_loss":0},{"damage_healed":0,"gold_gain":175,"player_choice":"AGREE","damage_taken":0,"max_hp_gain":0,"max_hp_loss":0,"event_name":"Liars Game","floor":7,"gold_loss":0,"cards_obtained":["Doubt"]},{"damage_healed":0,"gold_gain":0,"player_choice":"Donut","damage_taken":0,"max_hp_gain":5,"max_hp_loss":0,"event_name":"Big Fish","floor":13,"gold_loss":0}],"is_beta":false,"boss_relics":[],"items_purged_floors":[],"is_endless":false,"potions_floor_spawned":[1,3,12,14],"killed_by":"Hexaghost","ascension_level":1}