{"gold_per_floor":[118,118,137,137,153,153,153,184,208,17,17,28,62,337,337,337],"floor_reached":16,"playtime":836,"items_purged":[],"score":241,"play_id":"93248a12-857a-4d25-b030-425027de31e6","local_time":"20190506124155","is_ascension_mode":true,"campfire_choices":[{"data":"Noxious Fumes","floor":6.0,"key":"SMITH"},{"floor":11,"key":"REST"},{"data":"Deadly Poison","floor":15,"key":"SMITH"}],"neow_cost":"PERCENT_DAMAGE","seed_source_timestamp":802367007160311,"circlet_count":0,"master_deck":["AscendersBane","Defend_G","Defend_G","Defend_G","Defend_G","Defend_G","Strike_G","Strike_G","Strike_G","Strike_G+1","Survivor","Neutralize+1","Leg Sweep","Deadly Poison+1","Noxious Fumes+1","Dash+1","PiercingWail","PiercingWail","Flechettes+1"],"special_seed":0,"relics":["Ring of the Snake","Centennial Puzzle","Molten Egg 2","Lantern","Omamori","Pear"],"potions_floor_usage":[8,12,16],"damage_taken":[{"damage":4.0,"enemies":"2 Louse","floor":1.0,"turns":5.0},{"damage":2.0,"enemies":"Cultist","floor":3.0,"turns":5.0},{"damage":0.0,"enemies":"Small Slimes","floor":5.0,"turns":4.0},{"damage":8,"enemies":"Lagavulin","floor":8,"turns":7},{"damage":0,"enemies":"Blue Slaver","floor":12,"turns":5},{"damage":13,"enemies":"Gremlin Nob","floor":13,"turns":4},{"damage":49,"enemies":"Slime Boss","floor":16,"turns":9}],"seed_played":"-6149675822407959008","potions_obtained":[{"floor":1.0,"key":"Energy Potion"},{"floor":3.0,"key":"Explosive Potion"},{"floor":8,"key":"Fruit Juice"}],"is_trial":false,"path_per_floor":["M","?","M","?","M","R","?","E","T","$","R","M","E","?","R","B"],"character_chosen":"THE_SILENT","items_purchased":["Omamori","PiercingWail"],"campfire_rested":1,"item_purchase_floors":[10,10],"current_hp_per_floor":[52,52,50,27,27,27,27,19,19,19,42,47,44,44,44,0],"gold":337,"neow_bonus":"TWENTY_PERCENT_HP_BONUS","is_prod":false,"is_daily":false,"chose_seed":false,"campfire_upgraded":2,"win_rate":0,"timestamp":1557160915,"path_taken":["M","?","?","?","M","R","?","E","T","$","R","M","E","?","R","BOSS"],"build_version":"2019-01-23","purchased_purges":0,"victory":false,"max_hp_per_floor":[78,78,78,78,78,78,78,78,78,78,78,83,93,93,93,93],"card_choices":[{"not_picked":["Slice","Sucker Punch"],"picked":"Leg Sweep","floor":1.0},{"not_picked":["Distraction","Escape Plan"],"picked":"Deadly Poison","floor":3.0},{"not_picked":["Footwork","Quick Slash"],"picked":"Noxious Fumes","floor":5.0},{"not_picked":["Flechettes","Sucker Punch"],"picked":"Dash","floor":8},{"not_picked":["Tactician","Setup"],"picked":"PiercingWail","floor":12},{"not_picked":["Dagger Throw+1","Outmaneuver"],"picked":"Flechettes+1","floor":13}],"player_experience":901042,"relics_obtained":[{"floor":8,"key":"Molten Egg 2"},{"floor":9,"key":"Lantern"},{"floor":13,"key":"Pear"}],"event_choices":[{"cards_removed":["Strike_G"],"damage_healed":0.0,"max_hp_gain":0.0,"max_hp_loss":0.0,"gold_gain":0.0,"event_name":"Purifier","player_choice":"Purged","floor":2.0,"gold_loss":0.0,"damage_taken":0.0},{"damage_healed":0.0,"max_hp_gain":0.0,"max_hp_loss":0.0,"gold_gain":0.0,"event_name":"Shining Light","player_choice":"Entered Light","floor":4.0,"gold_loss":0.0,"damage_taken":23.0,"cards_upgraded":["Neutralize","Strike_G"]},{"damage_healed":0,"gold_gain":0,"player_choice":"Searched \u00272\u0027 times","damage_taken":0,"relics_obtained":["Centennial Puzzle"],"max_hp_gain":0,"max_hp_loss":0,"event_name":"Dead Adventurer","floor":7,"gold_loss":0},{"damage_healed":0,"gold_gain":275,"player_choice":"Desecrate","damage_taken":0,"max_hp_gain":0,"max_hp_loss":0,"event_name":"Golden Shrine","floor":14,"gold_loss":0,"cards_obtained":["Regret"]}],"is_beta":false,"boss_relics":[],"items_purged_floors":[],"is_endless":false,"potions_floor_spawned":[1,3,8],"killed_by":"Slime Boss","ascension_level":20}