{"gold_per_floor":[112,112,37,37,55,90,104,143,190,190,190,190,210,43,43,136,136,151,276,57,70,93,93,137,137,137,137,160,173,212,212,212,311,311,336,158,223,244,267,267,308,308,308,344,129,129,165,0,0,0,0,0,0,0,31,31],"floor_reached":57,"playtime":6010,"items_purged":["Strike_G","Strike_G","Normality","Normality"],"score":3093,"play_id":"a5a67380-9f26-40ff-a4d6-c5e5f1dd9b25","local_time":"20190507060015","is_ascension_mode":true,"campfire_choices":[{"data":"Regret","floor":15.0,"key":"PURGE"},{"floor":23.0,"key":"REST"},{"data":"Burst","floor":25.0,"key":"SMITH"},{"data":"Catalyst","floor":32.0,"key":"SMITH"},{"data":"Catalyst","floor":40.0,"key":"SMITH"},{"floor":42.0,"key":"REST"},{"floor":49,"key":"RECALL"},{"data":"Tools of the Trade","floor":53,"key":"SMITH"}],"neow_cost":"NONE","seed_source_timestamp":0,"circlet_count":0,"master_deck":["AscendersBane","Defend_G","Defend_G","Defend_G","Defend_G","Survivor","Neutralize+1","PiercingWail","Blade Dance","Deadly Poison","Glass Knife+1","Burst+1","Bouncing Flask","Adrenaline","Envenom+1","Poisoned Stab+1","After Image+1","PiercingWail","Well Laid Plans","Night Terror","Catalyst+1","Corpse Explosion","PiercingWail","PiercingWail","PiercingWail","Tools of the Trade+1","Parasite","Footwork+1","Catalyst+1","Well Laid Plans","Backflip","Deadly Poison","Secret Technique","Leg Sweep","Catalyst+1"],"special_seed":0,"relics":["Ring of the Snake","NeowsBlessing","Golden Idol","Letter Opener","Centennial Puzzle","Blood Vial","Smiling Mask","Peace Pipe","Snake Skull","Astrolabe","The Specimen","Matryoshka","Torii","Lantern","Ornamental Fan","Art of War","Calling Bell","Bronze Scales","The Courier","Incense Burner","Bag of Preparation","Dead Branch","Juzu Bracelet","Sundial","Strawberry","Whetstone","Red Mask","Du-Vu Doll"],"potions_floor_usage":[50,56],"damage_taken":[{"damage":0.0,"enemies":"Small Slimes","floor":1.0,"turns":1.0},{"damage":0.0,"enemies":"Jaw Worm","floor":5.0,"turns":1.0},{"damage":0.0,"enemies":"Lagavulin","floor":6.0,"turns":1.0},{"damage":0.0,"enemies":"2 Louse","floor":7.0,"turns":3.0},{"damage":38.0,"enemies":"Gremlin Nob","floor":8.0,"turns":5.0},{"damage":1.0,"enemies":"Exordium Wildlife","floor":13.0,"turns":4.0},{"damage":8.0,"enemies":"The Guardian","floor":16.0,"turns":7.0},{"damage":3.0,"enemies":"Shell Parasite","floor":18.0,"turns":5.0},{"damage":9.0,"enemies":"Colosseum Slavers","floor":19.0,"turns":5.0},{"damage":11.0,"enemies":"Colosseum Nobs","floor":19.0,"turns":4.0},{"damage":9.0,"enemies":"2 Thieves","floor":21.0,"turns":4.0},{"damage":2.0,"enemies":"Snake Plant","floor":22.0,"turns":4.0},{"damage":0.0,"enemies":"Gremlin Leader","floor":24.0,"turns":6.0},{"damage":0.0,"enemies":"Shelled Parasite and Fungi","floor":28.0,"turns":4.0},{"damage":1.0,"enemies":"Centurion and Healer","floor":29.0,"turns":5.0},{"damage":2.0,"enemies":"Book of Stabbing","floor":30.0,"turns":5.0},{"damage":0.0,"enemies":"Collector","floor":33.0,"turns":3.0},{"damage":8.0,"enemies":"3 Darklings","floor":35.0,"turns":4.0},{"damage":0.0,"enemies":"2 Orb Walkers","floor":37.0,"turns":3.0},{"damage":0.0,"enemies":"Orb Walker","floor":38.0,"turns":3.0},{"damage":11.0,"enemies":"Transient","floor":39.0,"turns":5.0},{"damage":21.0,"enemies":"Nemesis","floor":41.0,"turns":5.0},{"damage":1.0,"enemies":"Reptomancer","floor":44.0,"turns":3.0},{"damage":0,"enemies":"Giant Head","floor":47,"turns":4},{"damage":49,"enemies":"Awakened One","floor":50,"turns":13},{"damage":2,"enemies":"Donu and Deca","floor":51,"turns":5},{"damage":18,"enemies":"Shield and Spear","floor":55,"turns":4},{"damage":15,"enemies":"The Heart","floor":56,"turns":6}],"seed_played":"7382074915516493139","potions_obtained":[{"floor":5.0,"key":"GhostInAJar"},{"floor":8.0,"key":"Poison Potion"},{"floor":16.0,"key":"Poison Potion"},{"floor":21.0,"key":"SkillPotion"},{"floor":22.0,"key":"SpeedPotion"},{"floor":28.0,"key":"SkillPotion"},{"floor":29.0,"key":"GhostInAJar"},{"floor":38.0,"key":"SpeedPotion"},{"floor":55,"key":"Energy Potion"}],"is_trial":false,"path_per_floor":["M","?","$","?","M","E","M","E","T","?","?","T","M","$","R","B",null,"M","?","$","M","M","R","E","R","T","?","M","M","E","?","R","B",null,"M","$","?","M","M","R","E","R","T","E","$","?","E","?","R","B","B",null,"R","$","E","B",null],"character_chosen":"THE_SILENT","items_purchased":["Snake Skull","Well Laid Plans","GhostInAJar","Bag of Preparation","Secret Technique"],"campfire_rested":2,"item_purchase_floors":[14,20,20,36,45],"current_hp_per_floor":[59,59,59,59,59,59,59,21,21,21,21,21,22,22,22,16,49,48,32,32,25,25,43,45,45,45,45,47,48,48,48,48,50,58,52,52,54,56,47,47,28,46,46,54,54,54,56,56,56,9,9,50,50,50,34,21],"gold":31,"neow_bonus":"THREE_ENEMY_KILL","is_prod":false,"is_daily":false,"chose_seed":false,"campfire_upgraded":4,"win_rate":0,"timestamp":1557223215,"path_taken":["M","?","$","?","M","E","M","E","T","?","?","?","M","$","R","BOSS","M","?","?","M","?","R","E","R","T","?","M","M","E","?","R","BOSS","M","$","?","M","M","R","E","R","T","E","$","?","E","?","R","BOSS","BOSS","R","$","E","BOSS"],"build_version":"2019-01-23","purchased_purges":4,"victory":true,"max_hp_per_floor":[66,60,60,60,60,60,60,60,60,60,60,60,60,60,60,60,60,60,60,60,60,60,60,60,60,60,60,60,60,60,60,60,60,60,60,60,60,60,60,60,60,60,60,67,67,64,64,64,64,64,64,64,64,64,64,64],"card_choices":[{"not_picked":["Deflect","Underhanded Strike"],"picked":"PiercingWail","floor":1.0},{"not_picked":["Acrobatics","Dagger Throw"],"picked":"Blade Dance","floor":5.0},{"not_picked":["Slice","Dagger Throw"],"picked":"Deadly Poison","floor":6.0},{"not_picked":["Dagger Throw","Slice"],"picked":"Glass Knife","floor":7.0},{"not_picked":["Blade Dance","Flying Knee"],"picked":"Burst","floor":8.0},{"not_picked":["Quick Slash","Reflex"],"picked":"Bouncing Flask","floor":13.0},{"not_picked":["Tools of the Trade","Venomology"],"picked":"Adrenaline","floor":16.0},{"not_picked":["Flying Knee","Quick Slash"],"picked":"Outmaneuver","floor":18.0},{"not_picked":["Poisoned Stab","Cloak And Dagger"],"picked":"PiercingWail","floor":19.0},{"not_picked":["Bane","Poisoned Stab+1"],"picked":"Night Terror","floor":21.0},{"not_picked":["Acrobatics","Slice","Flying Knee"],"picked":"SKIP","floor":22.0},{"not_picked":["Deflect","Dagger Spray"],"picked":"Catalyst","floor":24.0},{"not_picked":["Cloak And Dagger","Glass Knife"],"picked":"PiercingWail","floor":28.0},{"not_picked":["Flying Knee","Dash"],"picked":"PiercingWail","floor":29.0},{"not_picked":["Flechettes","Bane","Cloak And Dagger"],"picked":"SKIP","floor":30.0},{"not_picked":["Venomology","Glass Knife"],"picked":"Tools of the Trade","floor":33.0},{"not_picked":["Underhanded Strike","Distraction"],"picked":"Footwork+1","floor":35.0},{"not_picked":["Tactician","Slice+1"],"picked":"Catalyst","floor":37.0},{"not_picked":["Quick Slash+1","Bane"],"picked":"Well Laid Plans","floor":38.0},{"not_picked":["Dodge and Roll","PiercingWail"],"picked":"Backflip","floor":39.0},{"not_picked":["Reflex+1","Deflect"],"picked":"Deadly Poison","floor":41.0},{"not_picked":["Blade Dance","Setup","Quick Slash"],"picked":"SKIP","floor":44.0},{"not_picked":["Underhanded Strike","Caltrops"],"picked":"Leg Sweep","floor":47},{"not_picked":["Flechettes+1","Dagger Throw"],"picked":"Catalyst+1","floor":55}],"player_experience":911376,"relics_obtained":[{"floor":6.0,"key":"Centennial Puzzle"},{"floor":8.0,"key":"Blood Vial"},{"floor":9.0,"key":"Smiling Mask"},{"floor":12.0,"key":"Peace Pipe"},{"floor":19.0,"key":"The Specimen"},{"floor":19.0,"key":"Matryoshka"},{"floor":24.0,"key":"Torii"},{"floor":26.0,"key":"Lantern"},{"floor":26.0,"key":"Ornamental Fan"},{"floor":30.0,"key":"Art of War"},{"floor":34.0,"key":"Bronze Scales"},{"floor":34.0,"key":"The Courier"},{"floor":34.0,"key":"Incense Burner"},{"floor":37.0,"key":"Dead Branch"},{"floor":41.0,"key":"Juzu Bracelet"},{"floor":43.0,"key":"Sundial"},{"floor":44.0,"key":"Strawberry"},{"floor":47,"key":"Whetstone"},{"floor":55,"key":"Du-Vu Doll"}],"event_choices":[{"damage_healed":0.0,"max_hp_gain":0.0,"max_hp_loss":6.0,"gold_gain":0.0,"event_name":"Golden Idol","player_choice":"Lose Max HP","floor":2.0,"gold_loss":0.0,"damage_taken":0.0,"relics_obtained":["Golden Idol"]},{"damage_healed":0.0,"max_hp_gain":0.0,"max_hp_loss":0.0,"gold_gain":0.0,"event_name":"Big Fish","player_choice":"Box","floor":4.0,"gold_loss":0.0,"damage_taken":0.0,"relics_obtained":["Letter Opener"],"cards_obtained":["Regret"]},{"damage_healed":0.0,"max_hp_gain":0.0,"max_hp_loss":0.0,"gold_gain":0.0,"event_name":"Shining Light","player_choice":"Ignored","floor":10.0,"gold_loss":0.0,"damage_taken":0.0},{"damage_healed":0.0,"max_hp_gain":0.0,"max_hp_loss":0.0,"gold_gain":0.0,"event_name":"Liars Game","player_choice":"Ignored","floor":11.0,"gold_loss":0.0,"damage_taken":0.0},{"damage_healed":0.0,"max_hp_gain":0.0,"max_hp_loss":0.0,"gold_gain":0.0,"event_name":"Colosseum","player_choice":"Fight","floor":19.0,"gold_loss":0.0,"damage_taken":0.0},{"damage_healed":0.0,"max_hp_gain":0.0,"max_hp_loss":0.0,"gold_gain":0.0,"event_name":"Colosseum","player_choice":"Fought Nobs","floor":19.0,"gold_loss":0.0,"damage_taken":0.0},{"damage_healed":0.0,"max_hp_gain":0.0,"max_hp_loss":0.0,"gold_gain":0.0,"cards_transformed":["Defend_G","Outmaneuver"],"event_name":"Drug Dealer","player_choice":"Became Test Subject","floor":27.0,"gold_loss":0.0,"damage_taken":0.0,"cards_obtained":["Corpse Explosion","Eviscerate"]},{"damage_healed":0.0,"max_hp_gain":0.0,"max_hp_loss":0.0,"gold_gain":0.0,"cards_transformed":["Eviscerate"],"event_name":"Transmorgrifier","player_choice":"Transformed","floor":31.0,"gold_loss":0.0,"damage_taken":0.0,"cards_obtained":["PiercingWail"]},{"damage_healed":0.0,"max_hp_gain":0.0,"max_hp_loss":0.0,"gold_gain":0.0,"event_name":"Mysterious Sphere","player_choice":"Fight","floor":37.0,"gold_loss":0.0,"damage_taken":0.0},{"damage_healed":0,"gold_gain":0,"player_choice":"Max HP","damage_taken":0,"max_hp_gain":0,"max_hp_loss":3,"event_name":"Winding Halls","floor":46,"gold_loss":0},{"damage_healed":0,"gold_gain":0,"player_choice":"Paid","damage_taken":0,"relics_obtained":["Red Mask"],"max_hp_gain":0,"max_hp_loss":0,"event_name":"Tomb of Lord Red Mask","floor":48,"gold_loss":165}],"is_beta":false,"boss_relics":[{"not_picked":["Orrery","HoveringKite"],"picked":"Astrolabe"},{"not_picked":["Runic Dome","White Beast Statue"],"picked":"Calling Bell"}],"items_purged_floors":[3,20,36,45],"is_endless":false,"potions_floor_spawned":[5,8,16,21,22,24,28,29,38,39,47,55],"ascension_level":20}