{"gold_per_floor":[117,292,292,304,304,335,59,71,94,94,169,199,36,47,47,47],"floor_reached":16,"playtime":450,"items_purged":["Strike_G"],"score":186,"play_id":"120d9c7e-99c1-41c8-a893-6cae91068f9d","local_time":"20190509095303","is_ascension_mode":true,"campfire_choices":[{"data":"Skewer","floor":10,"key":"SMITH"},{"floor":15,"key":"REST"}],"neow_cost":"NONE","seed_source_timestamp":435291013084800,"circlet_count":0,"master_deck":["Defend_G","Defend_G","Defend_G","Defend_G","Defend_G","Strike_G+1","Strike_G+1","Strike_G","Strike_G","Survivor","Neutralize","Flying Knee","Doubt","Crippling Poison","Skewer+1","Dodge and Roll","Noxious Fumes","Corpse Explosion","Backflip"],"relics":["Ring of the Snake","NeowsBlessing","FaceOfCleric","Centennial Puzzle","TwistedFunnel","Orichalcum","Bottled Flame"],"potions_floor_usage":[16],"damage_taken":[{"damage":0,"enemies":"2 Louse","floor":1,"turns":1},{"damage":0,"enemies":"Jaw Worm","floor":4,"turns":1},{"damage":0,"enemies":"Lagavulin","floor":6,"turns":1},{"damage":0,"enemies":"Cultist","floor":8,"turns":4},{"damage":9,"enemies":"Gremlin Nob","floor":12,"turns":4},{"damage":3,"enemies":"Large Slime","floor":14,"turns":5},{"damage":55,"enemies":"Slime Boss","floor":16,"turns":7}],"seed_played":"-677332336275698078","potions_obtained":[{"floor":1,"key":"SteroidPotion"}],"is_trial":false,"path_per_floor":["M","?","?","M","?","E","$","M","T","R","?","E","$","M","R","B"],"character_chosen":"THE_SILENT","items_purchased":["TwistedFunnel","Corpse Explosion"],"campfire_rested":1,"item_purchase_floors":[7,13],"current_hp_per_floor":[63,63,49,49,49,50,50,51,51,51,40,32,32,30,52,0],"gold":47,"neow_bonus":"THREE_ENEMY_KILL","is_prod":false,"is_daily":false,"chose_seed":false,"campfire_upgraded":1,"win_rate":0,"timestamp":1557420783,"path_taken":["M","?","?","M","?","E","$","?","T","R","?","E","$","M","R","BOSS"],"build_version":"2019-01-23","purchased_purges":1,"victory":false,"max_hp_per_floor":[70,70,70,70,70,71,71,72,72,72,72,73,73,74,74,74],"card_choices":[{"not_picked":["Catalyst","Prepared"],"picked":"Flying Knee","floor":1},{"not_picked":["Deadly Poison","Prepared"],"picked":"Crippling Poison","floor":4},{"not_picked":["Burst","Setup"],"picked":"Skewer","floor":6},{"not_picked":["Dagger Spray","Underhanded Strike"],"picked":"Dodge and Roll","floor":8},{"not_picked":["Tactician","Finisher"],"picked":"Noxious Fumes","floor":12},{"not_picked":["Acrobatics","Sucker Punch"],"picked":"Backflip","floor":14}],"player_experience":444638,"relics_obtained":[{"floor":6,"key":"Centennial Puzzle"},{"floor":9,"key":"Orichalcum"},{"floor":12,"key":"Bottled Flame"}],"event_choices":[{"damage_healed":0,"gold_gain":175,"player_choice":"AGREE","damage_taken":0,"max_hp_gain":0,"max_hp_loss":0,"event_name":"Liars Game","floor":2,"gold_loss":0,"cards_obtained":["Doubt"]},{"damage_healed":0,"gold_gain":0,"player_choice":"Entered Light","damage_taken":14,"max_hp_gain":0,"max_hp_loss":0,"event_name":"Shining Light","floor":3,"gold_loss":0,"cards_upgraded":["Strike_G","Strike_G"]},{"damage_healed":0,"gold_gain":0,"player_choice":"Trade","damage_taken":0,"relics_obtained":["FaceOfCleric"],"max_hp_gain":0,"max_hp_loss":0,"event_name":"FaceTrader","floor":5,"gold_loss":0},{"damage_healed":0,"gold_gain":75,"player_choice":"Gather Gold","damage_taken":11,"max_hp_gain":0,"max_hp_loss":0,"event_name":"World of Goop","floor":11,"gold_loss":0}],"is_beta":false,"boss_relics":[],"items_purged_floors":[7],"is_endless":false,"potions_floor_spawned":[1],"killed_by":"Slime Boss","ascension_level":8}