{"gold_per_floor":[112,8,8,23,23,23,54,64,64,76,76,76,125,150,150,150],"floor_reached":16,"playtime":261,"items_purged":[],"score":266,"play_id":"ae592c0c-2ea7-4c36-8cf6-ba590e77ee7d","local_time":"20190513155757","is_ascension_mode":true,"campfire_choices":[{"data":"Armaments","floor":6.0,"key":"SMITH"},{"data":"True Grit","floor":15,"key":"SMITH"}],"neow_cost":"NONE","seed_source_timestamp":262021284760717,"circlet_count":0,"master_deck":["AscendersBane","Strike_R","Strike_R","Strike_R","Strike_R","Strike_R","Defend_R","Defend_R","Defend_R","Defend_R","Bash","Armaments+1","Body Slam","True Grit+1","Pain","Decay","Carnage+1"],"special_seed":0,"relics":["Burning Blood","NeowsBlessing","WarpedTongs","Meat on the Bone","Juzu Bracelet","Potion Belt","Molten Egg 2"],"potions_floor_usage":[14,16],"damage_taken":[{"damage":0.0,"enemies":"Jaw Worm","floor":1.0,"turns":1.0},{"damage":0.0,"enemies":"Cultist","floor":4.0,"turns":1.0},{"damage":1.0,"enemies":"3 Sentries","floor":7.0,"turns":2.0},{"damage":3.0,"enemies":"Small Slimes","floor":8.0,"turns":4.0},{"damage":38.0,"enemies":"Exordium Thugs","floor":10.0,"turns":6.0},{"damage":67,"enemies":"Gremlin Nob","floor":14,"turns":5},{"damage":40,"enemies":"Hexaghost","floor":16,"turns":9}],"seed_played":"-971748314865212488","potions_obtained":[{"floor":4.0,"key":"Regen Potion"},{"floor":7.0,"key":"FairyPotion"},{"floor":10.0,"key":"FearPotion"}],"is_trial":false,"path_per_floor":["M","$","?","M","?","R","E","M","T","M","?","?","T","E","R","B"],"character_chosen":"IRONCLAD","items_purchased":["Body Slam","True Grit"],"campfire_rested":0,"item_purchase_floors":[2,2],"current_hp_per_floor":[74,74,74,75,57,57,62,65,65,45,45,45,45,25,25,0],"gold":150,"neow_bonus":"THREE_ENEMY_KILL","is_prod":false,"is_daily":false,"chose_seed":false,"campfire_upgraded":2,"win_rate":0,"timestamp":1557734277,"path_taken":["M","$","?","?","?","R","E","M","T","M","?","?","?","E","R","BOSS"],"build_version":"2019-01-23","purchased_purges":0,"victory":false,"max_hp_per_floor":[75,75,75,75,75,75,75,75,75,75,75,75,75,75,75,75],"card_choices":[{"not_picked":["Heavy Blade","Reckless Charge"],"picked":"Armaments","floor":1.0},{"not_picked":["Entrench","Fire Breathing","Sword Boomerang"],"picked":"SKIP","floor":4.0},{"not_picked":["Rampage","Cleave","Combust"],"picked":"SKIP","floor":7.0},{"not_picked":["Dual Wield","Sever Soul","Entrench"],"picked":"SKIP","floor":8.0},{"not_picked":["Anger","Clothesline","Body Slam"],"picked":"SKIP","floor":10.0},{"not_picked":["Warcry","Sever Soul"],"picked":"Carnage","floor":14}],"player_experience":1639066,"relics_obtained":[{"floor":7.0,"key":"Juzu Bracelet"},{"floor":9.0,"key":"Potion Belt"},{"floor":14,"key":"Molten Egg 2"}],"event_choices":[{"damage_healed":0.0,"max_hp_gain":0.0,"max_hp_loss":0.0,"gold_gain":0.0,"event_name":"Accursed Blacksmith","player_choice":"Rummage","floor":3.0,"gold_loss":0.0,"damage_taken":0.0,"relics_obtained":["WarpedTongs"],"cards_obtained":["Pain"]},{"damage_healed":0.0,"max_hp_gain":0.0,"max_hp_loss":0.0,"gold_gain":0.0,"event_name":"Scrap Ooze","player_choice":"Success","floor":5.0,"gold_loss":0.0,"damage_taken":18.0,"relics_obtained":["Meat on the Bone"]},{"damage_healed":0.0,"max_hp_gain":0.0,"max_hp_loss":0.0,"gold_gain":0.0,"event_name":"Wheel of Change","player_choice":"Cursed","floor":11.0,"gold_loss":0.0,"damage_taken":0.0,"cards_obtained":["Decay"]},{"damage_healed":0.0,"max_hp_gain":0.0,"max_hp_loss":0.0,"gold_gain":0.0,"event_name":"Liars Game","player_choice":"Ignored","floor":12.0,"gold_loss":0.0,"damage_taken":0.0}],"is_beta":false,"boss_relics":[],"items_purged_floors":[],"is_endless":false,"potions_floor_spawned":[4,7,10],"killed_by":"Hexaghost","ascension_level":20}