{"path_per_floor":["M","M","$","M","?","R","M","R","T","$","M","?","R","M","R","B",null,"M","$","?","?","M","R","?","R","T","$","E","?","M","M","R","B",null,"M","M","?","M"],"character_chosen":"IRONCLAD","items_purchased":["Metallicize","Flex"],"gold_per_floor":[114,130,21,38,38,38,54,54,54,54,65,65,65,82,82,186,186,202,102,102,102,113,113,38,38,89,66,91,91,110,125,125,227,257,267,280,280,291],"floor_reached":39,"campfire_rested":3,"playtime":2433,"current_hp_per_floor":[73,79,79,80,80,80,72,72,72,72,67,51,51,57,80,47,80,80,80,80,64,45,45,45,69,69,69,37,37,35,41,80,28,85,62,56,56,29],"items_purged":["Strike_R","Strike_R"],"gold":291,"score":358,"play_id":"d8ea596f-8a47-4c0e-8f73-1cabbc811c72","is_prod":false,"is_daily":false,"is_ascension_mode":true,"campfire_upgraded":4,"path_taken":["M","M","$","?","?","R","M","R","T","$","?","?","R","M","R","BOSS","M","$","?","?","M","R","?","R","T","?","E","?","?","M","R","BOSS","M","M","?","M","M"],"build_version":"2018-02-22-PROD2","purchased_purges":3,"victory":false,"master_deck":["Strike_R+1","Strike_R+1","Defend_R+1","Defend_R+1","Defend_R+1","Defend_R+1","Bash+1","Limit Break+1","Flex+1","Blood for Blood","Metallicize","Whirlwind+1","Dropkick+1","Second Wind","Rampage+1","Double Tap","Uppercut+1","Cleave+1","Flex","Sword Boomerang+1","Flex","Twin Strike","Reaper","Dual Wield","Armaments","Pummel+1","Whirlwind+1"],"max_hp_per_floor":[80,80,80,80,80,80,80,80,80,80,80,80,80,80,80,80,80,80,80,80,80,80,80,80,80,80,80,80,80,80,80,80,80,85,85,85,85,85],"relics":["Burning Blood","Ginger","Mark of Pain","Omamori","Nilry\u0027s Codex","Regal Pillow","Toolbox","Tiny House"],"card_choices":[{"not_picked":["Perfected Strike","Limit Break"],"picked":"Flex"},{"not_picked":["Anger","Flex"],"picked":"Blood for Blood"},{"not_picked":["Wild Strike","True Grit"],"picked":"Whirlwind"},{"not_picked":["Infernal Blade","Thunderclap"],"picked":"Dropkick"},{"not_picked":["Wild Strike","Bloodletting"],"picked":"Second Wind"},{"not_picked":["Sever Soul","Flex"],"picked":"Rampage"},{"not_picked":["Juggernaut","Limit Break"],"picked":"Double Tap"},{"not_picked":["Clash","Rampage"],"picked":"Uppercut"},{"not_picked":["Clash","True Grit"],"picked":"Cleave"},{"not_picked":["Fiend Fire","Infernal Blade"],"picked":"Sword Boomerang"},{"not_picked":["Perfected Strike","Sword Boomerang"],"picked":"Flex"},{"not_picked":["Sword Boomerang","Clash"],"picked":"Twin Strike"},{"not_picked":["Fiend Fire","Dark Embrace"],"picked":"Reaper"},{"not_picked":["Armaments","Iron Wave"],"picked":"Dual Wield"},{"not_picked":["Clash","Warcry"],"picked":"Armaments"},{"not_picked":["Flex","Sword Boomerang"],"picked":"Pummel"},{"not_picked":["Twin Strike","Body Slam"],"picked":"Whirlwind"}],"player_experience":146109,"potions_floor_usage":[33,33,33,39,39,39],"damage_taken":[{"damage":13,"enemies":"Cultist","floor":1,"turns":5},{"damage":0,"enemies":"2 Louse","floor":2,"turns":2},{"damage":5,"enemies":"Small Slimes","floor":4,"turns":4},{"damage":14,"enemies":"2 Fungi Beasts","floor":7,"turns":3},{"damage":11,"enemies":"Gremlin Gang","floor":11,"turns":2},{"damage":0,"enemies":"3 Louse","floor":14,"turns":1},{"damage":39,"enemies":"Hexaghost","floor":16,"turns":7},{"damage":0,"enemies":"Chosen","floor":18,"turns":3},{"damage":25,"enemies":"Spheric Guardian","floor":22,"turns":6},{"damage":38,"enemies":"Gremlin Leader","floor":28,"turns":6},{"damage":8,"enemies":"Snecko","floor":30,"turns":4},{"damage":0,"enemies":"Cultist and Chosen","floor":31,"turns":3},{"damage":58,"enemies":"Collector","floor":33,"turns":8},{"damage":29,"enemies":"3 Darklings","floor":35,"turns":5},{"damage":22,"enemies":"Orb Walker","floor":36,"turns":4},{"damage":49,"enemies":"4 Shapes","floor":38,"turns":5},{"damage":34,"enemies":"Maw","floor":39,"turns":7}],"event_choices":[{"event_name":"Living Wall","player_choice":"Grow","floor":5,"damage_taken":0},{"event_name":"Shining Light","player_choice":"Entered Light","floor":12,"damage_taken":0},{"event_name":"The Mausoleum","player_choice":"Yes","floor":20,"damage_taken":0},{"event_name":"Cursed Tome","player_choice":"Obtained Book","floor":21,"damage_taken":0},{"event_name":"Beggar","player_choice":"Gave Gold","floor":24,"damage_taken":0},{"event_name":"Back to Basics","player_choice":"Simplicity","floor":29,"damage_taken":0},{"event_name":"Tomb of Lord Red Mask","player_choice":"Ignored","floor":37,"damage_taken":0}],"boss_relics":[{"not_picked":["Orrery","Ectoplasm"],"picked":"Mark of Pain"},{"not_picked":["Runic Dome","Black Star"],"picked":"Tiny House"}],"potions_floor_spawned":[4,28,31,33,38],"seed_played":"2787248421112355993","killed_by":"Maw","ascension_level":1,"is_trial":false}