{"gold_per_floor":[110,59,78,97,272,272,272,292,292,292,190,190,206,219,219,320,320,340,353,268,278,278,290,290,308,308,321,67,85,99,118,118,215,215,225,225,77,96,113,113,126,126,126,126,143,143,66,0,0,0],"floor_reached":51,"playtime":3659,"items_purged":["Strike_G","Strike_G"],"score":595,"play_id":"d4e76bdb-4c6e-4431-9b0c-009ed2e0fa51","local_time":"20181129143612","is_ascension_mode":false,"campfire_choices":[{"floor":7.0,"key":"REST"},{"floor":15.0,"key":"REST"},{"data":"Neutralize","floor":24,"key":"SMITH"},{"floor":32,"key":"REST"},{"data":"Malaise","floor":40,"key":"SMITH"},{"data":"Adrenaline","floor":42,"key":"SMITH"},{"data":"Blur","floor":44,"key":"SMITH"},{"floor":49,"key":"REST"}],"neow_cost":"NONE","seed_source_timestamp":0,"circlet_count":0,"master_deck":["Defend_G+1","Defend_G+1","Survivor","Neutralize+1","Acrobatics","PiercingWail","Backflip","PiercingWail","Backflip","Quick Slash+1","Adrenaline+1","Noxious Fumes+1","Bouncing Flask+1","After Image+1","All Out Attack+1","Backflip","Dagger Spray+1","Cloak And Dagger+1","Dash+1","Dagger Throw+1","Malaise+1","Acrobatics+1","Madness","Madness","Prepared+1","PiercingWail+1","Blur+1","Well Laid Plans+1","Escape Plan"],"special_seed":0,"relics":["Ring of the Snake","Vajra","Molten Egg 2","War Paint","Question Card","Astrolabe","Regal Pillow","Ancient Tea Set","Anchor","Empty Cage","Bronze Scales","Meat on the Bone","Red Mask"],"potions_floor_usage":[29,50,50],"damage_taken":[{"damage":0.0,"enemies":"2 Louse","floor":1.0,"turns":4.0},{"damage":5.0,"enemies":"Small Slimes","floor":3.0,"turns":4.0},{"damage":1.0,"enemies":"Jaw Worm","floor":4.0,"turns":4.0},{"damage":8.0,"enemies":"Exordium Thugs","floor":8.0,"turns":9.0},{"damage":0.0,"enemies":"Blue Slaver","floor":13.0,"turns":6.0},{"damage":2.0,"enemies":"Lots of Slimes","floor":14.0,"turns":7.0},{"damage":53.0,"enemies":"The Guardian","floor":16.0,"turns":25.0},{"damage":0,"enemies":"Spheric Guardian","floor":18,"turns":3},{"damage":5,"enemies":"Shell Parasite","floor":19,"turns":7},{"damage":14,"enemies":"3 Cultists","floor":21,"turns":5},{"damage":8,"enemies":"Cultist and Chosen","floor":23,"turns":6},{"damage":3,"enemies":"Centurion and Healer","floor":25,"turns":7},{"damage":1,"enemies":"Snake Plant","floor":27,"turns":4},{"damage":8,"enemies":"Sentry and Sphere","floor":29,"turns":6},{"damage":0,"enemies":"Shelled Parasite and Fungi","floor":30,"turns":6},{"damage":1,"enemies":"Cultist and Chosen","floor":31,"turns":6},{"damage":47,"enemies":"Champ","floor":33,"turns":13},{"damage":0,"enemies":"Orb Walker","floor":35,"turns":5},{"damage":2,"enemies":"3 Shapes","floor":38,"turns":4},{"damage":3,"enemies":"Maw","floor":39,"turns":9},{"damage":3,"enemies":"Sphere and 2 Shapes","floor":41,"turns":4},{"damage":23,"enemies":"Transient","floor":45,"turns":5},{"damage":49,"enemies":"Time Eater","floor":50,"turns":12}],"seed_played":"-6870786055895919298","potions_obtained":[{"floor":1.0,"key":"SkillPotion"},{"floor":4.0,"key":"Poison Potion"},{"floor":14.0,"key":"Block Potion"},{"floor":19,"key":"AttackPotion"},{"floor":21,"key":"Poison Potion"},{"floor":27,"key":"FearPotion"},{"floor":31,"key":"PowerPotion"}],"is_trial":false,"path_per_floor":["M","$","M","M","?","?","R","M","T","?","$","T","M","M","R","B",null,"M","M","?","M","?","M","R","M","T","M","$","M","M","M","R","B",null,"M","?","$","M","M","R","M","R","T","R","M","?","$","?","R","B",null],"character_chosen":"THE_SILENT","items_purchased":["Acrobatics","PiercingWail","Anchor","Bronze Scales","Escape Plan"],"campfire_rested":4,"item_purchase_floors":[2,11,28,37,47],"current_hp_per_floor":[70,70,65,64,64,31,52,44,44,37,37,37,37,35,56,3,70,70,65,65,51,51,43,43,40,40,39,39,31,31,30,66,19,70,70,61,61,59,56,56,53,53,53,53,42,42,42,42,70,33],"gold":0,"neow_bonus":"RANDOM_COMMON_RELIC","is_prod":false,"is_daily":false,"chose_seed":false,"campfire_upgraded":4,"win_rate":0,"timestamp":1543469772,"path_taken":["M","$","M","M","?","?","R","M","T","?","$","?","M","M","R","BOSS","M","M","?","M","?","?","R","M","T","M","$","M","M","M","R","BOSS","M","?","$","M","M","R","M","R","T","R","M","?","$","?","R","BOSS"],"build_version":"2018-11-15","purchased_purges":2,"victory":true,"max_hp_per_floor":[70,70,70,70,70,70,70,70,70,70,70,70,70,70,70,70,70,70,70,70,70,70,70,70,70,70,70,70,70,70,70,70,70,70,70,70,70,70,70,70,70,70,70,70,70,70,70,70,70,70],"card_choices":[{"not_picked":["Flying Knee","Predator","Accuracy"],"picked":"SKIP","floor":1.0},{"not_picked":["Dodge and Roll","Deadly Poison"],"picked":"PiercingWail","floor":3.0},{"not_picked":["Flying Knee","Prepared"],"picked":"Backflip","floor":4.0},{"not_picked":["Bane+1","Dodge and Roll","Deadly Poison"],"picked":"SKIP","floor":8.0},{"not_picked":["Infinite Blades","Calculated Gamble","Eviscerate+1"],"picked":"Backflip","floor":13.0},{"not_picked":["Setup","Catalyst","Bane+1"],"picked":"Quick Slash+1","floor":14.0},{"not_picked":["Malaise","Corpse Explosion","Burst"],"picked":"Adrenaline","floor":16.0},{"not_picked":["Underhanded Strike+1","Sucker Punch+1","Blade Dance"],"picked":"All Out Attack+1","floor":18},{"not_picked":["Outmaneuver","Blur","Slice+1"],"picked":"Backflip","floor":19},{"not_picked":["Deadly Poison","Poisoned Stab+1","Dodge and Roll","Setup"],"picked":"SKIP","floor":21},{"not_picked":["Deflect","Finisher+1","Backflip"],"picked":"Dagger Spray+1","floor":23},{"not_picked":["Deflect","Corpse Explosion","Crippling Poison+1"],"picked":"Cloak And Dagger+1","floor":25},{"not_picked":["Flying Knee+1","Dodge and Roll","Underhanded Strike+1","Predator+1"],"picked":"SKIP","floor":27},{"not_picked":["Poisoned Stab+1","Blade Dance","Leg Sweep","Expertise+1"],"picked":"SKIP","floor":29},{"not_picked":["Deflect","Sucker Punch+1","Acrobatics"],"picked":"Dash+1","floor":30},{"not_picked":["Bane+1","Predator+1","Reflex"],"picked":"Dagger Throw+1","floor":31},{"not_picked":["Die Die Die+1","Wraith Form v2","Storm of Steel"],"picked":"Malaise","floor":33},{"not_picked":["Poisoned Stab+1","Heel Hook+1","Deflect+1"],"picked":"Acrobatics+1","floor":35},{"not_picked":["Catalyst","Masterful Stab+1","Dagger Spray+1"],"picked":"Prepared+1","floor":38},{"not_picked":["Setup+1","Cloak And Dagger","Sucker Punch+1"],"picked":"PiercingWail+1","floor":39},{"not_picked":["Sucker Punch+1","Accuracy+1","Finisher+1"],"picked":"Blur","floor":41},{"not_picked":["Quick Slash+1","Backflip+1","Dagger Spray+1"],"picked":"Well Laid Plans+1","floor":45}],"player_experience":161194,"relics_obtained":[{"floor":9.0,"key":"War Paint"},{"floor":12.0,"key":"Question Card"},{"floor":26,"key":"Ancient Tea Set"},{"floor":43,"key":"Meat on the Bone"}],"event_choices":[{"damage_healed":0.0,"max_hp_gain":0.0,"max_hp_loss":0.0,"gold_gain":175.0,"event_name":"Liars Game","player_choice":"AGREE","floor":5.0,"gold_loss":0.0,"damage_taken":0.0,"cards_obtained":["Doubt"]},{"damage_healed":0.0,"max_hp_gain":0.0,"max_hp_loss":0.0,"gold_gain":0.0,"event_name":"Scrap Ooze","player_choice":"Success","floor":6.0,"gold_loss":0.0,"damage_taken":33.0,"relics_obtained":["Molten Egg 2"]},{"cards_removed":["Doubt"],"damage_healed":0.0,"max_hp_gain":0.0,"max_hp_loss":0.0,"gold_gain":0.0,"event_name":"Golden Wing","player_choice":"Card Removal","floor":10.0,"gold_loss":0.0,"damage_taken":7.0},{"damage_healed":0,"gold_gain":0,"player_choice":"Obtained Relic","damage_taken":0,"relics_obtained":["Regal Pillow"],"max_hp_gain":0,"max_hp_loss":0,"event_name":"Addict","floor":20,"gold_loss":85},{"cards_removed":["Defend_G"],"damage_healed":0,"gold_gain":0,"player_choice":"Offered Basic","damage_taken":0,"max_hp_gain":0,"max_hp_loss":0,"event_name":"Bonfire Elementals","floor":22,"gold_loss":0},{"damage_healed":0,"gold_gain":0,"player_choice":"Embrace Madness","damage_taken":9,"max_hp_gain":0,"max_hp_loss":0,"event_name":"Winding Halls","floor":36,"gold_loss":0,"cards_obtained":["Madness","Madness"]},{"damage_healed":0,"gold_gain":0,"player_choice":"Ignored","damage_taken":0,"max_hp_gain":0,"max_hp_loss":0,"event_name":"Mysterious Sphere","floor":46,"gold_loss":0},{"damage_healed":0,"gold_gain":0,"player_choice":"Paid","damage_taken":0,"relics_obtained":["Red Mask"],"max_hp_gain":0,"max_hp_loss":0,"event_name":"Tomb of Lord Red Mask","floor":48,"gold_loss":66}],"is_beta":false,"boss_relics":[{"not_picked":["Philosopher\u0027s Stone","White Beast Statue"],"picked":"Astrolabe"},{"not_picked":["Velvet Choker","Calling Bell"],"picked":"Empty Cage"}],"items_purged_floors":[11,28],"is_endless":false,"potions_floor_spawned":[1,4,14,19,21,27,31,41],"ascension_level":0}