{"gold_per_floor":[114,124,138,138,63,90,121,161,243,255,74,74,74,91,91,193,193,181,181,193,0,0,0,13,38,38,38,137,137,137,150,150,248,248,265,50,50,50,61,96,96,122,149,149,161,175,175,175],"floor_reached":48,"playtime":2738,"items_purged":["Strike_R"],"score":799,"play_id":"d34aaa63-5eb7-4d73-9271-a7056ddc8305","local_time":"20190126123401","is_ascension_mode":true,"campfire_choices":[{"floor":10,"key":"REST"},{"data":"Armaments","floor":13,"key":"SMITH"},{"data":"Body Slam","floor":15,"key":"SMITH"},{"data":"Body Slam","floor":23,"key":"SMITH"},{"floor":27,"key":"REST"},{"floor":29,"key":"REST"},{"floor":32,"key":"REST"},{"floor":41,"key":"REST"},{"floor":44,"key":"REST"},{"floor":47,"key":"REST"}],"neow_cost":"NONE","seed_source_timestamp":238526381740300,"circlet_count":0,"master_deck":["AscendersBane","Strike_R","Strike_R","Strike_R","Strike_R","Defend_R","Defend_R","Defend_R","Defend_R","Bash","Armaments+1","Shrug It Off","Cleave","Clash","Armaments+1","Spot Weakness","Body Slam+1","Bludgeon","Inflame","Body Slam+1","Body Slam","Heavy Blade+1","Juggernaut","Entrench","Metallicize","Juggernaut","Entrench","Headbutt+1","Sword Boomerang+1","Parasite"],"relics":["Black Blood","MawBank","Pocketwatch","Mummified Hand","Strange Spoon","Strawberry","Pear","Lantern","Self Forming Clay","Mark of Pain","Anchor","Torii","Ancient Tea Set","Happy Flower"],"potions_floor_usage":[6,8,16,16,24,25,33,40,40,42,42,46],"damage_taken":[{"damage":0,"enemies":"Small Slimes","floor":1,"turns":3},{"damage":1,"enemies":"Cultist","floor":2,"turns":4},{"damage":3,"enemies":"2 Louse","floor":3,"turns":3},{"damage":23,"enemies":"Gremlin Nob","floor":6,"turns":4},{"damage":3,"enemies":"Looter","floor":7,"turns":3},{"damage":25,"enemies":"Lagavulin","floor":8,"turns":9},{"damage":16,"enemies":"3 Louse","floor":14,"turns":3},{"damage":22,"enemies":"Hexaghost","floor":16,"turns":7},{"damage":13,"enemies":"2 Thieves","floor":18,"turns":4},{"damage":25,"enemies":"Chosen","floor":20,"turns":6},{"damage":17,"enemies":"Snake Plant","floor":24,"turns":2},{"damage":69,"enemies":"Slavers","floor":25,"turns":8},{"damage":18,"enemies":"Chosen and Byrds","floor":31,"turns":6},{"damage":88,"enemies":"Automaton","floor":33,"turns":12},{"damage":23,"enemies":"Orb Walker","floor":35,"turns":4},{"damage":35,"enemies":"3 Darklings","floor":39,"turns":7},{"damage":42,"enemies":"Nemesis","floor":40,"turns":7},{"damage":51,"enemies":"Reptomancer","floor":42,"turns":5},{"damage":12,"enemies":"4 Shapes","floor":45,"turns":6},{"damage":28,"enemies":"Writhing Mass","floor":46,"turns":7},{"damage":62,"enemies":"Transient","floor":48,"turns":5}],"seed_played":"9204310579211402334","potions_obtained":[{"floor":0,"key":"SneckoOil"},{"floor":0,"key":"Dexterity Potion"},{"floor":0,"key":"FearPotion"},{"floor":1,"key":"AttackPotion"},{"floor":2,"key":"LiquidBronze"},{"floor":6,"key":"Explosive Potion"},{"floor":18,"key":"Dexterity Potion"},{"floor":24,"key":"Regen Potion"},{"floor":25,"key":"SkillPotion"},{"floor":30,"key":"Regen Potion"},{"floor":30,"key":"Dexterity Potion"},{"floor":31,"key":"BloodPotion"},{"floor":33,"key":"SpeedPotion"},{"floor":40,"key":"EssenceOfSteel"},{"floor":42,"key":"SpeedPotion"}],"is_trial":false,"path_per_floor":["M","M","M","?","$","E","M","E","T","R","$","?","R","M","R","B",null,"M","?","M","?","$","R","M","E","T","R","?","R","?","M","R","B",null,"M","$","?","$","M","E","R","E","T","R","M","M","R","M"],"character_chosen":"IRONCLAD","items_purchased":["Strange Spoon","Metallicize","Anchor"],"campfire_rested":7,"item_purchase_floors":[11,36,36],"current_hp_per_floor":[78,80,80,80,80,63,66,47,47,71,71,75,75,65,65,49,78,75,85,70,70,70,70,63,19,19,48,48,77,77,69,97,19,78,65,65,65,65,40,32,61,20,20,49,47,29,58,0],"gold":175,"neow_bonus":"THREE_SMALL_POTIONS","is_prod":false,"is_daily":false,"chose_seed":false,"campfire_upgraded":3,"win_rate":0,"timestamp":1548502441,"path_taken":["M","M","M","?","$","E","?","E","T","R","$","?","R","M","R","BOSS","M","?","M","?","$","R","?","E","T","R","?","R","?","?","R","BOSS","M","$","?","$","M","E","R","E","T","R","M","M","R","M"],"build_version":"2019-01-23","purchased_purges":1,"victory":false,"max_hp_per_floor":[80,80,80,80,80,80,80,80,80,80,80,87,87,87,87,87,87,87,97,97,97,97,97,97,97,97,97,97,97,97,97,97,97,97,97,97,97,97,97,97,97,97,97,97,97,97,97,97],"card_choices":[{"not_picked":["Dual Wield","Flex"],"picked":"Armaments","floor":1},{"not_picked":["Bloodletting","Pummel"],"picked":"Shrug It Off","floor":2},{"not_picked":["Sword Boomerang","Iron Wave"],"picked":"Cleave","floor":3},{"not_picked":["Evolve","Sword Boomerang"],"picked":"Clash","floor":6},{"not_picked":["Sword Boomerang","Shockwave"],"picked":"Armaments","floor":7},{"not_picked":["Shockwave","Cleave"],"picked":"Spot Weakness","floor":8},{"not_picked":["True Grit","Flex"],"picked":"Body Slam","floor":14},{"not_picked":["Offering","Immolate"],"picked":"Bludgeon","floor":16},{"not_picked":["Wild Strike","Cleave"],"picked":"Inflame","floor":18},{"not_picked":["Clothesline","Shrug It Off"],"picked":"Body Slam","floor":20},{"not_picked":["Armaments","Anger+1","Rupture"],"picked":"SKIP","floor":24},{"not_picked":["Wild Strike","Pommel Strike"],"picked":"Body Slam","floor":25},{"not_picked":["Sword Boomerang","Clash"],"picked":"Heavy Blade+1","floor":31},{"not_picked":["Dark Embrace","Impervious"],"picked":"Juggernaut","floor":33},{"not_picked":["Carnage+1","Reckless Charge+1"],"picked":"Entrench","floor":35},{"not_picked":["Headbutt+1","Pommel Strike"],"picked":"Entrench","floor":39},{"not_picked":["Uppercut","Power Through+1"],"picked":"Headbutt+1","floor":40},{"not_picked":["Cleave","Flex"],"picked":"Sword Boomerang+1","floor":42},{"not_picked":["Sword Boomerang","Armaments","Combust+1"],"picked":"SKIP","floor":45},{"not_picked":["Wild Strike","Thunderclap+1","Rupture"],"picked":"SKIP","floor":46}],"player_experience":1304135,"relics_obtained":[{"floor":6,"key":"MawBank"},{"floor":8,"key":"Pocketwatch"},{"floor":9,"key":"Mummified Hand"},{"floor":25,"key":"Lantern"},{"floor":26,"key":"Self Forming Clay"},{"floor":40,"key":"Torii"},{"floor":42,"key":"Ancient Tea Set"},{"floor":43,"key":"Happy Flower"}],"event_choices":[{"damage_healed":0,"gold_gain":0,"player_choice":"Upgraded","damage_taken":0,"max_hp_gain":0,"max_hp_loss":0,"event_name":"Upgrade Shrine","floor":4,"gold_loss":0,"cards_upgraded":["Armaments"]},{"damage_healed":0,"gold_gain":0,"player_choice":"Success","damage_taken":3,"relics_obtained":["Strawberry"],"max_hp_gain":0,"max_hp_loss":0,"event_name":"Scrap Ooze","floor":12,"gold_loss":0},{"damage_healed":0,"gold_gain":0,"player_choice":"Opened","damage_taken":0,"relics_obtained":["Pear"],"max_hp_gain":0,"max_hp_loss":0,"event_name":"The Mausoleum","floor":19,"gold_loss":0},{"damage_healed":0,"gold_gain":0,"player_choice":"Paid Fearfully","damage_taken":0,"max_hp_gain":0,"max_hp_loss":0,"event_name":"Masked Bandits","floor":21,"gold_loss":193},{"damage_healed":0,"gold_gain":99,"player_choice":"Stole From Cult","damage_taken":0,"max_hp_gain":0,"max_hp_loss":0,"event_name":"Nest","floor":28,"gold_loss":0},{"damage_healed":0,"gold_gain":0,"player_choice":"Got Potions","damage_taken":0,"max_hp_gain":0,"max_hp_loss":0,"event_name":"Lab","floor":30,"gold_loss":0},{"damage_healed":0,"gold_gain":0,"player_choice":"1 cards matched","damage_taken":0,"max_hp_gain":0,"max_hp_loss":0,"event_name":"Match and Keep!","floor":37,"gold_loss":0,"cards_obtained":["Juggernaut"]}],"is_beta":false,"boss_relics":[{"not_picked":["Philosopher\u0027s Stone","Eternal Feather"],"picked":"Black Blood"},{"not_picked":["Runic Pyramid","Tiny House"],"picked":"Mark of Pain"}],"items_purged_floors":[5],"is_endless":false,"potions_floor_spawned":[1,2,6,18,24,25,31,33,40,42],"killed_by":"Transient","ascension_level":10}