{"gold_per_floor":[112,262,187,201,126,153,73,73,73,73,73,83,83,116,116,194,194,210,12,28,38,38,64,64,64],"floor_reached":25,"playtime":1279,"items_purged":["Doubt","Strike_B"],"score":454,"play_id":"41e78805-f9e4-4983-b431-c46c3522f243","local_time":"20190513125655","is_ascension_mode":true,"campfire_choices":[{"data":"Zap","floor":8.0,"key":"SMITH"},{"data":"Machine Learning","floor":10.0,"key":"SMITH"},{"data":"Coolheaded","floor":13.0,"key":"SMITH"},{"data":"Dualcast","floor":15.0,"key":"SMITH"},{"floor":24,"key":"REST"}],"neow_cost":"TEN_PERCENT_HP_LOSS","seed_source_timestamp":415240902324800,"circlet_count":0,"master_deck":["AscendersBane","Defend_B","Defend_B","Defend_B","Defend_B","Zap+1","Dualcast+1","Machine Learning+1","Ball Lightning","Ball Lightning","Coolheaded+1","Ball Lightning","Echo Form+1","Capacitor+1","Conserve Battery","Defragment+1","Chill"],"special_seed":0,"relics":["Cracked Core","The Courier","Frozen Egg 2","DataDisk","Sozu","Happy Flower","Smiling Mask"],"potions_floor_usage":[23],"damage_taken":[{"damage":4.0,"enemies":"Small Slimes","floor":1.0,"turns":4.0},{"damage":3.0,"enemies":"2 Louse","floor":4.0,"turns":3.0},{"damage":15.0,"enemies":"Lagavulin","floor":6.0,"turns":5.0},{"damage":0.0,"enemies":"Jaw Worm","floor":12.0,"turns":3.0},{"damage":21.0,"enemies":"3 Sentries","floor":14.0,"turns":6.0},{"damage":19.0,"enemies":"Hexaghost","floor":16.0,"turns":8.0},{"damage":1.0,"enemies":"3 Byrds","floor":18.0,"turns":4.0},{"damage":22.0,"enemies":"Shell Parasite","floor":20.0,"turns":3.0},{"damage":3.0,"enemies":"Snecko","floor":21.0,"turns":5.0},{"damage":15,"enemies":"Book of Stabbing","floor":23,"turns":5},{"damage":29,"enemies":"Slavers","floor":25,"turns":1}],"seed_played":"583673631311394774","potions_obtained":[{"floor":6.0,"key":"Ancient Potion"},{"floor":12.0,"key":"GamblersBrew"}],"is_trial":false,"path_per_floor":["M","?","$","M","?","E","$","R","T","R","$","M","R","E","R","B",null,"M","$","M","M","?","E","R","E"],"character_chosen":"DEFECT","items_purchased":["Happy Flower","Capacitor+1"],"campfire_rested":1,"item_purchase_floors":[19,19],"current_hp_per_floor":[60,60,60,57,57,42,42,42,42,42,42,42,42,21,21,2,49,48,48,26,23,23,8,27,0],"gold":64,"neow_bonus":"TRANSFORM_TWO_CARDS","is_prod":false,"is_daily":false,"chose_seed":false,"campfire_upgraded":4,"win_rate":0,"timestamp":1557773815,"path_taken":["M","?","$","M","?","E","?","R","T","R","$","M","R","E","R","BOSS","M","$","M","M","?","E","R","E"],"build_version":"2019-01-23","purchased_purges":2,"victory":false,"max_hp_per_floor":[64,64,64,64,64,64,64,64,64,64,64,64,64,64,64,64,64,64,64,64,64,64,64,64,64],"card_choices":[{"not_picked":["Scrape","Rebound"],"picked":"Ball Lightning","floor":1.0},{"not_picked":["Barrage","Scrape","Beam Cell"],"picked":"SKIP","floor":4.0},{"not_picked":["Beam Cell","Stack"],"picked":"Coolheaded","floor":6.0},{"not_picked":["Steam","White Noise"],"picked":"Ball Lightning","floor":12.0},{"not_picked":["Storm+1","Double Energy","Blizzard"],"picked":"SKIP","floor":14.0},{"not_picked":["Buffer+1","Meteor Strike"],"picked":"Echo Form+1","floor":16.0},{"not_picked":["Beam Cell","Hello World+1","Steam"],"picked":"SKIP","floor":18.0},{"not_picked":["Gash","Streamline"],"picked":"Conserve Battery","floor":20.0},{"not_picked":["Go for the Eyes","Heatsinks+1"],"picked":"Defragment+1","floor":21.0},{"not_picked":["BootSequence+1","White Noise"],"picked":"Chill","floor":23}],"player_experience":1755806,"relics_obtained":[{"floor":6.0,"key":"The Courier"},{"floor":9.0,"key":"Frozen Egg 2"},{"floor":14.0,"key":"DataDisk"},{"floor":23,"key":"Smiling Mask"}],"event_choices":[{"damage_healed":0.0,"max_hp_gain":0.0,"max_hp_loss":0.0,"gold_gain":150.0,"event_name":"Liars Game","player_choice":"AGREE","floor":2.0,"gold_loss":0.0,"damage_taken":0.0,"cards_obtained":["Doubt"]},{"cards_removed":["Strike_B"],"damage_healed":0.0,"max_hp_gain":0.0,"max_hp_loss":0.0,"gold_gain":0.0,"event_name":"The Cleric","player_choice":"Card Removal","floor":5.0,"gold_loss":75.0,"damage_taken":0.0},{"damage_healed":0,"gold_gain":0,"player_choice":"Ignored","damage_taken":0,"max_hp_gain":0,"max_hp_loss":0,"event_name":"Cursed Tome","floor":22,"gold_loss":0}],"is_beta":false,"boss_relics":[{"not_picked":["Cursed Key","Empty Cage"],"picked":"Sozu"}],"items_purged_floors":[3,7],"is_endless":false,"potions_floor_spawned":[6,12,18],"killed_by":"Slavers","ascension_level":20}