{"gold_per_floor":[219,231,231,80,95,95,120,120,146,157,157,157,172,186,186,289,289,303,303,323,339,349,349],"floor_reached":23,"playtime":1296,"items_purged":[],"score":195,"play_id":"8e2a8a16-60ae-418b-ac0a-d1f8c49f2951","local_time":"20181021001644","is_ascension_mode":false,"campfire_choices":[{"data":"Limit Break","floor":6,"key":"SMITH"},{"data":"Entrench","floor":8,"key":"SMITH"},{"data":"Inflame","floor":15,"key":"SMITH"}],"neow_cost":"NONE","seed_source_timestamp":982764963100,"circlet_count":0,"master_deck":["Strike_R","Strike_R","Strike_R","Defend_R","Defend_R","Defend_R","Defend_R","Bash","Whirlwind","Shrug It Off","Limit Break+1","Rampage","Entrench+1","Inflame+1","Carnage","Barricade","Body Slam+1","RitualDagger","Shrug It Off","Combust","Juggernaut"],"relics":["Burning Blood","Strawberry","Centennial Puzzle","Lizard Tail"],"potions_floor_usage":[5,16,21,23],"damage_taken":[{"damage":5,"enemies":"2 Louse","floor":1,"turns":3},{"damage":1,"enemies":"Cultist","floor":2,"turns":3},{"damage":13,"enemies":"Small Slimes","floor":5,"turns":2},{"damage":15,"enemies":"Gremlin Nob","floor":7,"turns":4},{"damage":1,"enemies":"2 Fungi Beasts","floor":10,"turns":3},{"damage":7,"enemies":"Blue Slaver","floor":13,"turns":4},{"damage":3,"enemies":"Red Slaver","floor":14,"turns":5},{"damage":45,"enemies":"Slime Boss","floor":16,"turns":9},{"damage":9,"enemies":"Chosen","floor":18,"turns":6},{"damage":0,"enemies":"3 Byrds","floor":20,"turns":7},{"damage":32,"enemies":"Shelled Parasite and Fungi","floor":21,"turns":9},{"damage":48,"enemies":"Snake Plant","floor":22,"turns":7},{"damage":65,"enemies":"Book of Stabbing","floor":23,"turns":7}],"seed_played":"2979753432683029460","potions_obtained":[{"floor":1,"key":"AttackPotion"},{"floor":7,"key":"SneckoOil"},{"floor":20,"key":"PowerPotion"},{"floor":22,"key":"Energy Potion"}],"is_trial":false,"path_per_floor":["M","M","?","$","M","R","E","R","T","M","?","?","M","M","R","B",null,"M","?","M","M","M"],"character_chosen":"IRONCLAD","items_purchased":["Limit Break","Rampage"],"campfire_rested":0,"item_purchase_floors":[4,4],"current_hp_per_floor":[80,80,80,80,73,73,71,71,71,76,76,69,68,71,71,32,87,84,78,84,58,16,0],"gold":349,"neow_bonus":"HUNDRED_GOLD","is_prod":false,"is_daily":false,"chose_seed":false,"campfire_upgraded":3,"win_rate":0,"timestamp":1540073804,"path_taken":["M","M","?","$","M","R","E","R","T","?","?","?","M","M","R","BOSS","M","?","?","M","M","E"],"build_version":"2018-10-18","purchased_purges":0,"victory":false,"max_hp_per_floor":[80,80,80,80,80,80,87,87,87,87,87,87,87,87,87,87,87,87,87,87,87,87,87],"card_choices":[{"not_picked":["Rupture","Pommel Strike"],"picked":"Whirlwind","floor":1},{"not_picked":["Warcry","Clothesline"],"picked":"Shrug It Off","floor":2},{"not_picked":["Power Through","Clash","Iron Wave"],"picked":"SKIP","floor":5},{"not_picked":["True Grit","Shockwave"],"picked":"Entrench","floor":7},{"not_picked":["Anger","Combust"],"picked":"Inflame","floor":10},{"not_picked":["Pommel Strike","Iron Wave","Sword Boomerang"],"picked":"SKIP","floor":13},{"not_picked":["Reckless Charge","Perfected Strike","Wild Strike"],"picked":"SKIP","floor":14},{"not_picked":["Juggernaut","Impervious"],"picked":"Barricade","floor":16},{"not_picked":["Heavy Blade+1","Havoc"],"picked":"Body Slam+1","floor":18},{"not_picked":["Pommel Strike","Perfected Strike"],"picked":"Shrug It Off","floor":20},{"not_picked":["Clothesline","Intimidate+1"],"picked":"Combust","floor":21},{"not_picked":["Second Wind+1","Twin Strike"],"picked":"Juggernaut","floor":22}],"player_experience":732901,"relics_obtained":[{"floor":7,"key":"Strawberry"},{"floor":9,"key":"Centennial Puzzle"}],"event_choices":[{"damage_healed":0,"gold_gain":0,"player_choice":"0 cards matched","damage_taken":0,"max_hp_gain":0,"max_hp_loss":0,"event_name":"Match and Keep!","floor":3,"gold_loss":0,"cards_obtained":[]},{"damage_healed":0,"gold_gain":0,"cards_transformed":["Strike_R"],"player_choice":"Transformed","damage_taken":0,"max_hp_gain":0,"max_hp_loss":0,"event_name":"Transmorgrifier","floor":11,"gold_loss":0,"cards_obtained":["Carnage"]},{"cards_removed":["Strike_R"],"damage_healed":0,"gold_gain":0,"player_choice":"Card Removal","damage_taken":7,"max_hp_gain":0,"max_hp_loss":0,"event_name":"Golden Wing","floor":12,"gold_loss":0},{"damage_healed":0,"gold_gain":0,"player_choice":"Joined the Cult","damage_taken":6,"max_hp_gain":0,"max_hp_loss":0,"event_name":"Nest","floor":19,"gold_loss":0,"cards_obtained":["RitualDagger"]}],"is_beta":false,"boss_relics":[{"not_picked":["Pandora\u0027s Box","Cursed Key"],"picked":"Lizard Tail"}],"items_purged_floors":[],"is_endless":false,"potions_floor_spawned":[1,7,20,22],"killed_by":"Book of Stabbing","ascension_level":0}