{"gold_per_floor":[112,128,143,143,218,218,7,89,89,89,106,132,144,198,198,273,273,283,183,108,70,70],"floor_reached":22,"playtime":692,"items_purged":["Strike_G"],"score":368,"play_id":"ef843614-8c79-4c5f-b8d4-0cd6b6108d7d","local_time":"20190513172947","is_ascension_mode":true,"campfire_choices":[{"floor":6.0,"key":"REST"},{"data":"Neutralize","floor":10.0,"key":"SMITH"},{"data":"Acrobatics","floor":15.0,"key":"SMITH"}],"neow_cost":"PERCENT_DAMAGE","seed_source_timestamp":266738017991383,"circlet_count":0,"master_deck":["AscendersBane","Defend_G","Defend_G","Defend_G","Defend_G","Defend_G","Strike_G","Survivor","Neutralize+1","All Out Attack","Grand Finale","Backflip","Acrobatics+1","PiercingWail+1"],"special_seed":0,"relics":["Ring of the Snake","Medical Kit","Tough Bandages","Strawberry","Tiny Chest","Black Star","Gremlin Horn"],"potions_floor_usage":[],"damage_taken":[{"damage":12.0,"enemies":"Jaw Worm","floor":1.0,"turns":8.0},{"damage":0.0,"enemies":"Small Slimes","floor":2.0,"turns":3.0},{"damage":4.0,"enemies":"Cultist","floor":3.0,"turns":6.0},{"damage":0.0,"enemies":"Exordium Thugs","floor":11.0,"turns":3.0},{"damage":3.0,"enemies":"Gremlin Nob","floor":12.0,"turns":3.0},{"damage":0.0,"enemies":"2 Fungi Beasts","floor":13.0,"turns":4.0},{"damage":28.0,"enemies":"Hexaghost","floor":16.0,"turns":14.0},{"damage":15.0,"enemies":"3 Byrds","floor":18.0,"turns":7.0},{"damage":28.0,"enemies":"2 Thieves","floor":21.0,"turns":5.0},{"damage":6,"enemies":"Snecko","floor":22,"turns":6}],"seed_played":"-5581707102882500224","potions_obtained":[{"floor":3.0,"key":"SneckoOil"},{"floor":12.0,"key":"GhostInAJar"}],"is_trial":false,"path_per_floor":["M","M","M","?","?","R","$","T","T","R","M","E","M","T","R","B",null,"M","?","$","M","M"],"character_chosen":"THE_SILENT","items_purchased":["Medical Kit"],"campfire_rested":1,"item_purchase_floors":[7],"current_hp_per_floor":[32,32,28,21,10,29,29,29,29,29,29,33,33,33,33,5,56,41,41,41,13,7],"gold":70,"neow_bonus":"TRANSFORM_TWO_CARDS","is_prod":false,"is_daily":false,"chose_seed":false,"campfire_upgraded":2,"win_rate":0,"timestamp":1557739787,"path_taken":["M","M","M","?","?","R","$","?","T","R","M","E","?","?","R","BOSS","M","?","$","?","M"],"build_version":"2019-01-23","purchased_purges":1,"victory":false,"max_hp_per_floor":[66,66,66,66,66,66,66,66,66,66,66,73,73,73,73,73,73,73,73,73,73,73],"card_choices":[{"not_picked":["Deadly Poison","Distraction","Blade Dance"],"picked":"SKIP","floor":1.0},{"not_picked":["Predator","Crippling Poison"],"picked":"Backflip","floor":2.0},{"not_picked":["Concentrate","Leg Sweep","Predator"],"picked":"SKIP","floor":3.0},{"not_picked":["Sucker Punch","Reflex"],"picked":"Acrobatics","floor":11.0},{"not_picked":["Phantasmal Killer","Dodge and Roll","Blur"],"picked":"SKIP","floor":12.0},{"not_picked":["Setup","Choke","Bouncing Flask"],"picked":"SKIP","floor":13.0},{"not_picked":["Underhanded Strike","Deflect+1","Prepared"],"picked":"SKIP","floor":18.0},{"not_picked":["Acrobatics","Crippling Poison+1"],"picked":"PiercingWail+1","floor":21.0}],"player_experience":1643150,"relics_obtained":[{"floor":9.0,"key":"Tough Bandages"},{"floor":12.0,"key":"Strawberry"},{"floor":14.0,"key":"Tiny Chest"}],"event_choices":[{"cards_removed":["Strike_G"],"damage_healed":0.0,"max_hp_gain":0.0,"max_hp_loss":0.0,"gold_gain":0.0,"event_name":"Golden Wing","player_choice":"Card Removal","floor":4.0,"gold_loss":0.0,"damage_taken":7.0},{"damage_healed":0.0,"max_hp_gain":0.0,"max_hp_loss":0.0,"gold_gain":75.0,"event_name":"World of Goop","player_choice":"Gather Gold","floor":5.0,"gold_loss":0.0,"damage_taken":11.0},{"damage_healed":0.0,"max_hp_gain":0.0,"max_hp_loss":0.0,"gold_gain":0.0,"event_name":"WeMeetAgain","player_choice":"Paid Gold","floor":19.0,"gold_loss":100.0,"damage_taken":0.0,"relics_obtained":["Gremlin Horn"]}],"is_beta":false,"boss_relics":[{"not_picked":["Busted Crown","Eternal Feather"],"picked":"Black Star"}],"items_purged_floors":[20],"is_endless":false,"potions_floor_spawned":[3,12],"killed_by":"Snecko","ascension_level":20}