{"gold_per_floor":[113,133,213,8,8,34,53,53,53,53,53,53,87,87,87,216,216,234,234,260,8,31,71,71,71,71,115,140,140,175,175,175,277,277,294,85,85,85,96,96,96,96,96,96,96,116,133,144,144,144],"floor_reached":51,"playtime":2668,"items_purged":["Injury"],"score":772,"play_id":"fdf6863c-a39f-44d7-8686-c9227734f1ba","local_time":"20181108211701","is_ascension_mode":false,"campfire_choices":[{"floor":8,"key":"REST"},{"data":"Dual Wield","floor":10,"key":"SMITH"},{"floor":15,"key":"REST"},{"floor":24,"key":"REST"},{"floor":32,"key":"REST"},{"floor":40,"key":"DIG"},{"floor":42,"key":"REST"},{"floor":44,"key":"DIG"},{"floor":49,"key":"REST"}],"neow_cost":"NONE","seed_source_timestamp":163126621069500,"circlet_count":0,"master_deck":["Defend_R","Defend_R","Defend_R","Defend_R","Bash","Seeing Red","Twin Strike","Combust+1","Dual Wield+1","Demon Form","Limit Break","Armaments","Bite","Bite","Bite","Bite","Bite","Apotheosis","Double Tap","Battle Trance","Heavy Blade+1","Fiend Fire","Clumsy","Clumsy","Clumsy","Madness","Madness","Enlightenment","Dramatic Entrance+1","Secret Technique","Pommel Strike+1","Inflame+1","Inflame"],"relics":["Burning Blood","Question Card","Sling","Centennial Puzzle","Bloody Idol","PreservedInsect","Fusion Hammer","Ancient Tea Set","Oddly Smooth Stone","Bottled Lightning","Kunai","Nilry\u0027s Codex","Letter Opener","Calling Bell","Bronze Scales","Molten Egg 2","Shovel","ClockworkSouvenir","Pen Nib","Strawberry","Anchor"],"potions_floor_usage":[1,2,6,16,23,23,33,33,39],"damage_taken":[{"damage":1,"enemies":"Cultist","floor":1,"turns":4},{"damage":0,"enemies":"Small Slimes","floor":2,"turns":3},{"damage":21,"enemies":"Lagavulin","floor":6,"turns":4},{"damage":6,"enemies":"Jaw Worm","floor":7,"turns":3},{"damage":16,"enemies":"Gremlin Nob","floor":13,"turns":3},{"damage":62,"enemies":"The Guardian","floor":16,"turns":10},{"damage":18,"enemies":"Shell Parasite","floor":18,"turns":4},{"damage":29,"enemies":"2 Thieves","floor":22,"turns":5},{"damage":9,"enemies":"Book of Stabbing","floor":23,"turns":4},{"damage":9,"enemies":"Gremlin Leader","floor":27,"turns":3},{"damage":20,"enemies":"Chosen and Byrds","floor":28,"turns":4},{"damage":33,"enemies":"Book of Stabbing","floor":30,"turns":3},{"damage":83,"enemies":"Automaton","floor":33,"turns":8},{"damage":32,"enemies":"3 Shapes","floor":35,"turns":5},{"damage":11,"enemies":"3 Darklings","floor":39,"turns":2},{"damage":11,"enemies":"4 Shapes","floor":46,"turns":3},{"damage":41,"enemies":"Jaw Worm Horde","floor":47,"turns":4},{"damage":28,"enemies":"3 Darklings","floor":48,"turns":4},{"damage":68,"enemies":"Donu and Deca","floor":50,"turns":7}],"seed_played":"367634936668810606","potions_obtained":[{"floor":0,"key":"Strength Potion"},{"floor":0,"key":"Fire Potion"},{"floor":0,"key":"Strength Potion"},{"floor":1,"key":"AttackPotion"},{"floor":7,"key":"Ancient Potion"},{"floor":18,"key":"LiquidBronze"},{"floor":22,"key":"PowerPotion"},{"floor":27,"key":"Poison Potion"},{"floor":30,"key":"Swift Potion"},{"floor":35,"key":"Explosive Potion"}],"is_trial":false,"path_per_floor":["M","M","T","$","$","E","M","R","T","R","$","?","?","?","R","B",null,"M","?","T","$","M","E","R","$","T","E","M","?","E","?","R","B",null,"M","$","?","?","M","R","$","R","T","R","?","M","M","M","R","B",null],"character_chosen":"IRONCLAD","items_purchased":["Sling","Apotheosis","ClockworkSouvenir"],"campfire_rested":6,"item_purchase_floors":[4,21,36],"current_hp_per_floor":[80,80,80,80,80,65,65,80,80,80,80,80,70,54,78,24,80,68,68,68,68,56,74,80,80,80,80,80,64,55,55,79,41,80,65,65,55,45,45,45,45,69,76,76,76,79,58,47,73,26],"gold":144,"neow_bonus":"THREE_SMALL_POTIONS","is_prod":false,"is_daily":false,"chose_seed":false,"campfire_upgraded":1,"win_rate":0,"timestamp":1541708221,"path_taken":["M","M","?","?","$","E","M","R","T","R","$","?","?","?","R","BOSS","M","?","?","$","?","E","R","?","T","E","M","?","E","?","R","BOSS","M","$","?","?","M","R","?","R","T","R","?","?","M","M","R","BOSS"],"build_version":"2018-11-01","purchased_purges":1,"victory":true,"max_hp_per_floor":[80,80,80,80,80,80,80,80,80,80,80,80,80,80,80,80,80,80,80,80,80,80,80,80,80,80,80,80,80,80,80,80,80,80,80,80,80,80,80,80,80,80,87,87,87,87,87,87,87,87],"card_choices":[{"not_picked":["True Grit","Perfected Strike"],"picked":"Seeing Red","floor":1},{"not_picked":["Warcry","Burning Pact"],"picked":"Twin Strike","floor":2},{"not_picked":["Fiend Fire","Thunderclap","Shrug It Off"],"picked":"Combust","floor":6},{"not_picked":["Body Slam","Hemokinesis","Clash"],"picked":"Dual Wield","floor":7},{"not_picked":["Twin Strike","Pommel Strike","Shockwave"],"picked":"Demon Form","floor":13},{"not_picked":["Barricade","Fiend Fire","Brutality"],"picked":"Limit Break","floor":16},{"not_picked":["True Grit","Thunderclap","Second Wind+1"],"picked":"Armaments","floor":18},{"not_picked":["Pommel Strike","Feel No Pain","Burning Pact+1"],"picked":"Double Tap","floor":22},{"not_picked":["Wild Strike","Rampage","True Grit+1"],"picked":"Battle Trance","floor":23},{"not_picked":["Clash","Thunderclap","Power Through"],"picked":"Heavy Blade+1","floor":27},{"not_picked":["Infernal Blade","Thunderclap+1","Warcry","Impervious"],"picked":"SKIP","floor":28},{"not_picked":["Shrug It Off+1","Intimidate","Corruption","Cleave"],"picked":"SKIP","floor":30},{"not_picked":["Barricade","Feed","Dark Embrace"],"picked":"Fiend Fire","floor":33},{"not_picked":["Body Slam+1","True Grit+1","Rage","Entrench+1"],"picked":"SKIP","floor":35},{"not_picked":["Blind","Dark Shackles","Madness"],"picked":"Enlightenment","floor":38},{"not_picked":["Secret Weapon","Swift Strike+1","Trip"],"picked":"Dramatic Entrance+1","floor":38},{"not_picked":["Trip","HandOfGreed+1","Jack Of All Trades"],"picked":"Secret Technique","floor":38},{"not_picked":["Shrug It Off+1","Combust+1","Body Slam+1"],"picked":"Pommel Strike+1","floor":39},{"not_picked":["Iron Wave+1","Sword Boomerang+1","Rampage+1","Warcry+1"],"picked":"SKIP","floor":46},{"not_picked":["Cleave+1","Combust+1","Blood for Blood+1"],"picked":"Inflame+1","floor":47},{"not_picked":["Flame Barrier+1","Sword Boomerang+1","Wild Strike+1"],"picked":"Inflame","floor":48}],"player_experience":868546,"relics_obtained":[{"floor":3,"key":"Question Card"},{"floor":6,"key":"Centennial Puzzle"},{"floor":9,"key":"Blood Vial"},{"floor":20,"key":"Ancient Tea Set"},{"floor":23,"key":"Oddly Smooth Stone"},{"floor":26,"key":"Bottled Lightning"},{"floor":27,"key":"Kunai"},{"floor":29,"key":"Nilry\u0027s Codex"},{"floor":30,"key":"Letter Opener"},{"floor":34,"key":"Bronze Scales"},{"floor":34,"key":"Molten Egg 2"},{"floor":34,"key":"Shovel"},{"floor":40,"key":"Pen Nib"},{"floor":43,"key":"Strawberry"},{"floor":44,"key":"Anchor"}],"event_choices":[{"damage_healed":0,"gold_gain":0,"player_choice":"Take Wound","damage_taken":0,"relics_obtained":["Golden Idol"],"max_hp_gain":0,"max_hp_loss":0,"event_name":"Golden Idol","floor":12,"gold_loss":0,"cards_obtained":["Injury"]},{"damage_healed":0,"gold_gain":30,"player_choice":"Searched \u00273\u0027 times","damage_taken":0,"relics_obtained":["PreservedInsect"],"max_hp_gain":0,"max_hp_loss":0,"event_name":"Dead Adventurer","floor":13,"gold_loss":0},{"damage_healed":0,"gold_gain":0,"player_choice":"Entered Light","damage_taken":16,"max_hp_gain":0,"max_hp_loss":0,"event_name":"Shining Light","floor":14,"gold_loss":0,"cards_upgraded":["Combust","Strike_R"]},{"damage_healed":0,"gold_gain":0,"player_choice":"Became a vampire (Vial)","damage_taken":0,"max_hp_gain":0,"max_hp_loss":0,"event_name":"Vampires","floor":19,"relics_lost":["Blood Vial"],"gold_loss":0,"cards_obtained":["Bite","Bite","Bite","Bite","Bite"]},{"damage_healed":0,"gold_gain":0,"player_choice":"Obtained Book","damage_taken":16,"max_hp_gain":0,"max_hp_loss":0,"event_name":"Cursed Tome","floor":29,"gold_loss":0},{"damage_healed":0,"gold_gain":0,"player_choice":"Gave Idol","damage_taken":0,"relics_obtained":["Bloody Idol"],"max_hp_gain":0,"max_hp_loss":0,"event_name":"Forgotten Altar","floor":31,"relics_lost":["Golden Idol"],"gold_loss":0},{"damage_healed":0,"gold_gain":0,"player_choice":"Embrace Madness","damage_taken":10,"max_hp_gain":0,"max_hp_loss":0,"event_name":"Winding Halls","floor":37,"gold_loss":0,"cards_obtained":["Madness","Madness"]},{"damage_healed":0,"gold_gain":0,"player_choice":"Memory 3","damage_taken":10,"max_hp_gain":0,"max_hp_loss":0,"event_name":"SensoryStone","floor":38,"gold_loss":0},{"damage_healed":0,"gold_gain":0,"player_choice":"0 cards matched","damage_taken":0,"max_hp_gain":0,"max_hp_loss":0,"event_name":"Match and Keep!","floor":45,"gold_loss":0,"cards_obtained":[]}],"is_beta":false,"boss_relics":[{"not_picked":["Cursed Key","Runic Dome"],"picked":"Fusion Hammer"},{"not_picked":["Snecko Eye","Black Blood"],"picked":"Calling Bell"}],"items_purged_floors":[21],"is_endless":false,"potions_floor_spawned":[1,7,18,22,27,30,35],"ascension_level":0}