{"gold_per_floor":[115,115,390,410,69,69,102,102,154,188,188,204,279,318,318,413,413,432,482,164,114,130,130,173,192,216,216,230,249,249,272,272,371,371,392,223,1222,1246,1270,1306,1320,1320,1390,1433,1433,1433,634,650,650,650,650,650,650,51,89,89],"floor_reached":57,"playtime":2757,"items_purged":["Regret","Strike_B","Strike_B","Defend_B","Defend_B","Doom and Gloom"],"score":2971,"play_id":"3174c135-96eb-4301-ba6b-5c50e9822102","local_time":"20190514210730","is_ascension_mode":true,"campfire_choices":[{"data":"Zap","floor":6.0,"key":"SMITH"},{"data":"Dualcast","floor":8.0,"key":"SMITH"},{"floor":15.0,"key":"REST"},{"data":"Loop","floor":23.0,"key":"SMITH"},{"floor":27.0,"key":"REST"},{"data":"Fusion","floor":30.0,"key":"SMITH"},{"data":"Double Energy","floor":32.0,"key":"SMITH"},{"data":"Heatsinks","floor":42.0,"key":"SMITH"},{"data":"Coolheaded","floor":45.0,"key":"SMITH"},{"floor":49.0,"key":"RECALL"},{"data":"Seek","floor":53,"key":"SMITH"}],"neow_cost":"NONE","seed_source_timestamp":363237672884984,"circlet_count":0,"master_deck":["AscendersBane","Defend_B","Zap+1","Dualcast+1","Loop+1","Cold Snap","Undo","Conserve Battery","Biased Cognition","Electrodynamics","Multi-Cast","Tempest","Fusion+1","Seek+1","Double Energy+1","Fission","Coolheaded+1","BootSequence","Heatsinks+1","Coolheaded+1","Seek","Turbo","Hologram","Master of Strategy","Purity","Hologram","Double Energy"],"special_seed":0,"relics":["Cracked Core","NeowsBlessing","Sundial","Blood Vial","Omamori","Smiling Mask","Golden Idol","Bag of Preparation","Runic Pyramid","Vajra","Regal Pillow","Empty Cage","Potion Belt","Oddly Smooth Stone","Ornamental Fan","Centennial Puzzle","TheAbacus","Bag of Marbles","Cables"],"potions_floor_usage":[51,56,56,56,56],"damage_taken":[{"damage":0.0,"enemies":"2 Louse","floor":1.0,"turns":1.0},{"damage":0.0,"enemies":"Jaw Worm","floor":4.0,"turns":1.0},{"damage":0.0,"enemies":"Lagavulin","floor":7.0,"turns":1.0},{"damage":15.0,"enemies":"3 Sentries","floor":10.0,"turns":9.0},{"damage":0.0,"enemies":"Cultist","floor":12.0,"turns":4.0},{"damage":36.0,"enemies":"Gremlin Nob","floor":14.0,"turns":5.0},{"damage":19.0,"enemies":"Slime Boss","floor":16.0,"turns":5.0},{"damage":17.0,"enemies":"Shell Parasite","floor":18.0,"turns":6.0},{"damage":10.0,"enemies":"3 Byrds","floor":22.0,"turns":3.0},{"damage":14.0,"enemies":"Gremlin Leader","floor":24.0,"turns":5.0},{"damage":15.0,"enemies":"Centurion and Healer","floor":25.0,"turns":4.0},{"damage":12.0,"enemies":"Shelled Parasite and Fungi","floor":28.0,"turns":3.0},{"damage":0.0,"enemies":"Snecko","floor":29.0,"turns":4.0},{"damage":5.0,"enemies":"Centurion and Healer","floor":31.0,"turns":3.0},{"damage":23.0,"enemies":"Champ","floor":33.0,"turns":6.0},{"damage":8.0,"enemies":"3 Darklings","floor":35.0,"turns":3.0},{"damage":0.0,"enemies":"3 Shapes","floor":38.0,"turns":2.0},{"damage":7.0,"enemies":"Sphere and 2 Shapes","floor":39.0,"turns":2.0},{"damage":22.0,"enemies":"Reptomancer","floor":40.0,"turns":8.0},{"damage":0.0,"enemies":"Maw","floor":41.0,"turns":6.0},{"damage":0.0,"enemies":"Nemesis","floor":44.0,"turns":3.0},{"damage":14.0,"enemies":"Spire Growth","floor":48.0,"turns":3.0},{"damage":0.0,"enemies":"Awakened One","floor":50.0,"turns":4.0},{"damage":14,"enemies":"Time Eater","floor":51,"turns":3},{"damage":0,"enemies":"Shield and Spear","floor":55,"turns":2},{"damage":26,"enemies":"The Heart","floor":56,"turns":8}],"seed_played":"3021912645156806858","potions_obtained":[{"floor":4.0,"key":"Energy Potion"},{"floor":10.0,"key":"Dexterity Potion"},{"floor":16.0,"key":"Weak Potion"},{"floor":22.0,"key":"GamblersBrew"},{"floor":31.0,"key":"LiquidBronze"},{"floor":35.0,"key":"Dexterity Potion"},{"floor":48.0,"key":"Weak Potion"}],"is_trial":false,"path_per_floor":["M","?","?","M","$","R","E","R","T","E","?","M","?","E","R","B",null,"M","?","$","$","M","R","E","M","T","R","M","M","R","M","R","B",null,"M","$","?","M","M","E","M","R","T","E","R","?","$","M","R","B","B",null,"R","$","E","B",null],"character_chosen":"DEFECT","items_purchased":["Sundial","Electrodynamics","Multi-Cast","BootSequence","Heatsinks","Purity","Swift Potion","AttackPotion","Hologram","Double Energy","Ornamental Fan","Centennial Puzzle","TheAbacus","FocusPotion","EssenceOfSteel","Bag of Marbles"],"campfire_rested":2,"item_purchase_floors":[5,20,20,36,36,47,47,47,47,47,47,47,54,54,54,54],"current_hp_per_floor":[64,57,57,57,57,57,57,57,57,44,44,46,35,1,20,3,49,34,34,34,34,26,26,14,1,1,35,25,27,27,24,24,3,49,43,43,43,45,40,20,22,22,22,24,24,24,24,12,12,14,2,49,49,49,51,27],"gold":89,"neow_bonus":"THREE_ENEMY_KILL","is_prod":false,"is_daily":false,"chose_seed":false,"campfire_upgraded":8,"win_rate":0,"timestamp":1557839250,"path_taken":["M","?","?","?","$","R","E","R","T","E","?","M","?","E","R","BOSS","M","?","?","$","?","R","E","?","T","R","M","M","R","M","R","BOSS","M","$","?","M","M","E","M","R","T","E","R","?","?","M","R","BOSS","BOSS","R","$","E","BOSS"],"build_version":"2019-01-23","purchased_purges":6,"victory":true,"max_hp_per_floor":[71,71,71,71,71,71,71,71,71,71,64,64,64,64,64,64,64,64,64,64,64,64,64,64,64,64,64,64,64,64,64,64,64,64,64,64,64,64,64,64,64,64,64,64,64,64,64,64,64,64,64,64,64,64,64,64],"card_choices":[{"not_picked":["Conserve Battery","Capacitor"],"picked":"Loop","floor":1.0},{"not_picked":["Steam Power","Leap","Stack"],"picked":"SKIP","floor":4.0},{"not_picked":["All For One","FTL"],"picked":"Cold Snap","floor":7.0},{"not_picked":["Lockon","Auto Shields"],"picked":"Undo","floor":10.0},{"not_picked":["Sweeping Beam","Gash"],"picked":"Doom and Gloom","floor":12.0},{"not_picked":["Gash","Stack"],"picked":"Conserve Battery","floor":14.0},{"not_picked":["Seek","Fission"],"picked":"Biased Cognition","floor":16.0},{"not_picked":["Scrape","Chaos","Conserve Battery"],"picked":"SKIP","floor":18.0},{"not_picked":["Conserve Battery","Steam"],"picked":"Tempest","floor":22.0},{"not_picked":["Sweeping Beam","Defragment+1"],"picked":"Fusion","floor":24.0},{"not_picked":["Beam Cell","Gash"],"picked":"Seek","floor":25.0},{"not_picked":["Sunder","Gash"],"picked":"Double Energy","floor":28.0},{"not_picked":["Reprogram","Sweeping Beam","Steam"],"picked":"SKIP","floor":29.0},{"not_picked":["Steam","Steam Power","Compile Driver"],"picked":"SKIP","floor":31.0},{"not_picked":["Electrodynamics","Rainbow"],"picked":"Fission","floor":33.0},{"not_picked":["Gash","Stack"],"picked":"Coolheaded+1","floor":35.0},{"not_picked":["Auto Shields","Leap"],"picked":"Coolheaded","floor":38.0},{"not_picked":["Reprogram","Streamline+1"],"picked":"Seek","floor":39.0},{"not_picked":["Beam Cell","Steam"],"picked":"Turbo","floor":40.0},{"not_picked":["Steam+1","Fusion+1"],"picked":"Hologram","floor":41.0},{"not_picked":["Barrage+1","Leap","Hello World"],"picked":"SKIP","floor":44.0},{"not_picked":["Impatience","Secret Weapon"],"picked":"Master of Strategy","floor":46.0},{"not_picked":["Lockon","Rebound","Leap+1"],"picked":"SKIP","floor":48.0},{"not_picked":["Beam Cell","Reboot","Stack"],"picked":"SKIP","floor":55}],"player_experience":1687448,"relics_obtained":[{"floor":7.0,"key":"Blood Vial"},{"floor":9.0,"key":"Omamori"},{"floor":10.0,"key":"Smiling Mask"},{"floor":14.0,"key":"Bag of Preparation"},{"floor":24.0,"key":"Vajra"},{"floor":26.0,"key":"Regal Pillow"},{"floor":40.0,"key":"Potion Belt"},{"floor":44.0,"key":"Oddly Smooth Stone"},{"floor":55,"key":"Cables"}],"event_choices":[{"cards_removed":["Strike_B"],"damage_healed":0.0,"max_hp_gain":0.0,"max_hp_loss":0.0,"gold_gain":0.0,"event_name":"Golden Wing","player_choice":"Card Removal","floor":2.0,"gold_loss":0.0,"damage_taken":7.0},{"damage_healed":0.0,"max_hp_gain":0.0,"max_hp_loss":0.0,"gold_gain":275.0,"event_name":"Golden Shrine","player_choice":"Desecrate","floor":3.0,"gold_loss":0.0,"damage_taken":0.0,"cards_obtained":["Regret"]},{"damage_healed":0.0,"max_hp_gain":0.0,"max_hp_loss":7.0,"gold_gain":0.0,"event_name":"Golden Idol","player_choice":"Lose Max HP","floor":11.0,"gold_loss":0.0,"damage_taken":0.0,"relics_obtained":["Golden Idol"]},{"damage_healed":0.0,"max_hp_gain":0.0,"max_hp_loss":0.0,"gold_gain":75.0,"event_name":"World of Goop","player_choice":"Gather Gold","floor":13.0,"gold_loss":0.0,"damage_taken":11.0},{"damage_healed":0.0,"max_hp_gain":0.0,"max_hp_loss":0.0,"gold_gain":100.0,"event_name":"The Joust","player_choice":"Bet on Murderer","floor":19.0,"gold_loss":50.0,"damage_taken":0.0},{"damage_healed":0.0,"max_hp_gain":0.0,"max_hp_loss":0.0,"gold_gain":999.0,"event_name":"MindBloom","player_choice":"Gold","floor":37.0,"gold_loss":0.0,"damage_taken":0.0,"cards_obtained":["Normality","Normality"]},{"damage_healed":0.0,"max_hp_gain":0.0,"max_hp_loss":0.0,"gold_gain":0.0,"event_name":"SensoryStone","player_choice":"Memory 1","floor":46.0,"gold_loss":0.0,"damage_taken":0.0}],"is_beta":false,"boss_relics":[{"not_picked":["Astrolabe","Orrery"],"picked":"Runic Pyramid"},{"not_picked":["Inserter","Runic Dome"],"picked":"Empty Cage"}],"items_purged_floors":[5,20,21,36,47,54],"is_endless":false,"potions_floor_spawned":[4,10,16,22,24,31,35,38,48],"ascension_level":20}