{"gold_per_floor":[17,17,17,42,61,76,76,94,94,94,94,109,175,200,200,200],"floor_reached":16,"playtime":521,"items_purged":[],"score":127,"play_id":"b16a5808-cb97-4bb3-b29d-d88f699c147c","local_time":"20181124201451","is_ascension_mode":true,"campfire_choices":[{"floor":7,"key":"RECALL"},{"floor":11,"key":"REST"},{"floor":15,"key":"REST"}],"neow_cost":"NO_GOLD","seed_source_timestamp":872580573961000,"circlet_count":0,"master_deck":["Strike_R","Strike_R","Strike_R","Strike_R","Strike_R","Defend_R","Defend_R","Defend_R","Defend_R","Bash","Juggernaut","Body Slam","Blood for Blood","Inflame","Juggernaut","Body Slam"],"relics":["Burning Blood","Golden Idol","Ice Cream"],"potions_floor_usage":[14,14],"damage_taken":[{"damage":7,"enemies":"Small Slimes","floor":1,"turns":5},{"damage":13,"enemies":"Jaw Worm","floor":4,"turns":5},{"damage":4,"enemies":"2 Louse","floor":5,"turns":4},{"damage":14,"enemies":"Red Slaver","floor":6,"turns":4},{"damage":19,"enemies":"Blue Slaver","floor":8,"turns":5},{"damage":21,"enemies":"Exordium Wildlife","floor":12,"turns":5},{"damage":11,"enemies":"2 Fungi Beasts","floor":14,"turns":4},{"damage":65,"enemies":"Hexaghost","floor":16,"turns":8}],"seed_played":"-9196832990396979436","potions_obtained":[{"floor":6,"key":"Dexterity Potion"},{"floor":12,"key":"SteroidPotion"},{"floor":14,"key":"Ancient Potion"}],"is_trial":false,"path_per_floor":["M","?","?","M","M","M","R","M","T","?","R","M","?","M","R","B"],"character_chosen":"IRONCLAD","items_purchased":[],"campfire_rested":2,"item_purchase_floors":[],"current_hp_per_floor":[71,71,59,52,54,46,46,33,33,33,57,42,42,37,61,0],"gold":200,"neow_bonus":"THREE_RARE_CARDS","is_prod":false,"is_daily":false,"chose_seed":false,"campfire_upgraded":0,"win_rate":0,"timestamp":1543086891,"path_taken":["M","?","?","M","M","M","R","M","T","?","R","?","?","M","R","BOSS"],"build_version":"2018-11-15","purchased_purges":0,"victory":false,"max_hp_per_floor":[80,80,80,80,80,80,80,80,80,80,80,80,80,80,80,80],"card_choices":[{"not_picked":["Limit Break","Bludgeon"],"picked":"Juggernaut","floor":0},{"not_picked":["Warcry","Clash"],"picked":"Body Slam","floor":1},{"not_picked":["Reckless Charge","Armaments","Warcry"],"picked":"SKIP","floor":4},{"not_picked":["Sword Boomerang","Havoc"],"picked":"Blood for Blood","floor":5},{"not_picked":["Body Slam","Wild Strike"],"picked":"Inflame","floor":6},{"not_picked":["Headbutt","Searing Blow","Clothesline"],"picked":"SKIP","floor":8},{"not_picked":["True Grit","Warcry"],"picked":"Juggernaut","floor":12},{"not_picked":["True Grit","Clothesline"],"picked":"Body Slam","floor":14}],"player_experience":1029441,"relics_obtained":[],"event_choices":[{"damage_healed":0,"gold_gain":0,"player_choice":"Take Wound","damage_taken":0,"relics_obtained":["Golden Idol"],"max_hp_gain":0,"max_hp_loss":0,"event_name":"Golden Idol","floor":2,"gold_loss":0,"cards_obtained":["Injury"]},{"damage_healed":0,"gold_gain":0,"player_choice":"Success","damage_taken":12,"relics_obtained":["Ice Cream"],"max_hp_gain":0,"max_hp_loss":0,"event_name":"Scrap Ooze","floor":3,"gold_loss":0},{"cards_removed":["Injury"],"damage_healed":0,"gold_gain":0,"player_choice":"Forget","damage_taken":0,"max_hp_gain":0,"max_hp_loss":0,"event_name":"Living Wall","floor":10,"gold_loss":0},{"damage_healed":0,"gold_gain":66,"player_choice":"Gained Gold","damage_taken":0,"max_hp_gain":0,"max_hp_loss":0,"event_name":"Golden Wing","floor":13,"gold_loss":0}],"is_beta":false,"boss_relics":[],"items_purged_floors":[],"is_endless":false,"potions_floor_spawned":[6,12,14],"killed_by":"Hexaghost","ascension_level":7}