{"gold_per_floor":[111,34,34,34,34,68,68,68,68,95,129,148,162,172,172,271,271,282,282,282,299,4,4],"floor_reached":23,"playtime":1041,"items_purged":[],"score":371,"play_id":"6730648a-0043-420e-8677-cfb700e43967","local_time":"20190424161448","is_ascension_mode":true,"campfire_choices":[{"data":"Footwork","floor":7,"key":"SMITH"},{"floor":15,"key":"REST"}],"neow_cost":"NONE","seed_source_timestamp":15341696168589,"circlet_count":0,"master_deck":["AscendersBane","Defend_G+1","Defend_G","Defend_G","Defend_G","Defend_G","Strike_G","Strike_G","Strike_G+1","Strike_G","Strike_G","Survivor","Neutralize","Footwork+1","Well Laid Plans","Regret","Caltrops","Footwork","Malaise","Writhe","Infinite Blades","Footwork"],"relics":["Ring of the Snake","NeowsBlessing","Anchor","Singing Bowl","Gremlin Horn","Regal Pillow","Pen Nib","Art of War","Black Star","Dodecahedron","Bottled Tornado"],"potions_floor_usage":[12,16,16],"damage_taken":[{"damage":0,"enemies":"Small Slimes","floor":1,"turns":1},{"damage":0,"enemies":"3 Sentries","floor":6,"turns":1},{"damage":0,"enemies":"Gremlin Nob","floor":11,"turns":1},{"damage":8,"enemies":"Jaw Worm","floor":12,"turns":4},{"damage":2,"enemies":"2 Louse","floor":13,"turns":3},{"damage":3,"enemies":"Blue Slaver","floor":14,"turns":5},{"damage":42,"enemies":"Slime Boss","floor":16,"turns":12},{"damage":14,"enemies":"3 Byrds","floor":18,"turns":6},{"damage":24,"enemies":"Spheric Guardian","floor":21,"turns":10},{"damage":32,"enemies":"Gremlin Leader","floor":23,"turns":2}],"seed_played":"3534026128032477661","potions_obtained":[{"floor":6,"key":"Strength Potion"},{"floor":11,"key":"AttackPotion"},{"floor":13,"key":"Strength Potion"}],"is_trial":false,"path_per_floor":["M","$","?","?","?","E","R","?","T","T","E","M","M","M","R","B",null,"M","?","?","M","$","E"],"character_chosen":"THE_SILENT","items_purchased":["Well Laid Plans","Bottled Tornado","Footwork"],"campfire_rested":1,"item_purchase_floors":[2,22,22],"current_hp_per_floor":[63,63,63,56,56,58,58,44,44,44,44,38,38,35,72,30,65,53,53,53,29,29,0],"gold":4,"neow_bonus":"THREE_ENEMY_KILL","is_prod":false,"is_daily":false,"chose_seed":false,"campfire_upgraded":1,"win_rate":0,"timestamp":1556147688,"path_taken":["M","$","?","?","?","E","R","?","T","?","E","M","M","M","R","BOSS","M","?","?","M","$","E"],"build_version":"2019-01-23","purchased_purges":0,"victory":false,"max_hp_per_floor":[70,70,70,70,70,72,72,72,72,72,72,74,76,76,76,76,76,78,78,78,78,78,78],"card_choices":[{"not_picked":["Prepared","Tactician"],"picked":"Footwork","floor":1},{"not_picked":["Setup","Deadly Poison","Quick Slash"],"picked":"Singing Bowl","floor":6},{"not_picked":["Cloak And Dagger","Poisoned Stab"],"picked":"Caltrops","floor":11},{"not_picked":["Blade Dance","Underhanded Strike","Tactician"],"picked":"Singing Bowl","floor":12},{"not_picked":["Eviscerate","Distraction","Blade Dance"],"picked":"Singing Bowl","floor":13},{"not_picked":["Caltrops","Deflect"],"picked":"Footwork","floor":14},{"not_picked":["Night Terror","Corpse Explosion"],"picked":"Malaise","floor":16},{"not_picked":["Poisoned Stab+1","Masterful Stab","Acrobatics"],"picked":"Singing Bowl","floor":18},{"not_picked":["Blade Dance","Deflect"],"picked":"Infinite Blades","floor":21}],"player_experience":1466442,"relics_obtained":[{"floor":6,"key":"Gremlin Horn"},{"floor":9,"key":"Regal Pillow"},{"floor":10,"key":"Pen Nib"},{"floor":11,"key":"Art of War"}],"event_choices":[{"damage_healed":0,"gold_gain":0,"player_choice":"Leave","damage_taken":0,"max_hp_gain":0,"max_hp_loss":0,"event_name":"The Cleric","floor":3,"gold_loss":0},{"damage_healed":0,"gold_gain":0,"player_choice":"Success","damage_taken":7,"relics_obtained":["Anchor"],"max_hp_gain":0,"max_hp_loss":0,"event_name":"Scrap Ooze","floor":4,"gold_loss":0},{"damage_healed":0,"gold_gain":0,"player_choice":"Box","damage_taken":0,"relics_obtained":["Singing Bowl"],"max_hp_gain":0,"max_hp_loss":0,"event_name":"Big Fish","floor":5,"gold_loss":0,"cards_obtained":["Regret"]},{"damage_healed":0,"gold_gain":0,"player_choice":"Entered Light","damage_taken":14,"max_hp_gain":0,"max_hp_loss":0,"event_name":"Shining Light","floor":8,"gold_loss":0,"cards_upgraded":["Strike_G","Defend_G"]},{"damage_healed":0,"gold_gain":0,"player_choice":"Opened","damage_taken":0,"relics_obtained":["Dodecahedron"],"max_hp_gain":0,"max_hp_loss":0,"event_name":"The Mausoleum","floor":19,"gold_loss":0,"cards_obtained":["Writhe"]},{"damage_healed":0,"gold_gain":0,"player_choice":"Ignored","damage_taken":0,"max_hp_gain":0,"max_hp_loss":0,"event_name":"Vampires","floor":20,"gold_loss":0}],"is_beta":false,"boss_relics":[{"not_picked":["Tiny House","Busted Crown"],"picked":"Black Star"}],"items_purged_floors":[],"is_endless":false,"potions_floor_spawned":[6,11,13],"killed_by":"Gremlin Leader","ascension_level":10}