{"gold_per_floor":[110,110,110,110,126,126,157,170,196,230,230,249,249,280,280,280],"floor_reached":16,"playtime":369,"items_purged":[],"score":286,"play_id":"88f14d5a-a94f-4b17-851c-9b1f9b5b885b","local_time":"20190513230810","is_ascension_mode":true,"campfire_choices":[{"data":"Darkness","floor":6,"key":"SMITH"},{"data":"Fusion","floor":11,"key":"SMITH"},{"data":"Redo","floor":13,"key":"SMITH"},{"data":"Dualcast","floor":15,"key":"SMITH"}],"neow_cost":"NONE","seed_source_timestamp":287819203213343,"circlet_count":0,"master_deck":["AscendersBane","Strike_B","Strike_B","Strike_B","Defend_B","Defend_B","Defend_B","Defend_B","Zap","Dualcast+1","Recycle","Darkness+1","Fusion+1","Coolheaded","Redo+1","Ball Lightning","Auto Shields"],"relics":["Cracked Core","NeowsBlessing","Bronze Scales","Ornamental Fan","Oddly Smooth Stone","Ancient Tea Set","FossilizedHelix"],"potions_floor_usage":[10,14,16],"damage_taken":[{"damage":0,"enemies":"Jaw Worm","floor":1,"turns":1},{"damage":0,"enemies":"Small Slimes","floor":5,"turns":1},{"damage":0,"enemies":"Gremlin Nob","floor":7,"turns":1},{"damage":7,"enemies":"Cultist","floor":8,"turns":4},{"damage":24,"enemies":"3 Sentries","floor":10,"turns":8},{"damage":18,"enemies":"Large Slime","floor":12,"turns":7},{"damage":5,"enemies":"Gremlin Nob","floor":14,"turns":3},{"damage":0,"enemies":"The Guardian","floor":16,"turns":8}],"seed_played":"-7575501774390868984","potions_obtained":[{"floor":1,"key":"Block Potion"},{"floor":8,"key":"GamblersBrew"},{"floor":10,"key":"Dexterity Potion"}],"is_trial":false,"path_per_floor":["M","?","?","?","M","R","E","M","T","E","R","M","R","E","R","B"],"character_chosen":"DEFECT","items_purchased":[],"campfire_rested":0,"item_purchase_floors":[],"current_hp_per_floor":[64,64,59,59,59,59,59,52,52,28,28,10,10,5,5,5],"gold":280,"neow_bonus":"THREE_ENEMY_KILL","is_prod":false,"is_daily":false,"chose_seed":false,"campfire_upgraded":4,"win_rate":0,"timestamp":1557760090,"path_taken":["M","?","?","?","M","R","E","M","T","E","R","?","R","E","R","BOSS"],"build_version":"2019-01-23","purchased_purges":0,"victory":false,"max_hp_per_floor":[71,71,71,71,71,71,71,71,71,71,71,71,71,71,71,71],"card_choices":[{"not_picked":["Undo","Steam Power"],"picked":"Recycle","floor":1},{"not_picked":["Conserve Battery","Barrage"],"picked":"Darkness","floor":5},{"not_picked":["Cold Snap","Conserve Battery"],"picked":"Fusion","floor":7},{"not_picked":["Doom and Gloom","Ball Lightning"],"picked":"Coolheaded","floor":8},{"not_picked":["All For One","Double Energy"],"picked":"Redo","floor":10},{"not_picked":["Aggregate","White Noise"],"picked":"Ball Lightning","floor":12},{"not_picked":["Barrage","Recycle","Auto Shields"],"picked":"SKIP","floor":14},{"not_picked":["Barrage","Recycle"],"picked":"Auto Shields","floor":14}],"player_experience":1658639,"relics_obtained":[{"floor":7,"key":"Ornamental Fan"},{"floor":9,"key":"Oddly Smooth Stone"},{"floor":10,"key":"Ancient Tea Set"},{"floor":14,"key":"FossilizedHelix"}],"event_choices":[{"damage_healed":0,"gold_gain":0,"player_choice":"Ignored","damage_taken":0,"max_hp_gain":0,"max_hp_loss":0,"event_name":"Liars Game","floor":2,"gold_loss":0},{"damage_healed":0,"gold_gain":0,"player_choice":"Success","damage_taken":5,"relics_obtained":["Bronze Scales"],"max_hp_gain":0,"max_hp_loss":0,"event_name":"Scrap Ooze","floor":3,"gold_loss":0},{"cards_removed":["Strike_B"],"damage_healed":0,"gold_gain":0,"player_choice":"Offered Basic","damage_taken":0,"max_hp_gain":0,"max_hp_loss":0,"event_name":"Bonfire Elementals","floor":4,"gold_loss":0}],"is_beta":false,"boss_relics":[],"items_purged_floors":[],"is_endless":false,"potions_floor_spawned":[1,8,10],"killed_by":"The Guardian","ascension_level":20}