{"gold_per_floor":[114,114,128,128,47,75,75,0,0,16,28,28,43,75,75,75],"floor_reached":16,"playtime":679,"items_purged":["Strike_G"],"score":176,"play_id":"6f57e750-eb3a-4fd5-a492-c0d707b51ff6","local_time":"20190429223223","is_ascension_mode":true,"campfire_choices":[{"data":"Dash","floor":7,"key":"SMITH"},{"data":"Riddle With Holes","floor":15,"key":"SMITH"}],"neow_cost":"NONE","seed_source_timestamp":1605216842121200,"circlet_count":0,"master_deck":["Defend_G","Defend_G","Defend_G","Defend_G","Defend_G","Strike_G","Strike_G","Strike_G","Strike_G","Survivor","Neutralize","Riddle With Holes+1","Slice","Finisher","Dash+1","Deadly Poison","Footwork","Deadly Poison"],"relics":["Ring of the Snake","NeowsBlessing","Snake Skull","Ginger","PreservedInsect"],"potions_floor_usage":[14,16],"damage_taken":[{"damage":0,"enemies":"Small Slimes","floor":1,"turns":1},{"damage":0,"enemies":"Cultist","floor":3,"turns":1},{"damage":0,"enemies":"Lagavulin","floor":6,"turns":1},{"damage":0,"enemies":"Jaw Worm","floor":10,"turns":2},{"damage":0,"enemies":"3 Louse","floor":11,"turns":3},{"damage":0,"enemies":"2 Fungi Beasts","floor":13,"turns":4},{"damage":16,"enemies":"Gremlin Nob","floor":14,"turns":3},{"damage":47,"enemies":"Slime Boss","floor":16,"turns":11}],"seed_played":"-1701616131931211484","potions_obtained":[{"floor":1,"key":"Energy Potion"},{"floor":4,"key":"AttackPotion"},{"floor":4,"key":"GhostInAJar"}],"is_trial":false,"path_per_floor":["M","?","M","?","$","E","R","$","T","M","M","$","M","E","R","B"],"character_chosen":"THE_SILENT","items_purchased":["Finisher"],"campfire_rested":0,"item_purchase_floors":[5],"current_hp_per_floor":[63,63,63,63,63,63,63,63,63,63,63,63,63,47,47,0],"gold":75,"neow_bonus":"THREE_ENEMY_KILL","is_prod":false,"is_daily":false,"chose_seed":false,"campfire_upgraded":2,"win_rate":0,"timestamp":1556602343,"path_taken":["M","?","M","?","$","E","R","$","T","?","M","?","M","E","R","BOSS"],"build_version":"2019-01-23","purchased_purges":1,"victory":false,"max_hp_per_floor":[70,70,70,70,70,70,70,70,70,70,70,70,70,70,70,70],"card_choices":[{"not_picked":["Well Laid Plans","Escape Plan"],"picked":"Riddle With Holes","floor":1},{"not_picked":["Calculated Gamble","Flechettes"],"picked":"Slice","floor":3},{"not_picked":["Sucker Punch","Blur"],"picked":"Dash","floor":6},{"not_picked":["Bane","Backflip"],"picked":"Deadly Poison","floor":10},{"not_picked":["Crippling Poison","Backflip"],"picked":"Footwork","floor":11},{"not_picked":["Underhanded Strike","Deflect"],"picked":"Deadly Poison","floor":13},{"not_picked":["Setup","Sucker Punch","Predator"],"picked":"SKIP","floor":14}],"player_experience":414099,"relics_obtained":[{"floor":6,"key":"Snake Skull"},{"floor":9,"key":"Ginger"},{"floor":14,"key":"PreservedInsect"}],"event_choices":[{"damage_healed":0,"gold_gain":0,"player_choice":"Ignored","damage_taken":0,"max_hp_gain":0,"max_hp_loss":0,"event_name":"Liars Game","floor":2,"gold_loss":0},{"damage_healed":0,"gold_gain":0,"player_choice":"Got Potions","damage_taken":0,"max_hp_gain":0,"max_hp_loss":0,"event_name":"Lab","floor":4,"gold_loss":0}],"is_beta":false,"boss_relics":[],"items_purged_floors":[8],"is_endless":false,"potions_floor_spawned":[1,11,13],"killed_by":"Slime Boss","ascension_level":6}