{"path_per_floor":["M","?","M","M","?","R","M","M","T","M","M","?","R","M","R","B",null,"M","M","$","?","?","R","M","?","T","M","M","$","M","M","R","B",null,"M","M","$","M","M","E","R","$","T","R","?","M","M","?","R","B"],"character_chosen":"THE_SILENT","items_purchased":["Footwork","Backflip","Flying Knee","Deflect","PiercingWail","Expertise"],"gold_per_floor":[109,109,127,138,88,88,105,120,120,135,148,148,148,162,162,264,264,280,290,122,122,122,122,138,138,138,149,162,46,58,71,71,175,175,186,204,204,223,242,273,273,135,135,135,135,148,166,166,166,166],"floor_reached":51,"campfire_rested":0,"playtime":5894,"current_hp_per_floor":[68,68,68,68,68,68,67,65,65,65,60,60,60,60,60,36,70,64,52,52,49,49,49,49,49,49,49,49,49,49,49,49,49,49,49,49,49,49,39,46,46,46,56,56,56,59,59,59,59,44],"items_purged":["Strike_G","Defend_G"],"gold":166,"score":528,"play_id":"b6205c38-c88c-47f1-b79c-c3f442d8d8af","is_prod":false,"is_daily":false,"is_ascension_mode":false,"campfire_upgraded":8,"path_taken":["M","?","?","M","?","R","M","M","T","M","M","?","R","M","R","BOSS","M","M","$","?","?","R","M","?","T","M","M","$","M","?","R","BOSS","M","M","$","M","M","E","R","$","T","R","?","M","?","?","R","BOSS"],"build_version":"2018-02-22-PROD1","purchased_purges":5,"victory":true,"master_deck":["Defend_G","Defend_G","Defend_G","Survivor","Neutralize+1","PiercingWail","Escape Plan","Concentrate+1","Footwork+1","Noxious Fumes+1","Leg Sweep","Escape Plan","Heel Hook","Night Terror","Slice","Dagger Throw+1","Footwork+1","Backflip","Bite","Bite","Bite","Bite","Bite","Backflip+1","Outmaneuver","Tools of the Trade","Flying Knee","Deflect","PiercingWail","Deflect","Well Laid Plans+1","After Image+1","Acrobatics+1","Flying Knee+1","Flying Knee+1","Endless Agony","Expertise+1","Slice","Dagger Spray+1"],"max_hp_per_floor":[70,70,70,70,70,70,70,70,70,70,70,70,70,70,70,70,70,70,70,70,49,49,49,49,49,49,49,49,49,49,49,49,49,49,49,49,49,49,49,49,49,49,59,59,59,59,59,59,59,59],"relics":["Ring of the Snake","Ice Cream","White Beast Statue","Meat on the Bone","Sozu","Dodecahedron","Pear"],"card_choices":[{"not_picked":["Dodge and Roll","Prepared"],"picked":"PiercingWail"},{"not_picked":["All Out Attack","Acrobatics"],"picked":"Escape Plan"},{"not_picked":["Dodge and Roll","Cloak And Dagger"],"picked":"Concentrate"},{"not_picked":["Dagger Spray","Flying Knee"],"picked":"Footwork"},{"not_picked":["A Thousand Cuts","Catalyst"],"picked":"Noxious Fumes"},{"not_picked":["Flechettes","Underhanded Strike"],"picked":"Leg Sweep"},{"not_picked":["Dagger Spray","Sucker Punch"],"picked":"Escape Plan"},{"not_picked":["Slice","Prepared"],"picked":"Heel Hook"},{"not_picked":["Bullet Time","Unload"],"picked":"Night Terror"},{"not_picked":["Poisoned Stab","Dagger Spray"],"picked":"Slice"},{"not_picked":["Bane","Flechettes"],"picked":"Dagger Throw"},{"not_picked":["Poisoned Stab","PiercingWail"],"picked":"Backflip"},{"not_picked":["Backflip","Dagger Spray"],"picked":"Outmaneuver"},{"not_picked":["Reflex","Predator"],"picked":"Tools of the Trade"},{"not_picked":["Poisoned Stab","Prepared"],"picked":"Deflect"},{"not_picked":["Skewer","Deadly Poison"],"picked":"Well Laid Plans"},{"not_picked":["Doppelganger","Die Die Die"],"picked":"After Image"},{"not_picked":["Caltrops","Riddle With Holes"],"picked":"Acrobatics"},{"not_picked":["Dagger Spray","Backflip"],"picked":"Flying Knee"},{"not_picked":["Reflex","Underhanded Strike"],"picked":"Flying Knee"},{"not_picked":["Bane","Venomology"],"picked":"Endless Agony"},{"not_picked":["Flying Knee","Cloak And Dagger"],"picked":"Slice"},{"not_picked":["Slice","Dagger Throw"],"picked":"Dagger Spray"}],"player_experience":110914,"potions_floor_usage":[16,50,50],"damage_taken":[{"damage":2,"enemies":"Jaw Worm","floor":1,"turns":5},{"damage":0,"enemies":"Cultist","floor":3,"turns":4},{"damage":0,"enemies":"Small Slimes","floor":4,"turns":4},{"damage":1,"enemies":"Red Slaver","floor":7,"turns":6},{"damage":2,"enemies":"2 Fungi Beasts","floor":8,"turns":6},{"damage":0,"enemies":"Looter","floor":10,"turns":4},{"damage":5,"enemies":"Large Slime","floor":11,"turns":11},{"damage":0,"enemies":"Exordium Wildlife","floor":14,"turns":4},{"damage":24,"enemies":"Hexaghost","floor":16,"turns":13},{"damage":6,"enemies":"Shell Parasite","floor":18,"turns":9},{"damage":12,"enemies":"Spheric Guardian","floor":19,"turns":8},{"damage":11,"enemies":"Centurion and Healer","floor":24,"turns":8},{"damage":0,"enemies":"Snake Plant","floor":27,"turns":7},{"damage":3,"enemies":"Cultist and Chosen","floor":28,"turns":8},{"damage":14,"enemies":"Centurion and Healer","floor":30,"turns":10},{"damage":2,"enemies":"Snecko","floor":31,"turns":7},{"damage":1,"enemies":"Champ","floor":33,"turns":15},{"damage":3,"enemies":"3 Shapes","floor":35,"turns":7},{"damage":0,"enemies":"3 Darklings","floor":36,"turns":7},{"damage":15,"enemies":"4 Shapes","floor":38,"turns":9},{"damage":26,"enemies":"Sphere and 2 Shapes","floor":39,"turns":11},{"damage":5,"enemies":"Nemesis","floor":40,"turns":11},{"damage":0,"enemies":"3 Darklings","floor":46,"turns":6},{"damage":0,"enemies":"Maw","floor":47,"turns":7},{"damage":21,"enemies":"Time Eater","floor":50,"turns":17}],"event_choices":[{"event_name":"Accursed Blacksmith","player_choice":"Forge","floor":2,"damage_taken":0},{"event_name":"The Cleric","player_choice":"Card Removal","floor":5,"damage_taken":0},{"event_name":"Living Wall","player_choice":"Forget","floor":12,"damage_taken":0},{"event_name":"Vampires","player_choice":"Became a vampire","floor":21,"damage_taken":0},{"event_name":"Drug Dealer","player_choice":"Ignored","floor":22,"damage_taken":0},{"event_name":"The Woman in Blue","player_choice":"Bought 0 Potions","floor":25,"damage_taken":0},{"event_name":"Tomb of Lord Red Mask","player_choice":"Ignored","floor":45,"damage_taken":0},{"event_name":"The Lab","player_choice":"Got Potions","floor":48,"damage_taken":0}],"boss_relics":[{"not_picked":["Runic Dome","Calling Bell"],"picked":"White Beast Statue"},{"not_picked":["Orrery","Black Star"],"picked":"Sozu"}],"potions_floor_spawned":[7,10,14,16,18,19,24,27,28,30,31,33,35,36,38,39,40,46,47],"seed_played":"-5350551397365934857","ascension_level":0,"is_trial":false}