{"gold_per_floor":[119,119,119,26,100,100,116,116,116,116,148,18,30,62,62,134,134,147,159,159,178,198,233,244,244,322,2,2,33,33,33,33,112,112,124,22,22,38,38,38],"floor_reached":40,"playtime":2796,"items_purged":["Strike_G"],"score":819,"play_id":"d1261ee7-a777-4d47-aa17-88496220e44a","local_time":"20190507082143","is_ascension_mode":true,"campfire_choices":[{"data":"Dagger Spray","floor":6,"key":"SMITH"},{"data":"Dagger Spray","floor":8,"key":"SMITH"},{"data":"Neutralize","floor":10,"key":"SMITH"},{"data":"Predator","floor":15,"key":"SMITH"},{"data":"Adrenaline","floor":25,"key":"SMITH"},{"floor":32,"key":"REST"}],"neow_cost":"NONE","seed_source_timestamp":1605967177386,"circlet_count":0,"master_deck":["AscendersBane","Defend_G","Defend_G","Defend_G","Defend_G","Defend_G","Strike_G","Strike_G","Survivor","Neutralize+1","Dagger Spray+1","Backstab","Acrobatics","Dagger Spray+1","Dash","Caltrops","Predator+1","Adrenaline+1","Dagger Throw","Calculated Gamble+1","Acrobatics","Dodge and Roll+1","Concentrate","Caltrops","PiercingWail","Envenom","Predator","Deadly Poison","Storm of Steel","Tactician","Caltrops","Jack Of All Trades","Footwork"],"relics":["Ring of the Snake","NeowsBlessing","Happy Flower","Juzu Bracelet","Pen Nib","Unceasing Top","Busted Crown","Art of War","Meat on the Bone","Blood Vial","Bag of Marbles","Eternal Feather","Darkstone Periapt"],"potions_floor_usage":[14,21,29,29,40,40],"damage_taken":[{"damage":0,"enemies":"Cultist","floor":1,"turns":1},{"damage":0,"enemies":"2 Louse","floor":7,"turns":1},{"damage":0,"enemies":"Lagavulin","floor":11,"turns":1},{"damage":0,"enemies":"Jaw Worm","floor":13,"turns":2},{"damage":2,"enemies":"3 Sentries","floor":14,"turns":3},{"damage":23,"enemies":"Slime Boss","floor":16,"turns":9},{"damage":0,"enemies":"Spheric Guardian","floor":18,"turns":3},{"damage":0,"enemies":"3 Byrds","floor":19,"turns":3},{"damage":0,"enemies":"Shelled Parasite and Fungi","floor":21,"turns":3},{"damage":0,"enemies":"Sentry and Sphere","floor":22,"turns":3},{"damage":21,"enemies":"Slavers","floor":23,"turns":3},{"damage":14,"enemies":"Chosen and Byrds","floor":24,"turns":5},{"damage":6,"enemies":"Book of Stabbing","floor":29,"turns":4},{"damage":40,"enemies":"Automaton","floor":33,"turns":8},{"damage":12,"enemies":"3 Shapes","floor":35,"turns":9},{"damage":3,"enemies":"Orb Walker","floor":38,"turns":2},{"damage":59,"enemies":"Reptomancer","floor":40,"turns":3}],"seed_played":"-1717795852807295407","potions_obtained":[{"floor":1,"key":"FearPotion"},{"floor":13,"key":"EssenceOfSteel"},{"floor":16,"key":"Swift Potion"},{"floor":18,"key":"Energy Potion"},{"floor":19,"key":"Fire Potion"},{"floor":22,"key":"SteroidPotion"},{"floor":35,"key":"Regen Potion"}],"is_trial":false,"path_per_floor":["M","?","?","$","?","R","M","R","T","R","E","$","M","E","R","B",null,"M","M","?","M","M","E","M","R","T","$","?","E","$","?","R","B",null,"M","$","?","M","T","E"],"character_chosen":"THE_SILENT","items_purchased":["Backstab","Acrobatics","Fire Potion","Envenom","Blood Vial","Predator","AttackPotion","Caltrops"],"campfire_rested":1,"item_purchase_floors":[4,4,12,27,27,27,36,36],"current_hp_per_floor":[59,59,59,59,59,59,59,59,59,59,59,59,59,57,57,34,58,58,58,58,58,58,37,23,23,23,23,23,31,31,31,50,24,56,46,46,46,45,45,0],"gold":38,"neow_bonus":"THREE_ENEMY_KILL","is_prod":false,"is_daily":false,"chose_seed":false,"campfire_upgraded":5,"win_rate":0,"timestamp":1557242503,"path_taken":["M","?","?","$","?","R","M","R","T","R","E","$","M","E","R","BOSS","M","M","?","M","M","E","M","R","T","$","?","E","?","?","R","BOSS","M","$","?","M","?","E"],"build_version":"2019-01-23","purchased_purges":1,"victory":false,"max_hp_per_floor":[66,66,66,66,66,66,66,66,66,66,66,66,66,66,66,66,66,66,66,66,66,66,66,66,66,66,66,66,66,66,66,66,66,66,66,66,66,66,66,66],"card_choices":[{"not_picked":["Caltrops","Skewer"],"picked":"Dagger Spray","floor":1},{"not_picked":["Deadly Poison","Prepared"],"picked":"Dagger Spray","floor":7},{"not_picked":["Choke","Setup"],"picked":"Dash","floor":11},{"not_picked":["Poisoned Stab","Accuracy"],"picked":"Caltrops","floor":13},{"not_picked":["Backflip","Skewer"],"picked":"Predator","floor":14},{"not_picked":["Envenom","Corpse Explosion"],"picked":"Adrenaline","floor":16},{"not_picked":[],"picked":"Dagger Throw","floor":18},{"not_picked":[],"picked":"Calculated Gamble+1","floor":19},{"not_picked":[],"picked":"Dodge and Roll+1","floor":21},{"not_picked":[],"picked":"Concentrate","floor":22},{"not_picked":[],"picked":"Caltrops","floor":23},{"not_picked":[],"picked":"PiercingWail","floor":24},{"not_picked":[],"picked":"Deadly Poison","floor":29},{"not_picked":[],"picked":"Storm of Steel","floor":33},{"not_picked":[],"picked":"Tactician","floor":35},{"not_picked":[],"picked":"Jack Of All Trades","floor":37},{"not_picked":[],"picked":"Footwork","floor":38}],"player_experience":1623625,"relics_obtained":[{"floor":9,"key":"Juzu Bracelet"},{"floor":11,"key":"Pen Nib"},{"floor":14,"key":"Unceasing Top"},{"floor":23,"key":"Art of War"},{"floor":26,"key":"Meat on the Bone"},{"floor":29,"key":"Bag of Marbles"},{"floor":39,"key":"Darkstone Periapt"}],"event_choices":[{"damage_healed":0,"gold_gain":0,"player_choice":"Box","damage_taken":0,"relics_obtained":["Happy Flower"],"max_hp_gain":0,"max_hp_loss":0,"event_name":"Big Fish","floor":2,"gold_loss":0,"cards_obtained":["Regret"]},{"cards_removed":["Regret"],"damage_healed":0,"gold_gain":0,"player_choice":"Forget","damage_taken":0,"max_hp_gain":0,"max_hp_loss":0,"event_name":"Living Wall","floor":3,"gold_loss":0},{"damage_healed":0,"gold_gain":74,"player_choice":"Gained Gold","damage_taken":0,"max_hp_gain":0,"max_hp_loss":0,"event_name":"Golden Wing","floor":5,"gold_loss":0},{"damage_healed":0,"gold_gain":0,"cards_transformed":["Strike_G"],"player_choice":"Transformed","damage_taken":0,"max_hp_gain":0,"max_hp_loss":0,"event_name":"Transmorgrifier","floor":20,"gold_loss":0,"cards_obtained":["Acrobatics"]},{"cards_removed":["Strike_G"],"damage_healed":0,"gold_gain":0,"player_choice":"Purged","damage_taken":0,"max_hp_gain":0,"max_hp_loss":0,"event_name":"Purifier","floor":28,"gold_loss":0},{"damage_healed":0,"gold_gain":0,"player_choice":"Ignored","damage_taken":0,"max_hp_gain":0,"max_hp_loss":0,"event_name":"Ghosts","floor":31,"gold_loss":0},{"damage_healed":0,"gold_gain":0,"player_choice":"Memory 1","damage_taken":0,"max_hp_gain":0,"max_hp_loss":0,"event_name":"SensoryStone","floor":37,"gold_loss":0}],"is_beta":false,"boss_relics":[{"not_picked":["Runic Dome","Snecko Eye"],"picked":"Busted Crown"},{"not_picked":["Orrery","White Beast Statue"],"picked":"Eternal Feather"}],"items_purged_floors":[12],"is_endless":false,"potions_floor_spawned":[1,13,16,18,19,22,35],"killed_by":"Reptomancer","ascension_level":16}