{"gold_per_floor":[112,20,95,108,58,58,58,90,90,40,40,58,58,90,90,190,190,205,120,320,336,336],"floor_reached":22,"playtime":500,"items_purged":["Strike_R"],"score":276,"play_id":"aeff2622-e00f-4d81-91bf-474ef67e3bf7","local_time":"20190111192959","is_ascension_mode":true,"campfire_choices":[{"floor":6,"key":"REST"},{"floor":13,"key":"REST"},{"floor":15,"key":"REST"}],"neow_cost":"NONE","seed_source_timestamp":147205140711600,"circlet_count":0,"master_deck":["Strike_R","Defend_R","Defend_R","Defend_R","Bash","Heavy Blade","Bandage Up","Flex","Impervious","Twin Strike","Rampage","Fiend Fire","Second Wind"],"relics":["Burning Blood","Smiling Mask","Ginger","Centennial Puzzle","Dodecahedron","Empty Cage","Anchor"],"potions_floor_usage":[8,16,16],"damage_taken":[{"damage":11,"enemies":"Cultist","floor":1,"turns":4},{"damage":7,"enemies":"Small Slimes","floor":4,"turns":3},{"damage":35,"enemies":"Lagavulin","floor":8,"turns":5},{"damage":7,"enemies":"Jaw Worm","floor":12,"turns":2},{"damage":32,"enemies":"Gremlin Nob","floor":14,"turns":4},{"damage":69,"enemies":"Slime Boss","floor":16,"turns":11},{"damage":12,"enemies":"Chosen","floor":18,"turns":3},{"damage":44,"enemies":"Shell Parasite","floor":21,"turns":6},{"damage":41,"enemies":"Centurion and Healer","floor":22,"turns":5}],"seed_played":"-3619837436582260798","potions_obtained":[{"floor":1,"key":"Regen Potion"},{"floor":4,"key":"Strength Potion"},{"floor":14,"key":"LiquidBronze"}],"is_trial":false,"path_per_floor":["M","$","?","M","$","R","?","E","T","?","$","M","R","E","R","B",null,"M","?","?","M","M"],"character_chosen":"IRONCLAD","items_purchased":["Bandage Up"],"campfire_rested":3,"item_purchase_floors":[2],"current_hp_per_floor":[67,67,56,59,59,80,73,48,48,48,48,51,75,49,73,29,67,65,65,65,31,0],"gold":336,"neow_bonus":"RANDOM_COMMON_RELIC","is_prod":false,"is_daily":false,"chose_seed":false,"campfire_upgraded":0,"win_rate":0,"timestamp":1547231399,"path_taken":["M","$","?","M","$","R","?","E","T","?","?","M","R","E","R","BOSS","M","?","?","?","M"],"build_version":"2019-01-10","purchased_purges":1,"victory":false,"max_hp_per_floor":[80,80,80,80,80,80,80,80,80,80,80,80,80,80,80,80,80,80,80,80,80,80],"card_choices":[{"not_picked":["Rupture","Iron Wave"],"picked":"Heavy Blade","floor":1},{"not_picked":["Warcry","Sentinel"],"picked":"Flex","floor":4},{"not_picked":["Anger","Intimidate"],"picked":"Impervious","floor":8},{"not_picked":["Havoc","Evolve"],"picked":"Twin Strike","floor":12},{"not_picked":["Pummel","Havoc"],"picked":"Rampage","floor":14},{"not_picked":["Brutality","Demon Form"],"picked":"Fiend Fire","floor":16},{"not_picked":["Iron Wave","Cleave"],"picked":"Second Wind","floor":18},{"not_picked":["Intimidate","Twin Strike+1","Perfected Strike"],"picked":"SKIP","floor":21}],"player_experience":1094971,"relics_obtained":[{"floor":8,"key":"Ginger"},{"floor":9,"key":"Centennial Puzzle"},{"floor":14,"key":"Dodecahedron"}],"event_choices":[{"damage_healed":0,"gold_gain":75,"player_choice":"Gather Gold","damage_taken":11,"max_hp_gain":0,"max_hp_loss":0,"event_name":"World of Goop","floor":3,"gold_loss":0},{"cards_removed":["Strike_R"],"damage_healed":0,"gold_gain":0,"player_choice":"Card Removal","damage_taken":7,"max_hp_gain":0,"max_hp_loss":0,"event_name":"Golden Wing","floor":7,"gold_loss":0},{"cards_removed":["Strike_R"],"damage_healed":0,"gold_gain":0,"player_choice":"Card Removal","damage_taken":0,"max_hp_gain":0,"max_hp_loss":0,"event_name":"The Cleric","floor":10,"gold_loss":50},{"damage_healed":0,"gold_gain":0,"player_choice":"Obtained Relic","damage_taken":0,"relics_obtained":["Anchor"],"max_hp_gain":0,"max_hp_loss":0,"event_name":"Addict","floor":19,"gold_loss":85},{"damage_healed":0,"gold_gain":250,"player_choice":"Bet on Owner","damage_taken":0,"max_hp_gain":0,"max_hp_loss":0,"event_name":"The Joust","floor":20,"gold_loss":50}],"is_beta":false,"boss_relics":[{"not_picked":["Pandora\u0027s Box","Sozu"],"picked":"Empty Cage"}],"items_purged_floors":[5],"is_endless":false,"potions_floor_spawned":[1,4,14],"killed_by":"Centurion and Healer","ascension_level":9}