{"gold_per_floor":[112,128,27,27,27,27,53,67,67,87,87,120,120,140,140,238,238,250,262,262,107,122,122],"floor_reached":23,"playtime":1521,"items_purged":["Strike_B","Writhe"],"score":271,"play_id":"04a2bd39-b69b-4e97-a1fb-cf8556556adb","local_time":"20181230134501","is_ascension_mode":true,"campfire_choices":[{"data":"Machine Learning","floor":6,"key":"SMITH"},{"data":"Rainbow","floor":13,"key":"SMITH"},{"floor":15,"key":"REST"}],"neow_cost":"NONE","seed_source_timestamp":259265222879529,"circlet_count":0,"master_deck":["Strike_B","Defend_B","Defend_B","Defend_B","Defend_B","Zap+1","Dualcast","Steam","Machine Learning+1","Beam Cell+1","Melter","Rainbow+1","Beam Cell","Steam","Sunder","Melter","Core Surge","Gash","Gash","Beam Cell","Hologram","Gash"],"relics":["Cracked Core","NeowsBlessing","Pear","The Courier","PreservedInsect","Nuclear Battery","Dream Catcher"],"potions_floor_usage":[16,18,18,18,18,18,18,22,23,23],"damage_taken":[{"damage":0,"enemies":"Jaw Worm","floor":1,"turns":1},{"damage":0,"enemies":"2 Louse","floor":2,"turns":1},{"damage":0,"enemies":"Gremlin Nob","floor":7,"turns":1},{"damage":13,"enemies":"Small Slimes","floor":8,"turns":4},{"damage":11,"enemies":"Exordium Thugs","floor":10,"turns":4},{"damage":4,"enemies":"Lagavulin","floor":12,"turns":6},{"damage":7,"enemies":"3 Louse","floor":14,"turns":2},{"damage":20,"enemies":"The Guardian","floor":16,"turns":10},{"damage":16,"enemies":"3 Byrds","floor":18,"turns":3},{"damage":6,"enemies":"Shell Parasite","floor":19,"turns":3},{"damage":32,"enemies":"Snake Plant","floor":22,"turns":4},{"damage":36,"enemies":"Slavers","floor":23,"turns":2}],"seed_played":"-1456602969708743634","potions_obtained":[{"floor":1,"key":"EntropicBrew"},{"floor":7,"key":"SneckoOil"},{"floor":10,"key":"SkillPotion"},{"floor":14,"key":"GamblersBrew"},{"floor":19,"key":"Regen Potion"},{"floor":22,"key":"FearPotion"}],"is_trial":false,"path_per_floor":["M","M","$","?","?","R","E","M","T","M","?","E","R","M","R","B",null,"M","M","?","$","M","E"],"character_chosen":"DEFECT","items_purchased":["Beam Cell","Beam Cell","Hologram"],"campfire_rested":1,"item_purchase_floors":[3,21,21],"current_hp_per_floor":[75,75,75,68,68,68,78,65,65,54,37,33,33,26,51,31,85,69,63,63,63,36,0],"gold":122,"neow_bonus":"THREE_ENEMY_KILL","is_prod":false,"is_daily":false,"chose_seed":false,"campfire_upgraded":2,"win_rate":0,"timestamp":1546206301,"path_taken":["M","M","$","?","?","R","E","M","T","M","?","E","R","M","R","BOSS","M","M","?","$","M","E"],"build_version":"2018-12-20","purchased_purges":2,"victory":false,"max_hp_per_floor":[75,75,75,75,75,75,85,85,85,85,85,85,85,85,85,85,85,85,85,85,85,85,85],"card_choices":[{"not_picked":["Steam Power","Compile Driver"],"picked":"Steam","floor":1},{"not_picked":["Ball Lightning","Compile Driver"],"picked":"Machine Learning","floor":2},{"not_picked":["Force Field","Undo"],"picked":"Rainbow","floor":7},{"not_picked":["Ball Lightning","Steam"],"picked":"Beam Cell","floor":8},{"not_picked":["Chaos","Hologram"],"picked":"Steam","floor":10},{"not_picked":["Turbo","Rebound"],"picked":"Sunder","floor":12},{"not_picked":["Hologram","BootSequence"],"picked":"Melter","floor":14},{"not_picked":["All For One","Electrodynamics"],"picked":"Core Surge","floor":16},{"not_picked":["Rebound","Double Energy"],"picked":"Gash","floor":18},{"not_picked":["Skim","Redo"],"picked":"Gash","floor":19},{"not_picked":["Storm+1","Redo"],"picked":"Gash","floor":22}],"player_experience":249573,"relics_obtained":[{"floor":7,"key":"Pear"},{"floor":9,"key":"The Courier"},{"floor":12,"key":"PreservedInsect"}],"event_choices":[{"cards_removed":["Strike_B"],"damage_healed":0,"gold_gain":0,"player_choice":"Card Removal","damage_taken":7,"max_hp_gain":0,"max_hp_loss":0,"event_name":"Golden Wing","floor":4,"gold_loss":0},{"damage_healed":0,"gold_gain":0,"cards_transformed":["Strike_B"],"player_choice":"Change","damage_taken":0,"max_hp_gain":0,"max_hp_loss":0,"event_name":"Living Wall","floor":5,"gold_loss":0,"cards_obtained":["Melter"]},{"damage_healed":0,"gold_gain":0,"player_choice":"Entered Light","damage_taken":17,"max_hp_gain":0,"max_hp_loss":0,"event_name":"Shining Light","floor":11,"gold_loss":0,"cards_upgraded":["Zap","Beam Cell"]},{"damage_healed":0,"gold_gain":0,"player_choice":"Opened","damage_taken":0,"relics_obtained":["Dream Catcher"],"max_hp_gain":0,"max_hp_loss":0,"event_name":"The Mausoleum","floor":20,"gold_loss":0,"cards_obtained":["Writhe"]}],"is_beta":false,"boss_relics":[{"not_picked":["Sozu","Tiny House"],"picked":"Nuclear Battery"}],"items_purged_floors":[3,21],"is_endless":false,"potions_floor_spawned":[1,7,10,14,19,22],"killed_by":"Slavers","ascension_level":4}