{"gold_per_floor":[20,32,32,45,45,77,77,104,129,129],"floor_reached":10,"playtime":419,"items_purged":[],"score":131,"play_id":"fc336e3e-56c1-4ac9-9191-4e4222c36ea9","local_time":"20190101222754","is_ascension_mode":true,"campfire_choices":[{"floor":7,"key":"REST"}],"neow_cost":"NO_GOLD","seed_source_timestamp":274461536650400,"circlet_count":0,"master_deck":["Strike_R","Strike_R","Strike_R","Strike_R","Defend_R","Defend_R","Defend_R","Defend_R","Bash","Entrench","Shrug It Off","Seeing Red","Regret","Pommel Strike"],"relics":["Burning Blood","Potion Belt","Anchor","Pen Nib","Bag of Marbles"],"potions_floor_usage":[6,8],"damage_taken":[{"damage":16,"enemies":"Jaw Worm","floor":1,"turns":4},{"damage":1,"enemies":"Cultist","floor":2,"turns":3},{"damage":0,"enemies":"2 Louse","floor":4,"turns":4},{"damage":60,"enemies":"Gremlin Nob","floor":6,"turns":6},{"damage":61,"enemies":"Lagavulin","floor":8,"turns":7},{"damage":12,"enemies":"3 Sentries","floor":10,"turns":4}],"seed_played":"7257558209026039438","potions_obtained":[{"floor":2,"key":"PowerPotion"},{"floor":4,"key":"SteroidPotion"}],"is_trial":false,"path_per_floor":["M","M","?","M","?","E","R","E","T","E"],"character_chosen":"IRONCLAD","items_purchased":[],"campfire_rested":1,"item_purchase_floors":[],"current_hp_per_floor":[78,83,83,89,89,35,63,8,8,0],"gold":129,"neow_bonus":"TWENTY_PERCENT_HP_BONUS","is_prod":false,"is_daily":false,"chose_seed":false,"campfire_upgraded":0,"win_rate":0,"timestamp":1546378074,"path_taken":["M","M","?","?","?","E","R","E","T","E"],"build_version":"2018-12-20","purchased_purges":0,"victory":false,"max_hp_per_floor":[96,96,96,96,96,96,96,96,96,96],"card_choices":[{"not_picked":["Iron Wave","Thunderclap"],"picked":"Entrench","floor":1},{"not_picked":["Reckless Charge","Intimidate"],"picked":"Shrug It Off","floor":2},{"not_picked":["Iron Wave","Perfected Strike"],"picked":"Seeing Red","floor":4},{"not_picked":["Combust","Warcry"],"picked":"Pommel Strike","floor":6},{"not_picked":["Flex","Wild Strike","Corruption"],"picked":"SKIP","floor":8}],"player_experience":1075646,"relics_obtained":[{"floor":6,"key":"Anchor"},{"floor":8,"key":"Pen Nib"},{"floor":9,"key":"Bag of Marbles"}],"event_choices":[{"cards_removed":["Strike_R"],"damage_healed":0,"gold_gain":0,"player_choice":"Purged","damage_taken":0,"max_hp_gain":0,"max_hp_loss":0,"event_name":"Purifier","floor":3,"gold_loss":0},{"damage_healed":0,"gold_gain":0,"player_choice":"Box","damage_taken":0,"relics_obtained":["Potion Belt"],"max_hp_gain":0,"max_hp_loss":0,"event_name":"Big Fish","floor":5,"gold_loss":0,"cards_obtained":["Regret"]}],"is_beta":false,"boss_relics":[],"items_purged_floors":[],"is_endless":false,"potions_floor_spawned":[2,4],"killed_by":"3 Sentries","ascension_level":8}