{"gold_per_floor":[114,114,132,51,62,62,78,111,111,111,134,148,181,181,181,256,256,266,277,227,69,87,87,112,112,136,61,78,78],"floor_reached":29,"playtime":794,"items_purged":["Strike_R"],"score":506,"play_id":"2a4bfb2e-af54-47a6-810a-3b82c8825fe8","local_time":"20190513003743","is_ascension_mode":true,"campfire_choices":[{"data":"Whirlwind","floor":6.0,"key":"SMITH"},{"data":"Inflame","floor":10.0,"key":"SMITH"},{"data":"True Grit","floor":15.0,"key":"SMITH"},{"data":"Feel No Pain","floor":23.0,"key":"SMITH"},{"data":"Spot Weakness","floor":25.0,"key":"SMITH"}],"neow_cost":"TEN_PERCENT_HP_LOSS","seed_source_timestamp":206027729895408,"circlet_count":0,"master_deck":["AscendersBane","Strike_R","Strike_R","Defend_R","Defend_R","Defend_R","Defend_R","Bash","Spot Weakness+1","Dropkick","Inflame+1","Whirlwind+1","Shockwave","Barricade+1","True Grit+1","Reaper+1","Battle Trance","Feel No Pain+1","Dropkick","Burning Pact"],"special_seed":0,"relics":["Burning Blood","CultistMask","Centennial Puzzle","Bottled Flame","Odd Mushroom","Shuriken","Runic Pyramid","Champion Belt","Ancient Tea Set"],"potions_floor_usage":[29],"damage_taken":[{"damage":4.0,"enemies":"2 Louse","floor":1.0,"turns":3.0},{"damage":2.0,"enemies":"Cultist","floor":3.0,"turns":4.0},{"damage":7.0,"enemies":"Small Slimes","floor":5.0,"turns":4.0},{"damage":8.0,"enemies":"Blue Slaver","floor":7.0,"turns":2.0},{"damage":6.0,"enemies":"Gremlin Nob","floor":8.0,"turns":3.0},{"damage":18.0,"enemies":"The Mushroom Lair","floor":11.0,"turns":2.0},{"damage":12.0,"enemies":"Exordium Thugs","floor":12.0,"turns":3.0},{"damage":30.0,"enemies":"Lagavulin","floor":13.0,"turns":6.0},{"damage":21.0,"enemies":"Slime Boss","floor":16.0,"turns":8.0},{"damage":15.0,"enemies":"Spheric Guardian","floor":18.0,"turns":4.0},{"damage":3.0,"enemies":"3 Byrds","floor":19.0,"turns":3.0},{"damage":36.0,"enemies":"Cultist and Chosen","floor":22.0,"turns":7.0},{"damage":18.0,"enemies":"Gremlin Leader","floor":24.0,"turns":6.0},{"damage":35.0,"enemies":"Snake Plant","floor":28.0,"turns":7.0},{"damage":43,"enemies":"Book of Stabbing","floor":29,"turns":4}],"seed_played":"4441760117182029691","potions_obtained":[{"floor":1.0,"key":"SteroidPotion"},{"floor":7.0,"key":"Explosive Potion"},{"floor":13.0,"key":"Block Potion"},{"floor":16.0,"key":"Block Potion"},{"floor":18.0,"key":"Energy Potion"},{"floor":19.0,"key":"SpeedPotion"}],"is_trial":false,"path_per_floor":["M","?","M","$","M","R","M","E","T","R","?","M","E","?","R","B",null,"M","M","?","$","M","R","E","R","T","$","M","E"],"character_chosen":"IRONCLAD","items_purchased":["Inflame","Feel No Pain","Burning Pact"],"campfire_rested":0,"item_purchase_floors":[4,21,27],"current_hp_per_floor":[68,68,68,68,67,67,65,65,65,65,53,47,23,23,23,8,53,44,68,68,68,53,53,56,56,56,56,41,0],"gold":78,"neow_bonus":"REMOVE_TWO","is_prod":false,"is_daily":false,"chose_seed":false,"campfire_upgraded":5,"win_rate":0,"timestamp":1557679063,"path_taken":["M","?","?","$","M","R","M","E","T","R","?","M","E","?","R","BOSS","BOSS","M","M","?","?","M","R","E","R","T","$","?","E"],"build_version":"2019-01-23","purchased_purges":1,"victory":false,"max_hp_per_floor":[68,68,68,68,68,68,68,68,68,68,68,68,68,68,68,68,68,68,68,68,68,68,68,68,68,68,68,68,68],"card_choices":[{"not_picked":["Pummel","Seeing Red"],"picked":"Spot Weakness","floor":1.0},{"not_picked":["Clothesline","Shrug It Off"],"picked":"Dropkick","floor":3.0},{"not_picked":["True Grit","Headbutt"],"picked":"Whirlwind","floor":5.0},{"not_picked":["Perfected Strike","Shrug It Off"],"picked":"Shockwave","floor":7.0},{"not_picked":["Pommel Strike","Clothesline","Carnage"],"picked":"SKIP","floor":8.0},{"not_picked":["Infernal Blade","Body Slam"],"picked":"Barricade","floor":11.0},{"not_picked":["Twin Strike","Clothesline","Reckless Charge"],"picked":"SKIP","floor":12.0},{"not_picked":["Bludgeon","Berserk"],"picked":"True Grit","floor":13.0},{"not_picked":["Feed","Exhume"],"picked":"Reaper","floor":16.0},{"not_picked":["Warcry","Perfected Strike","Blood for Blood+1"],"picked":"SKIP","floor":18.0},{"not_picked":["Anger+1","Cleave"],"picked":"Battle Trance","floor":19.0},{"not_picked":["Shockwave","Cleave"],"picked":"Dropkick","floor":22.0},{"not_picked":["Hemokinesis","Thunderclap","Shrug It Off"],"picked":"SKIP","floor":24.0},{"not_picked":["Blood for Blood","True Grit","Clash"],"picked":"SKIP","floor":28.0}],"player_experience":1632656,"relics_obtained":[{"floor":8.0,"key":"Centennial Puzzle"},{"floor":9.0,"key":"Bottled Flame"},{"floor":11.0,"key":"Odd Mushroom"},{"floor":13.0,"key":"Shuriken"},{"floor":24.0,"key":"Champion Belt"},{"floor":26.0,"key":"Ancient Tea Set"}],"event_choices":[{"damage_healed":0.0,"max_hp_gain":0.0,"max_hp_loss":0.0,"gold_gain":0.0,"event_name":"FaceTrader","player_choice":"Trade","floor":2.0,"gold_loss":0.0,"damage_taken":0.0,"relics_obtained":["CultistMask"]},{"damage_healed":0.0,"max_hp_gain":0.0,"max_hp_loss":0.0,"gold_gain":0.0,"event_name":"Mushrooms","player_choice":"Fought Mushrooms","floor":11.0,"gold_loss":0.0,"damage_taken":0.0},{"damage_healed":0.0,"max_hp_gain":0.0,"max_hp_loss":0.0,"gold_gain":0.0,"event_name":"Dead Adventurer","player_choice":"Searched \u00270\u0027 times","floor":14.0,"gold_loss":0.0,"damage_taken":0.0},{"damage_healed":0.0,"max_hp_gain":0.0,"max_hp_loss":0.0,"gold_gain":0.0,"event_name":"Designer","player_choice":"Upgraded Two","floor":20.0,"gold_loss":50.0,"damage_taken":0.0,"cards_upgraded":["Barricade","Reaper"]}],"is_beta":false,"boss_relics":[{"not_picked":["Sozu","Black Blood"],"picked":"Runic Pyramid"}],"items_purged_floors":[21],"is_endless":false,"potions_floor_spawned":[1,7,13,16,18,19],"killed_by":"Book of Stabbing","ascension_level":20}