{"path_per_floor":["M","?","?","M","M","R","M","T","T","R","$","R","M","?","R","B",null,"M","$","?","M","M","R","M","R","T","M","R","E","?","M","R","B",null,"M","T","T","?","M","R","?","?","T","R","M","R","M","M","R"],"character_chosen":"DEFECT","items_purchased":["Anchor","Apotheosis"],"gold_per_floor":[119,119,119,129,142,142,159,213,213,213,70,70,89,89,89,185,185,195,13,13,25,41,41,60,60,60,73,73,99,99,114,114,211,211,221,221,248,248,266,266,611,611,663,663,679,679,692,709,709,709],"floor_reached":50,"campfire_rested":2,"playtime":2830,"item_purchase_floors":[11,19],"current_hp_per_floor":[82,75,75,70,76,76,61,61,61,61,61,61,71,71,71,41,82,76,76,76,82,82,82,69,69,69,73,73,28,28,37,76,14,82,78,78,78,78,82,82,44,44,44,82,63,63,63,73,73,0],"items_purged":[],"gold":709,"score":475,"play_id":"a2563b7e-9b6e-4a12-933f-601cab68160a","local_time":"20180604152636","is_prod":false,"is_daily":false,"chose_seed":false,"is_ascension_mode":true,"campfire_upgraded":10,"win_rate":0.0,"timestamp":1528151196,"campfire_choices":[{"data":"Self Repair","floor":6,"key":"SMITH"},{"data":"Fusion","floor":10,"key":"SMITH"},{"data":"Zap","floor":12,"key":"SMITH"},{"data":"Dualcast","floor":15,"key":"SMITH"},{"data":"Apotheosis","floor":23,"key":"SMITH"},{"data":"Fission","floor":25,"key":"SMITH"},{"data":"Loop","floor":28,"key":"SMITH"},{"floor":32,"key":"REST"},{"data":"Consume","floor":40,"key":"SMITH"},{"floor":44,"key":"REST"},{"data":"Glacier","floor":46,"key":"SMITH"},{"data":"Electrodynamics","floor":49,"key":"SMITH"}],"path_taken":["M","?","?","M","?","R","M","?","T","R","$","R","M","?","R","BOSS","M","$","?","M","M","R","M","R","T","M","R","E","?","M","R","BOSS","M","?","?","?","M","R","?","?","T","R","M","R","M","M","R","BOSS"],"build_version":"2018-05-31","seed_source_timestamp":2316453839691221,"purchased_purges":0,"victory":false,"master_deck":["Strike_B+1","Strike_B+1","Strike_B+1","Defend_B+1","Defend_B+1","Defend_B+1","Defend_B+1","Zap+1","Dualcast+1","Beam Cell+1","Self Repair+1","All For One","Fusion+1","Cold Snap","Fission+1","Hologram+1","Apotheosis+1","Zap","Glacier+1","Consume+1","Go for the Eyes","Loop+1","Genetic Algorithm","Electrodynamics+1","Reinforced Body+1","Sweeping Beam+1","Tempest+1","Blizzard+1"],"max_hp_per_floor":[82,82,82,82,82,82,82,82,82,82,82,82,82,82,82,82,82,82,82,82,82,82,82,82,82,82,82,82,82,82,82,82,82,82,82,82,82,82,82,82,82,82,82,82,82,82,82,82,82,82],"relics":["Cracked Core","Juzu Bracelet","Mercury Hourglass","Anchor","Velvet Choker","Regal Pillow","Art of War","Sozu","Boot","Bronze Scales","Old Coin","Dream Catcher"],"card_choices":[{"not_picked":["Conserve Battery","Go for the Eyes"],"picked":"Beam Cell","floor":1},{"not_picked":["Beam Cell","Storm"],"picked":"Self Repair","floor":4},{"not_picked":["Steam","Stack"],"picked":"All For One","floor":5},{"not_picked":["Go for the Eyes","Cold Snap"],"picked":"Fusion","floor":7},{"not_picked":["Beam Cell","Darkness"],"picked":"Cold Snap","floor":13},{"not_picked":["Reboot","Seek"],"picked":"Fission","floor":16},{"not_picked":["Ball Lightning","Coolheaded"],"picked":"Hologram+1","floor":18},{"not_picked":["Streamline","Steam Power+1"],"picked":"Consume","floor":21},{"not_picked":["Compile Driver+1","Ball Lightning"],"picked":"Go for the Eyes","floor":22},{"not_picked":["Ball Lightning","Streamline+1","Coolheaded"],"picked":"SKIP","floor":24},{"not_picked":["Cold Snap","Fission"],"picked":"Loop","floor":27},{"not_picked":["Force Field","Cold Snap"],"picked":"Genetic Algorithm","floor":29},{"not_picked":["BootSequence","Chaos"],"picked":"Rip and Tear+1","floor":31},{"not_picked":["Machine Learning","Biased Cognition"],"picked":"Electrodynamics","floor":33},{"not_picked":["Streamline+1","Sweeping Beam+1"],"picked":"Reinforced Body+1","floor":35},{"not_picked":["Cold Snap","Sweeping Beam","Streamline+1"],"picked":"SKIP","floor":39},{"not_picked":["Hologram+1","Beam Cell+1"],"picked":"Sweeping Beam+1","floor":41},{"not_picked":["Beam Cell+1","Sweeping Beam"],"picked":"Tempest+1","floor":45},{"not_picked":["Multi-Cast","Sweeping Beam+1"],"picked":"Blizzard+1","floor":47},{"not_picked":["Compile Driver+1","Hello World","Stack+1"],"picked":"SKIP","floor":48}],"player_experience":219513,"potions_floor_usage":[22,29,31,31,33],"damage_taken":[{"damage":0,"enemies":"Small Slimes","floor":1,"turns":3},{"damage":5,"enemies":"2 Louse","floor":4,"turns":3},{"damage":1,"enemies":"Cultist","floor":5,"turns":3},{"damage":25,"enemies":"Exordium Wildlife","floor":7,"turns":5},{"damage":0,"enemies":"Red Slaver","floor":13,"turns":2},{"damage":30,"enemies":"Slime Boss","floor":16,"turns":7},{"damage":16,"enemies":"2 Thieves","floor":18,"turns":3},{"damage":3,"enemies":"Shell Parasite","floor":21,"turns":7},{"damage":6,"enemies":"Snake Plant","floor":22,"turns":4},{"damage":23,"enemies":"Sentry and Sphere","floor":24,"turns":8},{"damage":6,"enemies":"Centurion and Healer","floor":27,"turns":7},{"damage":55,"enemies":"Gremlin Leader","floor":29,"turns":6},{"damage":1,"enemies":"Slaver and Parasite","floor":31,"turns":7},{"damage":62,"enemies":"Collector","floor":33,"turns":12},{"damage":14,"enemies":"3 Darklings","floor":35,"turns":5},{"damage":0,"enemies":"3 Shapes","floor":39,"turns":3},{"damage":48,"enemies":"Mysterious Sphere","floor":41,"turns":5},{"damage":29,"enemies":"Maw","floor":45,"turns":9},{"damage":0,"enemies":"3 Darklings","floor":47,"turns":2},{"damage":0,"enemies":"4 Shapes","floor":48,"turns":2},{"damage":79,"enemies":"Time Eater","floor":50,"turns":10}],"relics_obtained":[{"floor":8,"key":"Juzu Bracelet"},{"floor":9,"key":"Mercury Hourglass"},{"floor":26,"key":"Regal Pillow"},{"floor":29,"key":"Art of War"},{"floor":36,"key":"Boot"},{"floor":37,"key":"Bronze Scales"},{"floor":41,"key":"Old Coin"},{"floor":43,"key":"Dream Catcher"}],"event_choices":[{"event_name":"Golden Wing","player_choice":"Card Removal","floor":2,"damage_taken":0},{"event_name":"Accursed Blacksmith","player_choice":"Forge","floor":3,"damage_taken":0},{"event_name":"Liars Game","player_choice":"disagreed","floor":14,"damage_taken":0},{"event_name":"Match and Keep!","player_choice":"2 cards matched","floor":20,"damage_taken":0},{"event_name":"Back to Basics","player_choice":"Simplicity","floor":30,"damage_taken":0},{"event_name":"Tomb of Lord Red Mask","player_choice":"Ignored","floor":38,"damage_taken":0},{"event_name":"Mysterious Sphere","player_choice":"Fight","floor":41,"damage_taken":0}],"boss_relics":[{"not_picked":["Runic Pyramid","Lizard Tail"],"picked":"Velvet Choker"},{"not_picked":["Runic Dome","White Beast Statue"],"picked":"Sozu"}],"items_purged_floors":[],"potions_floor_spawned":[13,16,21,22,27,29,39,47],"seed_played":"-2195018162360633305","killed_by":"Time Eater","ascension_level":1,"potions_obtained":[{"floor":13,"key":"Fire Potion"},{"floor":16,"key":"Poison Potion"},{"floor":21,"key":"AttackPotion"},{"floor":22,"key":"Dexterity Potion"},{"floor":29,"key":"Energy Potion"}],"is_trial":false}