{"gold_per_floor":[114,114,114,129,144,144,159,174,174,174,24,124,139,154,154,254,254,269,284,284,359,195,195,195,210,210,83,83,98,98,30,30,130,130,145,64,79,38,53,95,107,134,146,173,185,212,224,251,263,275],"floor_reached":51,"playtime":2289,"items_purged":["Doubt"],"score":996,"play_id":"56c022d2-197a-42e8-a5f2-c489dd648373","local_time":"20190222194902","daily_mods":["Cursed Run","Vintage","Lethality"],"is_ascension_mode":false,"campfire_choices":[{"data":"Neutralize","floor":6,"key":"SMITH"},{"data":"Outmaneuver","floor":10,"key":"SMITH"},{"floor":15,"key":"REST"},{"data":"Footwork","floor":24,"key":"SMITH"},{"data":"Bite","floor":28,"key":"SMITH"},{"data":"Noxious Fumes","floor":30,"key":"SMITH"},{"data":"Footwork","floor":32,"key":"SMITH"},{"floor":41,"key":"REST"},{"data":"Accuracy","floor":45,"key":"SMITH"},{"data":"Eviscerate","floor":47,"key":"SMITH"},{"data":"After Image","floor":49,"key":"SMITH"}],"neow_cost":"","seed_source_timestamp":0,"circlet_count":0,"master_deck":["Defend_G","Defend_G","Defend_G","Defend_G","Defend_G+1","Survivor","Neutralize+1","Outmaneuver+1","Decay","Clumsy","After Image+1","Deflect","Acrobatics","Blade Dance","Noxious Fumes+1","Deflect","Decay","Footwork+1","Blade Dance+1","Bite+1","Bite+1","Bite+1","Bite","Bite","Parasite","Malaise+1","PiercingWail+1","Footwork+1","Shame","A Thousand Cuts","Accuracy+1","Infinite Blades","Eviscerate+1","Dagger Spray+1","Clumsy","Parasite","Clumsy"],"special_seed":17950,"relics":["Cursed Key","Darkstone Periapt","Du-Vu Doll","FossilizedHelix","Orichalcum","Shuriken","Regal Pillow","Smiling Mask","Kunai","Torii","Boot","Orrery","Pen Nib","Dream Catcher","Gremlin Horn","Thread and Needle","Toxic Egg 2","Ancient Tea Set","Busted Crown","Letter Opener","Dead Branch","MawBank","Incense Burner","Singing Bowl","PreservedInsect","Whetstone","Bag of Marbles","War Paint"],"potions_floor_usage":[16,16],"damage_taken":[{"damage":0,"enemies":"Jaw Worm","floor":1,"turns":3},{"damage":0,"enemies":"2 Louse","floor":4,"turns":2},{"damage":0,"enemies":"Cultist","floor":5,"turns":3},{"damage":0,"enemies":"Blue Slaver","floor":7,"turns":3},{"damage":0,"enemies":"Exordium Thugs","floor":8,"turns":3},{"damage":0,"enemies":"Looter","floor":13,"turns":2},{"damage":7,"enemies":"Gremlin Gang","floor":14,"turns":3},{"damage":47,"enemies":"Hexaghost","floor":16,"turns":13},{"damage":7,"enemies":"Spheric Guardian","floor":18,"turns":6},{"damage":1,"enemies":"2 Thieves","floor":19,"turns":4},{"damage":20,"enemies":"Snecko","floor":25,"turns":6},{"damage":0,"enemies":"Sentry and Sphere","floor":29,"turns":6},{"damage":33,"enemies":"Automaton","floor":33,"turns":11},{"damage":0,"enemies":"Orb Walker","floor":35,"turns":4},{"damage":0,"enemies":"3 Shapes","floor":37,"turns":4},{"damage":35,"enemies":"Jaw Worm Horde","floor":39,"turns":4},{"damage":0,"enemies":"Giant Head","floor":40,"turns":8},{"damage":0,"enemies":"Maw","floor":42,"turns":4},{"damage":16,"enemies":"Spire Growth","floor":44,"turns":4},{"damage":0,"enemies":"Jaw Worm Horde","floor":46,"turns":2},{"damage":0,"enemies":"Writhing Mass","floor":48,"turns":4},{"damage":0,"enemies":"Donu and Deca","floor":50,"turns":5}],"seed_played":"7047609916602226335","potions_obtained":[{"floor":4,"key":"GhostInAJar"},{"floor":7,"key":"PowerPotion"},{"floor":8,"key":"EntropicBrew"},{"floor":18,"key":"Poison Potion"},{"floor":29,"key":"SpeedPotion"},{"floor":35,"key":"LiquidBronze"},{"floor":42,"key":"PowerPotion"}],"is_trial":false,"path_per_floor":["M","?","?","M","M","R","M","M","T","R","$","?","M","M","R","B",null,"M","M","?","T","$","?","R","M","T","$","R","M","R","$","R","B",null,"M","$","M","$","M","E","R","M","T","M","R","M","R","M","R","B",null],"character_chosen":"THE_SILENT","items_purchased":["Blood Vial","Footwork","Blade Dance","Malaise+1","PiercingWail+1","Footwork","Accuracy","Infinite Blades"],"campfire_rested":2,"item_purchase_floors":[11,22,22,27,27,31,36,38],"current_hp_per_floor":[70,56,56,56,56,56,56,56,62,62,62,62,64,59,76,35,82,75,76,82,88,88,88,88,80,86,86,86,97,97,97,97,93,106,106,106,106,106,73,89,106,106,112,98,98,98,98,114,114,124],"gold":287,"neow_bonus":"","is_prod":false,"is_daily":true,"chose_seed":false,"campfire_upgraded":9,"win_rate":0,"timestamp":1550893742,"path_taken":["M","?","?","M","M","R","?","M","T","R","$","?","M","M","R","BOSS","M","M","?","?","$","?","R","M","T","?","R","M","R","$","R","BOSS","M","$","M","$","M","E","R","M","T","M","R","M","R","M","R","BOSS"],"build_version":"2019-01-23","purchased_purges":1,"victory":true,"max_hp_per_floor":[70,70,70,70,70,70,70,70,76,76,76,76,76,76,76,82,82,82,82,88,94,94,94,94,94,100,100,100,100,100,100,100,106,106,106,106,106,106,106,106,106,106,112,112,112,112,112,118,118,124],"card_choices":[{"not_picked":["Bullet Time","Doppelganger"],"picked":"After Image","floor":16},{"not_picked":["Dagger Throw","Backstab"],"picked":"Deflect","floor":17},{"not_picked":["Outmaneuver","Backstab"],"picked":"Acrobatics","floor":17},{"not_picked":["Bane","Dagger Spray"],"picked":"Blade Dance","floor":17},{"not_picked":["Caltrops","Terror"],"picked":"Noxious Fumes","floor":17},{"not_picked":["Crippling Poison","Setup"],"picked":"Deflect","floor":17},{"not_picked":["Wraith Form v2","Tools of the Trade"],"picked":"A Thousand Cuts","floor":33},{"not_picked":[],"picked":"Eviscerate","floor":40},{"not_picked":[],"picked":"Dagger Spray+1","floor":41}],"player_experience":258966,"relics_obtained":[{"floor":1,"key":"FossilizedHelix"},{"floor":4,"key":"Orichalcum"},{"floor":5,"key":"Shuriken"},{"floor":7,"key":"Regal Pillow"},{"floor":8,"key":"Smiling Mask"},{"floor":9,"key":"Kunai"},{"floor":13,"key":"Torii"},{"floor":14,"key":"Boot"},{"floor":18,"key":"Pen Nib"},{"floor":19,"key":"Dream Catcher"},{"floor":21,"key":"Gremlin Horn"},{"floor":25,"key":"Thread and Needle"},{"floor":26,"key":"Toxic Egg 2"},{"floor":29,"key":"Ancient Tea Set"},{"floor":35,"key":"Letter Opener"},{"floor":37,"key":"Dead Branch"},{"floor":39,"key":"MawBank"},{"floor":40,"key":"Incense Burner"},{"floor":42,"key":"Singing Bowl"},{"floor":43,"key":"PreservedInsect"},{"floor":44,"key":"Whetstone"},{"floor":46,"key":"Bag of Marbles"},{"floor":48,"key":"War Paint"}],"event_choices":[{"damage_healed":0,"gold_gain":0,"player_choice":"Entered Light","damage_taken":14,"max_hp_gain":0,"max_hp_loss":0,"event_name":"Shining Light","floor":2,"gold_loss":0,"cards_upgraded":["Strike_G","Strike_G"]},{"damage_healed":0,"gold_gain":0,"player_choice":"1 cards matched","damage_taken":0,"max_hp_gain":0,"max_hp_loss":0,"event_name":"Match and Keep!","floor":3,"gold_loss":0,"cards_obtained":["Outmaneuver"]},{"damage_healed":0,"gold_gain":100,"player_choice":"Pray","damage_taken":0,"max_hp_gain":0,"max_hp_loss":0,"event_name":"Golden Shrine","floor":12,"gold_loss":0},{"damage_healed":0,"gold_gain":0,"player_choice":"Smashed Altar","damage_taken":0,"max_hp_gain":0,"max_hp_loss":0,"event_name":"Forgotten Altar","floor":20,"gold_loss":0,"cards_obtained":["Decay"]},{"damage_healed":0,"gold_gain":0,"player_choice":"Became a vampire (Vial)","damage_taken":0,"max_hp_gain":0,"max_hp_loss":0,"event_name":"Vampires","floor":23,"relics_lost":["Blood Vial"],"gold_loss":0,"cards_obtained":["Bite","Bite","Bite","Bite","Bite"]}],"is_beta":false,"boss_relics":[{"not_picked":["Fusion Hammer","Velvet Choker"],"picked":"Orrery"},{"not_picked":["Empty Cage","Lizard Tail"],"picked":"Busted Crown"}],"items_purged_floors":[22],"is_endless":false,"potions_floor_spawned":[4,7,8,18,29,35,39,42,46],"ascension_level":0}