{"gold_per_floor":[119,119,136,68,81,81,96,96,96,107,6,6,19,38,38,135,135,148,159,159,178,111,111,0,0],"floor_reached":25,"playtime":5159,"items_purged":[],"score":234,"play_id":"37b892a3-caf7-4a63-848c-c1035c2bd8ad","local_time":"20181014003101","is_ascension_mode":true,"campfire_choices":[{"data":"Defragment","floor":6,"key":"SMITH"},{"floor":8,"key":"REST"},{"floor":15,"key":"REST"}],"neow_cost":"NONE","seed_source_timestamp":159955001747600,"circlet_count":0,"master_deck":["Zap","Dualcast","Amplify","Self Repair","Steam","Defragment+1","Melter","Chaos","Rebound","Discovery","Storm","Turbo","Echo Form","Compile Driver","Hologram","Gash","Heatsinks","Barrage","Coolheaded","Gash","Leap","Chill+1","Gash+1","Defragment"],"relics":["Cracked Core","StoneCalendar","Du-Vu Doll","Pandora\u0027s Box"],"potions_floor_usage":[16,18,25,25],"damage_taken":[{"damage":4,"enemies":"Small Slimes","floor":1,"turns":3},{"damage":1,"enemies":"Cultist","floor":3,"turns":3},{"damage":1,"enemies":"Jaw Worm","floor":5,"turns":3},{"damage":16,"enemies":"Red Slaver","floor":7,"turns":4},{"damage":15,"enemies":"Gremlin Gang","floor":10,"turns":5},{"damage":0,"enemies":"Large Slime","floor":13,"turns":3},{"damage":18,"enemies":"Exordium Wildlife","floor":14,"turns":5},{"damage":32,"enemies":"Slime Boss","floor":16,"turns":6},{"damage":21,"enemies":"Shell Parasite","floor":18,"turns":5},{"damage":21,"enemies":"Chosen","floor":19,"turns":5},{"damage":13,"enemies":"Snecko","floor":21,"turns":5},{"damage":39,"enemies":"Book of Stabbing","floor":25,"turns":4}],"seed_played":"-8564669383774452458","potions_obtained":[{"floor":10,"key":"PowerPotion"},{"floor":13,"key":"Weak Potion"},{"floor":14,"key":"Ancient Potion"},{"floor":21,"key":"Fire Potion"}],"is_trial":false,"path_per_floor":["M","?","M","$","M","R","M","R","T","M","$","?","M","M","R","B",null,"M","M","?","M","$","?","?"],"character_chosen":"DEFECT","items_purchased":["Defragment","Discovery","Defragment"],"campfire_rested":2,"item_purchase_floors":[4,11,22],"current_hp_per_floor":[71,71,70,70,75,75,59,75,75,74,74,56,56,45,67,49,75,54,40,40,34,34,34,34,0],"gold":0,"neow_bonus":"ONE_RANDOM_RARE_CARD","is_prod":false,"is_daily":false,"chose_seed":false,"campfire_upgraded":1,"win_rate":0,"timestamp":1539469861,"path_taken":["M","?","?","$","?","R","M","R","T","M","?","?","M","?","R","BOSS","M","?","?","M","$","?","?","E"],"build_version":"2018-10-11","purchased_purges":0,"victory":false,"max_hp_per_floor":[75,75,75,75,75,75,75,75,75,75,75,75,75,75,75,75,75,75,75,75,75,75,75,75,75],"card_choices":[{"not_picked":["Beam Cell","Coolheaded"],"picked":"Self Repair","floor":1},{"not_picked":["Ball Lightning","Go for the Eyes"],"picked":"Steam","floor":3},{"not_picked":["Doom and Gloom","Heatsinks"],"picked":"Melter","floor":5},{"not_picked":["Compile Driver","Turbo"],"picked":"Chaos","floor":7},{"not_picked":["Go for the Eyes","Hello World"],"picked":"Rebound","floor":10},{"not_picked":["Go for the Eyes","Stack"],"picked":"Storm","floor":13},{"not_picked":["Rebound","Steam"],"picked":"Turbo","floor":14},{"not_picked":["Machine Learning","Multi-Cast"],"picked":"Echo Form","floor":16},{"not_picked":["Darkness","Steam"],"picked":"Leap","floor":18},{"not_picked":["Beam Cell+1","Reboot"],"picked":"Chill+1","floor":19},{"not_picked":["Rip and Tear+1","Force Field+1"],"picked":"Gash+1","floor":21}],"player_experience":703628,"relics_obtained":[{"floor":9,"key":"StoneCalendar"}],"event_choices":[{"event_name":"Purifier","player_choice":"One Purge","floor":2,"damage_taken":0},{"event_name":"Scrap Ooze","player_choice":"success","floor":12,"damage_taken":18},{"event_name":"Beggar","player_choice":"Ignored","floor":20,"damage_taken":0},{"event_name":"Ghosts","player_choice":"Ignored","floor":23,"damage_taken":0},{"event_name":"Masked Bandits","player_choice":"Paid Fearfully","floor":24,"damage_taken":0}],"is_beta":false,"boss_relics":[{"not_picked":["Runic Dome","Black Star"],"picked":"Pandora\u0027s Box"}],"items_purged_floors":[],"is_endless":false,"potions_floor_spawned":[10,13,14,21],"killed_by":"Book of Stabbing","ascension_level":4}