{"gold_per_floor":[114,134,150,163,163,163,193,211,211,211,211,223,69,81,81,183,183,193,193,193,210,57,57,7,19,42,42,57,57,57,68,68,165,165,180,180,2,17,17,17,28,44,116,147,147,147,160,160,160,160],"floor_reached":50,"playtime":2469,"items_purged":["Defend_B","Defend_B"],"score":594,"play_id":"76fa0439-34cf-442f-b2d7-c852fbbb2f1b","local_time":"20181129162308","is_ascension_mode":true,"campfire_choices":[{"floor":6.0,"key":"REST"},{"data":"Strike_B","floor":10.0,"key":"PURGE"},{"floor":15.0,"key":"REST"},{"floor":23,"key":"REST"},{"floor":27,"key":"REST"},{"floor":32,"key":"REST"},{"floor":40,"key":"REST"},{"floor":45,"key":"REST"},{"floor":49,"key":"REST"}],"neow_cost":"NONE","seed_source_timestamp":573301342332140,"circlet_count":0,"master_deck":["Strike_B","Defend_B","Defend_B","Zap","Dualcast","FTL","Gash","Self Repair","Glacier","Gash","Chill","Scrape","Scrape","Chill","Echo Form","Hologram","Rebound+1","Streamline","Steam","All For One","Scrape","Go for the Eyes","Rebound+1","Gash","Streamline","FTL","Turbo","Gash","Steam+1","Chill+1","Hologram","Madness","Madness","Secret Weapon"],"special_seed":0,"relics":["Cracked Core","Lantern","Peace Pipe","Darkstone Periapt","Nuclear Battery","Dream Catcher","Oddly Smooth Stone","Orrery","Cables"],"potions_floor_usage":[33],"damage_taken":[{"damage":2.0,"enemies":"Jaw Worm","floor":1.0,"turns":3.0},{"damage":0.0,"enemies":"Small Slimes","floor":2.0,"turns":3.0},{"damage":0.0,"enemies":"Cultist","floor":3.0,"turns":2.0},{"damage":17.0,"enemies":"Exordium Thugs","floor":4.0,"turns":4.0},{"damage":32.0,"enemies":"Gremlin Nob","floor":7.0,"turns":5.0},{"damage":6.0,"enemies":"Blue Slaver","floor":8.0,"turns":4.0},{"damage":0.0,"enemies":"Looter","floor":12.0,"turns":2.0},{"damage":8.0,"enemies":"Exordium Thugs","floor":14.0,"turns":3.0},{"damage":53.0,"enemies":"Hexaghost","floor":16.0,"turns":11.0},{"damage":22,"enemies":"2 Thieves","floor":18,"turns":5},{"damage":11,"enemies":"Spheric Guardian","floor":21,"turns":4},{"damage":26,"enemies":"3 Cultists","floor":25,"turns":6},{"damage":50,"enemies":"Shelled Parasite and Fungi","floor":28,"turns":7},{"damage":6,"enemies":"Centurion and Healer","floor":31,"turns":5},{"damage":4,"enemies":"Collector","floor":33,"turns":9},{"damage":22,"enemies":"Orb Walker","floor":35,"turns":4},{"damage":29,"enemies":"3 Shapes","floor":38,"turns":3},{"damage":25,"enemies":"Maw","floor":41,"turns":9},{"damage":3,"enemies":"3 Darklings","floor":42,"turns":10},{"damage":42,"enemies":"Nemesis","floor":44,"turns":7},{"damage":19,"enemies":"Sphere and 2 Shapes","floor":47,"turns":4},{"damage":43,"enemies":"Time Eater","floor":50,"turns":3}],"seed_played":"-5408900197953127438","potions_obtained":[{"floor":1.0,"key":"FearPotion"},{"floor":4.0,"key":"FocusPotion"},{"floor":8.0,"key":"SteroidPotion"},{"floor":33,"key":"SteroidPotion"}],"is_trial":false,"path_per_floor":["M","M","M","M","?","R","E","M","T","R","?","M","$","M","R","B",null,"M","?","?","M","$","R","?","M","T","R","M","$","?","M","R","B",null,"M","?","$","M","?","R","M","M","T","E","R","?","M","?","R","B"],"character_chosen":"DEFECT","items_purchased":["Scrape","Dream Catcher","FTL"],"campfire_rested":8,"item_purchase_floors":[13,22,37],"current_hp_per_floor":[73,73,73,56,44,66,41,42,42,42,42,49,49,41,63,17,75,53,53,53,42,42,64,64,45,45,67,24,24,24,18,40,36,75,53,53,53,31,31,53,42,53,53,18,40,31,19,19,41,0],"gold":160,"neow_bonus":"THREE_CARDS","is_prod":false,"is_daily":false,"chose_seed":false,"campfire_upgraded":0,"win_rate":0,"timestamp":1543476188,"path_taken":["M","M","M","M","?","R","E","M","T","R","?","?","$","M","R","BOSS","M","?","?","M","$","R","?","?","T","R","M","$","?","?","R","BOSS","M","?","$","M","?","R","M","?","T","E","R","?","M","?","R","BOSS"],"build_version":"2018-11-15","purchased_purges":2,"victory":false,"max_hp_per_floor":[75,75,75,75,75,75,75,75,75,75,75,75,75,75,75,75,75,75,75,75,75,75,75,75,75,75,75,75,75,75,75,75,75,75,75,75,75,75,75,75,75,75,75,75,75,75,75,75,75,75],"card_choices":[{"not_picked":["Compile Driver","Coolheaded"],"picked":"FTL","floor":0.0},{"not_picked":["Heatsinks","Coolheaded"],"picked":"Gash","floor":1.0},{"not_picked":["Redo","Compile Driver","Storm"],"picked":"SKIP","floor":2.0},{"not_picked":["Streamline","Coolheaded"],"picked":"Self Repair","floor":3.0},{"not_picked":["Beam Cell","Cold Snap"],"picked":"Glacier","floor":4.0},{"not_picked":["Ball Lightning","Seek"],"picked":"Gash","floor":7.0},{"not_picked":["Coolheaded","Stack"],"picked":"Chill","floor":8.0},{"not_picked":["Compile Driver","Hologram"],"picked":"Scrape","floor":12.0},{"not_picked":["Consume","Leap"],"picked":"Chill","floor":14.0},{"not_picked":["Biased Cognition","Meteor Strike"],"picked":"Echo Form","floor":16.0},{"not_picked":["Ball Lightning+1","Cold Snap"],"picked":"Hologram","floor":18},{"not_picked":["Double Energy","Sweeping Beam","Compile Driver+1"],"picked":"SKIP","floor":21},{"not_picked":["Barrage+1","Streamline"],"picked":"Rebound+1","floor":23},{"not_picked":["Go for the Eyes","Compile Driver"],"picked":"Streamline","floor":25},{"not_picked":["Double Energy","Go for the Eyes"],"picked":"Steam","floor":27},{"not_picked":["Redo+1","Capacitor+1"],"picked":"All For One","floor":28},{"not_picked":["Redo","Sunder","Stack"],"picked":"SKIP","floor":31},{"not_picked":["Streamline+1","Compile Driver+1"],"picked":"Scrape","floor":32},{"not_picked":["Leap","Conserve Battery"],"picked":"Go for the Eyes","floor":34},{"not_picked":["Consume","Cold Snap+1"],"picked":"Rebound+1","floor":34},{"not_picked":["Coolheaded","Stack"],"picked":"Gash","floor":34},{"not_picked":["Static Discharge","Leap"],"picked":"Streamline","floor":34},{"not_picked":["Capacitor+1","Reinforced Body","Go for the Eyes"],"picked":"SKIP","floor":35},{"not_picked":["Glacier","Scrape"],"picked":"Turbo","floor":38},{"not_picked":["Turbo+1","Lockon+1"],"picked":"Steam+1","floor":41},{"not_picked":["Melter+1","Compile Driver+1"],"picked":"Chill+1","floor":42},{"not_picked":["Beam Cell","Turbo+1","White Noise"],"picked":"SKIP","floor":44},{"not_picked":["FTL","Loop"],"picked":"Hologram","floor":45},{"not_picked":["Force Field+1","Cold Snap","Leap+1"],"picked":"SKIP","floor":47},{"not_picked":["Apotheosis","Panacea"],"picked":"Secret Weapon","floor":48}],"player_experience":166337,"relics_obtained":[{"floor":7.0,"key":"Peace Pipe"},{"floor":9.0,"key":"Darkstone Periapt"},{"floor":26,"key":"Oddly Smooth Stone"},{"floor":44,"key":"Cables"}],"event_choices":[{"damage_healed":0.0,"max_hp_gain":0.0,"max_hp_loss":0.0,"gold_gain":0.0,"event_name":"Scrap Ooze","player_choice":"Success","floor":5.0,"gold_loss":0.0,"damage_taken":12.0,"relics_obtained":["Lantern"]},{"cards_removed":["Strike_B"],"damage_healed":0.0,"max_hp_gain":0.0,"max_hp_loss":0.0,"gold_gain":0.0,"event_name":"Purifier","player_choice":"Purged","floor":11.0,"gold_loss":0.0,"damage_taken":0.0},{"damage_healed":0,"gold_gain":0,"player_choice":"Ignored","damage_taken":0,"max_hp_gain":0,"max_hp_loss":0,"event_name":"Ghosts","floor":19,"gold_loss":0},{"damage_healed":0,"gold_gain":0,"player_choice":"Ignored","damage_taken":0,"max_hp_gain":0,"max_hp_loss":0,"event_name":"Cursed Tome","floor":20,"gold_loss":0},{"damage_healed":0,"gold_gain":0,"player_choice":"Bet on Murderer","damage_taken":0,"max_hp_gain":0,"max_hp_loss":0,"event_name":"The Joust","floor":24,"gold_loss":50},{"cards_removed":["Strike_B"],"damage_healed":0,"gold_gain":0,"player_choice":"Purged","damage_taken":0,"max_hp_gain":0,"max_hp_loss":0,"event_name":"Purifier","floor":30,"gold_loss":0},{"damage_healed":0,"gold_gain":0,"player_choice":"Ignored","damage_taken":0,"max_hp_gain":0,"max_hp_loss":0,"event_name":"Mysterious Sphere","floor":36,"gold_loss":0},{"damage_healed":0,"gold_gain":0,"player_choice":"Copied","damage_taken":0,"max_hp_gain":0,"max_hp_loss":0,"event_name":"Duplicator","floor":39,"gold_loss":0,"cards_obtained":["Gash"]},{"damage_healed":0,"gold_gain":0,"player_choice":"Embrace Madness","damage_taken":9,"max_hp_gain":0,"max_hp_loss":0,"event_name":"Winding Halls","floor":46,"gold_loss":0,"cards_obtained":["Madness","Madness"]},{"damage_healed":0,"gold_gain":0,"player_choice":"Memory 1","damage_taken":0,"max_hp_gain":0,"max_hp_loss":0,"event_name":"SensoryStone","floor":48,"gold_loss":0}],"is_beta":false,"boss_relics":[{"not_picked":["Philosopher\u0027s Stone","Pandora\u0027s Box"],"picked":"Nuclear Battery"},{"not_picked":["Cursed Key","White Beast Statue"],"picked":"Orrery"}],"items_purged_floors":[13,37],"is_endless":false,"potions_floor_spawned":[1,4,8,12,21,33,35,38,41],"killed_by":"Time Eater","ascension_level":4}