{"gold_per_floor":[114,34,34,48,73,105,123,123,123,135,135,63,63,89,89,190,190,202,202,202,220,220,220],"floor_reached":23,"playtime":630,"items_purged":[],"score":444,"play_id":"9d563b7b-004c-4c8b-9895-c9425d52178c","local_time":"20190408141946","is_ascension_mode":true,"campfire_choices":[{"data":"Sunder","floor":8,"key":"SMITH"},{"data":"Creative AI","floor":11,"key":"SMITH"},{"floor":15,"key":"REST"}],"neow_cost":"NONE","seed_source_timestamp":167340045294800,"circlet_count":0,"master_deck":["AscendersBane","Strike_B","Strike_B","Strike_B","Defend_B","Defend_B","Defend_B","Defend_B","Zap","Dualcast","Chaos","Sunder+1","Turbo","Creative AI+1","Defragment","Defragment","Redo","Biased Cognition","Normality","Shame","Shame","Tempest","Decay","Stack+1"],"relics":["Cracked Core","NeowsBlessing","Happy Flower","Anchor","Pen Nib","Potion Belt","Calling Bell","Emotion Chip","Shuriken","Boot","MutagenicStrength","Question Card"],"potions_floor_usage":[14,23,23],"damage_taken":[{"damage":0,"enemies":"Small Slimes","floor":1,"turns":1},{"damage":0,"enemies":"Cultist","floor":4,"turns":1},{"damage":0,"enemies":"Gremlin Nob","floor":6,"turns":1},{"damage":3,"enemies":"2 Louse","floor":7,"turns":3},{"damage":0,"enemies":"Large Slime","floor":10,"turns":5},{"damage":35,"enemies":"3 Sentries","floor":14,"turns":7},{"damage":38,"enemies":"Slime Boss","floor":16,"turns":5},{"damage":34,"enemies":"Chosen","floor":18,"turns":5},{"damage":32,"enemies":"Spheric Guardian","floor":21,"turns":4},{"damage":10,"enemies":"Slavers","floor":23,"turns":1}],"seed_played":"-8715925522349507176","potions_obtained":[{"floor":3,"key":"FairyPotion"},{"floor":3,"key":"Ancient Potion"},{"floor":6,"key":"PowerPotion"},{"floor":16,"key":"Explosive Potion"},{"floor":18,"key":"Ancient Potion"},{"floor":21,"key":"Strength Potion"}],"is_trial":false,"path_per_floor":["M","$","?","M","T","E","M","R","T","M","R","$","?","E","R","B",null,"M","?","?","M","T","E"],"character_chosen":"DEFECT","items_purchased":["Sunder","Defragment"],"campfire_rested":1,"item_purchase_floors":[2,12],"current_hp_per_floor":[68,68,68,68,68,68,65,65,65,65,65,65,65,30,52,14,60,26,26,26,7,7,0],"gold":220,"neow_bonus":"THREE_ENEMY_KILL","is_prod":false,"is_daily":false,"chose_seed":false,"campfire_upgraded":2,"win_rate":0,"timestamp":1554725986,"path_taken":["M","$","?","?","?","E","M","R","T","M","R","$","?","E","R","BOSS","M","?","?","M","?","E"],"build_version":"2019-01-23","purchased_purges":0,"victory":false,"max_hp_per_floor":[75,75,75,75,75,75,75,75,75,75,75,75,75,75,75,75,75,75,75,75,75,75,75],"card_choices":[{"not_picked":["Hologram","Rebound"],"picked":"Chaos","floor":1},{"not_picked":["Sunder","Steam"],"picked":"Turbo","floor":4},{"not_picked":["FTL","Consume"],"picked":"Creative AI","floor":6},{"not_picked":["Steam Power","Chill"],"picked":"Defragment","floor":7},{"not_picked":["BootSequence","Fusion","Turbo"],"picked":"SKIP","floor":10},{"not_picked":["Rebound","Force Field"],"picked":"Redo","floor":14},{"not_picked":["Fission","Hyperbeam"],"picked":"Biased Cognition","floor":16},{"not_picked":["Stack","Reprogram+1"],"picked":"Tempest","floor":18},{"not_picked":["All For One","Redo"],"picked":"Stack+1","floor":21}],"player_experience":1623380,"relics_obtained":[{"floor":5,"key":"Happy Flower"},{"floor":6,"key":"Anchor"},{"floor":9,"key":"Pen Nib"},{"floor":14,"key":"Potion Belt"},{"floor":17,"key":"Emotion Chip"},{"floor":17,"key":"Shuriken"},{"floor":17,"key":"Boot"},{"floor":22,"key":"Question Card"}],"event_choices":[{"damage_healed":0,"gold_gain":0,"player_choice":"Got Potions","damage_taken":0,"max_hp_gain":0,"max_hp_loss":0,"event_name":"Lab","floor":3,"gold_loss":0},{"cards_removed":["Strike_B"],"damage_healed":0,"gold_gain":0,"player_choice":"Forget","damage_taken":0,"max_hp_gain":0,"max_hp_loss":0,"event_name":"Living Wall","floor":13,"gold_loss":0},{"damage_healed":0,"gold_gain":0,"player_choice":"Smashed Altar","damage_taken":0,"max_hp_gain":0,"max_hp_loss":0,"event_name":"Forgotten Altar","floor":19,"gold_loss":0,"cards_obtained":["Decay"]},{"damage_healed":0,"gold_gain":0,"player_choice":"Inject Mutagens","damage_taken":0,"relics_obtained":["MutagenicStrength"],"max_hp_gain":0,"max_hp_loss":0,"event_name":"Drug Dealer","floor":20,"gold_loss":0}],"is_beta":false,"boss_relics":[{"not_picked":["Velvet Choker","Tiny House"],"picked":"Calling Bell"}],"items_purged_floors":[],"is_endless":false,"potions_floor_spawned":[6,7,16,18,21],"killed_by":"Slavers","ascension_level":11}