{"gold_per_floor":[116,129,79,79,4,42,117,117,143,143],"floor_reached":10,"playtime":433,"items_purged":[],"score":106,"play_id":"715a38f4-c8b3-448a-a882-1728f0809849","local_time":"20190429153905","is_ascension_mode":true,"campfire_choices":[{"floor":8,"key":"REST"}],"neow_cost":"NONE","seed_source_timestamp":32417257213935,"circlet_count":0,"master_deck":["AscendersBane","Defend_G","Defend_G","Defend_G","Defend_G","Defend_G","Strike_G","Strike_G","Strike_G","Strike_G","Survivor","Neutralize","Bouncing Flask","Crippling Poison","Cloak And Dagger","Deadly Poison","Acrobatics"],"relics":["HoveringKite","Golden Idol","Pear","Oddly Smooth Stone"],"potions_floor_usage":[2],"damage_taken":[{"damage":0,"enemies":"Small Slimes","floor":1,"turns":4},{"damage":4,"enemies":"Jaw Worm","floor":2,"turns":4},{"damage":25,"enemies":"Lagavulin","floor":6,"turns":7},{"damage":67,"enemies":"Gremlin Nob","floor":10,"turns":5}],"seed_played":"-4603410534277191347","potions_obtained":[{"floor":1,"key":"Weak Potion"}],"is_trial":false,"path_per_floor":["M","M","?","?","$","E","?","R","T","E"],"character_chosen":"THE_SILENT","items_purchased":["Cloak And Dagger","Deadly Poison"],"campfire_rested":1,"item_purchase_floors":[5,5],"current_hp_per_floor":[63,59,59,42,42,27,16,40,40,0],"gold":143,"neow_bonus":"BOSS_RELIC","is_prod":false,"is_daily":false,"chose_seed":false,"campfire_upgraded":0,"win_rate":0,"timestamp":1556577545,"path_taken":["M","M","?","?","$","E","?","R","T","E"],"build_version":"2019-01-23","purchased_purges":0,"victory":false,"max_hp_per_floor":[70,70,70,70,70,80,80,80,80,80],"card_choices":[{"not_picked":["Tactician","Blade Dance"],"picked":"Bouncing Flask","floor":1},{"not_picked":["Skewer","Slice"],"picked":"Crippling Poison","floor":2},{"not_picked":["Outmaneuver","Underhanded Strike"],"picked":"Acrobatics","floor":6}],"player_experience":1516559,"relics_obtained":[{"floor":6,"key":"Pear"},{"floor":9,"key":"Oddly Smooth Stone"}],"event_choices":[{"cards_removed":["Strike_G"],"damage_healed":0,"gold_gain":0,"player_choice":"Card Removal","damage_taken":0,"max_hp_gain":0,"max_hp_loss":0,"event_name":"The Cleric","floor":3,"gold_loss":50},{"damage_healed":0,"gold_gain":0,"player_choice":"Take Damage","damage_taken":17,"relics_obtained":["Golden Idol"],"max_hp_gain":0,"max_hp_loss":0,"event_name":"Golden Idol","floor":4,"gold_loss":0},{"damage_healed":0,"gold_gain":75,"player_choice":"Gather Gold","damage_taken":11,"max_hp_gain":0,"max_hp_loss":0,"event_name":"World of Goop","floor":7,"gold_loss":0}],"is_beta":false,"boss_relics":[],"items_purged_floors":[],"is_endless":false,"potions_floor_spawned":[1],"killed_by":"Gremlin Nob","ascension_level":13}