{"gold_per_floor":[111,129,148,148,168,168,168,196,220,220,24,40,2,17,17,114,114,133,133,146,91,0,29,29,39,65,25,0,0,10,10,10,105,105,115,130,140,0,17,17,17],"floor_reached":41,"playtime":3452,"items_purged":["Defend_B","Strike_B"],"score":413,"play_id":"16d808b7-00da-4e2f-b31e-31daf93a642b","local_time":"20190224185837","is_ascension_mode":false,"campfire_choices":[{"data":"Defragment","floor":6,"key":"SMITH"},{"data":"Conserve Battery","floor":10,"key":"SMITH"},{"data":"Ball Lightning","floor":15,"key":"SMITH"},{"floor":24,"key":"REST"},{"floor":29,"key":"REST"},{"floor":32,"key":"REST"},{"floor":40,"key":"REST"}],"neow_cost":"NONE","seed_source_timestamp":294358420181000,"circlet_count":0,"master_deck":["Strike_B","Strike_B","Defend_B","Defend_B","Defend_B","Zap+1","Dualcast","Conserve Battery+1","Defragment+1","BootSequence","FTL+1","Leap","Ball Lightning+1","Conserve Battery","Echo Form","Coolheaded","Capacitor","Ball Lightning","Glacier+1","Loop","Redo+1","Seek","Biased Cognition","Glacier+1","Conserve Battery+1"],"relics":["Cracked Core","Potion Belt","Bronze Scales","Membership Card","Black Star","Dream Catcher","Tiny Chest","Pen Nib","Centennial Puzzle","Omamori","Cursed Key","Red Mask"],"potions_floor_usage":[23,23,23,30,41],"damage_taken":[{"damage":0,"enemies":"Cultist","floor":1,"turns":3},{"damage":0,"enemies":"Small Slimes","floor":2,"turns":2},{"damage":1,"enemies":"Jaw Worm","floor":3,"turns":3},{"damage":0,"enemies":"Blue Slaver","floor":5,"turns":4},{"damage":2,"enemies":"Lagavulin","floor":8,"turns":5},{"damage":0,"enemies":"3 Louse","floor":12,"turns":3},{"damage":1,"enemies":"Large Slime","floor":14,"turns":5},{"damage":1,"enemies":"Slime Boss","floor":16,"turns":7},{"damage":10,"enemies":"Shell Parasite","floor":18,"turns":5},{"damage":9,"enemies":"2 Thieves","floor":20,"turns":4},{"damage":35,"enemies":"Slavers","floor":23,"turns":5},{"damage":4,"enemies":"Centurion and Healer","floor":25,"turns":5},{"damage":15,"enemies":"3 Cultists","floor":30,"turns":6},{"damage":21,"enemies":"Champ","floor":33,"turns":11},{"damage":19,"enemies":"3 Darklings","floor":35,"turns":4},{"damage":2,"enemies":"3 Shapes","floor":36,"turns":4},{"damage":1,"enemies":"Maw","floor":37,"turns":8},{"damage":30,"enemies":"Transient","floor":39,"turns":5},{"damage":27,"enemies":"Giant Head","floor":41,"turns":10}],"seed_played":"-7099590783284074604","potions_obtained":[{"floor":2,"key":"AttackPotion"},{"floor":3,"key":"SkillPotion"},{"floor":5,"key":"Strength Potion"},{"floor":20,"key":"Poison Potion"},{"floor":36,"key":"Poison Potion"},{"floor":39,"key":"PowerPotion"}],"is_trial":false,"path_per_floor":["M","M","M","?","M","R","?","E","T","R","$","M","$","M","R","B",null,"M","?","M","?","$","E","R","M","T","$","?","R","M","$","R","B",null,"M","M","M","?","M","R","E"],"character_chosen":"DEFECT","items_purchased":["Membership Card","Capacitor","Loop"],"campfire_rested":4,"item_purchase_floors":[11,22,27],"current_hp_per_floor":[75,75,74,67,67,67,67,65,65,65,65,65,65,64,64,63,75,65,65,56,56,56,21,43,39,39,39,39,61,46,46,68,47,75,56,54,53,53,23,45,18],"gold":17,"neow_bonus":"UPGRADE_CARD","is_prod":false,"is_daily":false,"chose_seed":false,"campfire_upgraded":3,"win_rate":0,"timestamp":1551063517,"path_taken":["M","?","M","?","M","R","?","E","T","R","$","M","$","M","R","BOSS","M","?","M","?","$","E","R","M","T","$","?","R","M","$","R","BOSS","M","M","M","?","M","R","E"],"build_version":"2019-01-23","purchased_purges":2,"victory":false,"max_hp_per_floor":[75,75,75,75,75,75,75,75,75,75,75,75,75,75,75,75,75,75,75,75,75,75,75,75,75,75,75,75,75,75,75,75,75,75,75,75,75,75,75,75,75],"card_choices":[{"not_picked":["Beam Cell","Hello World"],"picked":"Conserve Battery","floor":1},{"not_picked":["Leap","Genetic Algorithm"],"picked":"Defragment","floor":2},{"not_picked":["Leap","Static Discharge"],"picked":"BootSequence","floor":3},{"not_picked":["Steam","Hologram"],"picked":"FTL","floor":5},{"not_picked":["Rebound","Gash"],"picked":"Leap","floor":8},{"not_picked":["Machine Learning","Sweeping Beam"],"picked":"Ball Lightning","floor":12},{"not_picked":["Rip and Tear","Barrage"],"picked":"Conserve Battery","floor":14},{"not_picked":["Multi-Cast","Meteor Strike"],"picked":"Echo Form","floor":16},{"not_picked":["Heatsinks","Chill"],"picked":"Coolheaded","floor":18},{"not_picked":["Heatsinks","Rebound+1","Redo"],"picked":"SKIP","floor":20},{"not_picked":["Sunder","Compile Driver"],"picked":"Ball Lightning","floor":23},{"not_picked":["Cold Snap","FTL"],"picked":"Glacier+1","floor":25},{"not_picked":["Reinforced Body+1","Beam Cell+1"],"picked":"Redo+1","floor":29},{"not_picked":["Glacier","Conserve Battery"],"picked":"Seek","floor":30},{"not_picked":["Seek","Meteor Strike"],"picked":"Biased Cognition","floor":33},{"not_picked":["Turbo","BootSequence+1"],"picked":"Glacier+1","floor":35},{"not_picked":["Stack","Ball Lightning+1"],"picked":"Conserve Battery+1","floor":36},{"not_picked":["Melter","Leap+1","Chaos+1"],"picked":"SKIP","floor":37},{"not_picked":["Compile Driver+1","Buffer","Gash+1"],"picked":"SKIP","floor":39}],"player_experience":229659,"relics_obtained":[{"floor":8,"key":"Potion Belt"},{"floor":9,"key":"Bronze Scales"},{"floor":23,"key":"Pen Nib"},{"floor":23,"key":"Centennial Puzzle"},{"floor":26,"key":"Omamori"}],"event_choices":[{"cards_removed":["Strike_B"],"damage_healed":0,"gold_gain":0,"player_choice":"Card Removal","damage_taken":7,"max_hp_gain":0,"max_hp_loss":0,"event_name":"Golden Wing","floor":4,"gold_loss":0},{"damage_healed":0,"gold_gain":0,"player_choice":"Grow","damage_taken":0,"max_hp_gain":0,"max_hp_loss":0,"event_name":"Living Wall","floor":7,"gold_loss":0,"cards_upgraded":["FTL"]},{"damage_healed":0,"gold_gain":0,"player_choice":"Opened","damage_taken":0,"relics_obtained":["Dream Catcher"],"max_hp_gain":0,"max_hp_loss":0,"event_name":"The Mausoleum","floor":19,"gold_loss":0},{"damage_healed":0,"gold_gain":0,"player_choice":"Obtained Relic","damage_taken":0,"relics_obtained":["Tiny Chest"],"max_hp_gain":0,"max_hp_loss":0,"event_name":"Addict","floor":21,"gold_loss":85},{"damage_healed":0,"gold_gain":0,"player_choice":"Paid Fearfully","damage_taken":0,"max_hp_gain":0,"max_hp_loss":0,"event_name":"Masked Bandits","floor":28,"gold_loss":25},{"damage_healed":0,"gold_gain":0,"player_choice":"Paid","damage_taken":0,"relics_obtained":["Red Mask"],"max_hp_gain":0,"max_hp_loss":0,"event_name":"Tomb of Lord Red Mask","floor":38,"gold_loss":140}],"is_beta":false,"boss_relics":[{"not_picked":["Runic Dome","Astrolabe"],"picked":"Black Star"},{"not_picked":["Busted Crown","Coffee Dripper"],"picked":"Cursed Key"}],"items_purged_floors":[13,22],"is_endless":false,"potions_floor_spawned":[2,3,5,20,36,39],"killed_by":"Giant Head","ascension_level":0}