{"gold_per_floor":[112,122,11,11,36,36,71,96,96,136,101,126,126,96,96,220,220,233,36,50,50,74,74,173,194,194,194,194,67,67,91,91,221,221,237,38,38,38,59,98,98,98,123,123,456,476,101,111,111,111],"floor_reached":51,"playtime":4161,"items_purged":["Defend_G","Injury"],"score":781,"play_id":"aa6ac0d9-fb53-487a-bcb8-fd9f911a84b4","local_time":"20181022012931","is_ascension_mode":false,"campfire_choices":[{"data":"Outmaneuver","floor":6,"key":"SMITH"},{"floor":13,"key":"REST"},{"data":"Eviscerate","floor":15,"key":"SMITH"},{"floor":23,"key":"REST"},{"floor":27,"key":"REST"},{"floor":32,"key":"REST"},{"floor":42,"key":"REST"},{"floor":44,"key":"REST"},{"floor":49,"key":"REST"}],"neow_cost":"NONE","seed_source_timestamp":88876193267700,"circlet_count":0,"master_deck":["Defend_G","Defend_G","Defend_G","Defend_G","Strike_G","Survivor","Neutralize","After Image+1","Night Terror+1","Dagger Spray+1","Outmaneuver+1","Eviscerate+1","Setup","Choke","Acrobatics","Malaise","Underhanded Strike","Phantasmal Killer","Terror+1","Backstab","Flying Knee+1","Venomology","Jack Of All Trades","Well Laid Plans","Burst","Enlightenment"],"relics":["Astrolabe","Omamori","Centennial Puzzle","Kunai","PreservedInsect","Fusion Hammer","Sling","Bottled Tornado","WingedGreaves","Ornamental Fan","Busted Crown","Toolbox","Bird Faced Urn","Art of War","Happy Flower","Toy Ornithopter"],"potions_floor_usage":[7,16,28,28,31,33,33,38,40,46,48,50,50,50,50,50,50],"damage_taken":[{"damage":0,"enemies":"Small Slimes","floor":1,"turns":4},{"damage":0,"enemies":"Jaw Worm","floor":2,"turns":7},{"damage":12,"enemies":"Gremlin Nob","floor":7,"turns":3},{"damage":2,"enemies":"2 Louse","floor":8,"turns":3},{"damage":24,"enemies":"3 Sentries","floor":10,"turns":9},{"damage":5,"enemies":"2 Fungi Beasts","floor":12,"turns":4},{"damage":2,"enemies":"Looter","floor":14,"turns":4},{"damage":22,"enemies":"The Guardian","floor":16,"turns":17},{"damage":15,"enemies":"Spheric Guardian","floor":18,"turns":4},{"damage":17,"enemies":"3 Byrds","floor":20,"turns":6},{"damage":16,"enemies":"3 Cultists","floor":22,"turns":6},{"damage":18,"enemies":"Snake Plant","floor":25,"turns":2},{"damage":1,"enemies":"Colosseum Slavers","floor":28,"turns":5},{"damage":0,"enemies":"Snecko","floor":31,"turns":5},{"damage":33,"enemies":"Champ","floor":33,"turns":13},{"damage":15,"enemies":"3 Darklings","floor":35,"turns":7},{"damage":0,"enemies":"Mind Bloom Boss Battle","floor":38,"turns":2},{"damage":0,"enemies":"3 Shapes","floor":39,"turns":2},{"damage":2,"enemies":"Nemesis","floor":40,"turns":5},{"damage":0,"enemies":"Jaw Worm Horde","floor":46,"turns":3},{"damage":5,"enemies":"Spire Growth","floor":48,"turns":4},{"damage":99,"enemies":"Awakened One","floor":50,"turns":22}],"seed_played":"7823286382499426424","potions_obtained":[{"floor":1,"key":"SneckoOil"},{"floor":12,"key":"Block Potion"},{"floor":22,"key":"GhostInAJar"},{"floor":25,"key":"Block Potion"},{"floor":33,"key":"FearPotion"},{"floor":37,"key":"GhostInAJar"},{"floor":48,"key":"Fire Potion"}],"is_trial":false,"path_per_floor":["M","M","$","?","T","R","E","M","T","E","?","M","R","M","R","B",null,"M","$","M","T","M","R","?","M","T","R","?","$","?","M","R","B",null,"M","$","?","?","M","E","?","R","T","R","?","M","$","M","R","B"],"character_chosen":"THE_SILENT","items_purchased":["Setup","Sling","Jack Of All Trades","Well Laid Plans","Toolbox","Toy Ornithopter","Enlightenment"],"campfire_rested":7,"item_purchase_floors":[3,19,29,29,36,47,47],"current_hp_per_floor":[70,70,70,70,70,70,58,56,56,32,49,44,65,63,63,41,70,55,55,38,38,22,43,43,25,25,46,45,45,45,45,66,33,70,55,55,55,55,65,65,65,70,70,70,70,70,70,70,70,20],"gold":111,"neow_bonus":"BOSS_RELIC","is_prod":false,"is_daily":false,"chose_seed":false,"campfire_upgraded":2,"win_rate":0,"timestamp":1540164571,"path_taken":["M","M","$","?","?","R","E","M","T","E","?","?","R","M","R","BOSS","M","$","M","?","?","R","?","?","T","R","?","$","?","M","R","BOSS","M","$","?","?","M","E","?","R","T","R","?","?","$","M","R","BOSS"],"build_version":"2018-10-18","purchased_purges":2,"victory":true,"max_hp_per_floor":[70,70,70,70,70,70,70,70,70,70,70,70,70,70,70,70,70,70,70,70,70,70,70,70,70,70,70,70,70,70,70,70,70,70,70,70,70,70,70,70,70,70,70,70,70,70,70,70,70,70],"card_choices":[{"not_picked":["Cloak And Dagger","Reflex"],"picked":"Outmaneuver","floor":1},{"not_picked":["Calculated Gamble","Underhanded Strike"],"picked":"Eviscerate","floor":2},{"not_picked":["Deadly Poison","Quick Slash"],"picked":"Choke","floor":7},{"not_picked":["Dagger Spray","Blade Dance","Bane"],"picked":"SKIP","floor":8},{"not_picked":["Deadly Poison","Outmaneuver"],"picked":"Acrobatics","floor":10},{"not_picked":["Caltrops","Quick Slash"],"picked":"Malaise","floor":12},{"not_picked":["Dagger Throw","Outmaneuver"],"picked":"Underhanded Strike","floor":14},{"not_picked":["A Thousand Cuts","Storm of Steel"],"picked":"Phantasmal Killer","floor":16},{"not_picked":["Bane","Crippling Poison"],"picked":"Terror+1","floor":18},{"not_picked":["Prepared","Cloak And Dagger"],"picked":"Backstab","floor":20},{"not_picked":["Prepared","Underhanded Strike+1"],"picked":"Flying Knee+1","floor":22},{"not_picked":["Acrobatics+1","Cloak And Dagger"],"picked":"Venomology","floor":25},{"not_picked":["Accuracy+1","Poisoned Stab","Tactician+1"],"picked":"SKIP","floor":31},{"not_picked":["Tools of the Trade","Venomology"],"picked":"Burst","floor":33},{"not_picked":["Poisoned Stab+1"],"picked":"SKIP","floor":35},{"not_picked":["All Out Attack+1"],"picked":"SKIP","floor":39},{"not_picked":["Cloak And Dagger+1"],"picked":"SKIP","floor":40},{"not_picked":["Dagger Spray+1"],"picked":"SKIP","floor":46},{"not_picked":["Outmaneuver+1"],"picked":"SKIP","floor":48}],"player_experience":750524,"relics_obtained":[{"floor":5,"key":"Omamori"},{"floor":7,"key":"Centennial Puzzle"},{"floor":9,"key":"Kunai"},{"floor":10,"key":"PreservedInsect"},{"floor":21,"key":"Bottled Tornado"},{"floor":26,"key":"WingedGreaves"},{"floor":38,"key":"Bird Faced Urn"},{"floor":40,"key":"Art of War"},{"floor":43,"key":"Happy Flower"}],"event_choices":[{"damage_healed":0,"gold_gain":0,"player_choice":"Take Wound","damage_taken":0,"relics_obtained":["Golden Idol"],"max_hp_gain":0,"max_hp_loss":0,"event_name":"Golden Idol","floor":4,"gold_loss":0,"cards_obtained":["Injury"]},{"damage_healed":17,"gold_gain":0,"player_choice":"Healed","damage_taken":0,"max_hp_gain":0,"max_hp_loss":0,"event_name":"The Cleric","floor":11,"gold_loss":35},{"damage_healed":0,"gold_gain":99,"player_choice":"Stole From Cult","damage_taken":0,"max_hp_gain":0,"max_hp_loss":0,"event_name":"Nest","floor":24,"gold_loss":0},{"damage_healed":0,"gold_gain":0,"player_choice":"Fight","damage_taken":0,"max_hp_gain":0,"max_hp_loss":0,"event_name":"Colosseum","floor":28,"gold_loss":0},{"damage_healed":0,"gold_gain":0,"player_choice":"Fled From Nobs","damage_taken":0,"max_hp_gain":0,"max_hp_loss":0,"event_name":"Colosseum","floor":28,"gold_loss":0},{"damage_healed":0,"gold_gain":0,"player_choice":"Opened","damage_taken":0,"relics_obtained":["Ornamental Fan"],"max_hp_gain":0,"max_hp_loss":0,"event_name":"The Mausoleum","floor":30,"gold_loss":0,"cards_obtained":["Writhe"]},{"damage_healed":0,"gold_gain":0,"player_choice":"Got Potions","damage_taken":0,"max_hp_gain":0,"max_hp_loss":0,"event_name":"The Lab","floor":37,"gold_loss":0},{"damage_healed":0,"gold_gain":0,"player_choice":"Fight","damage_taken":0,"max_hp_gain":0,"max_hp_loss":0,"event_name":"MindBloom","floor":38,"gold_loss":0},{"cards_removed":["Strike_G"],"damage_healed":0,"gold_gain":0,"player_choice":"Removed Attack","damage_taken":0,"max_hp_gain":0,"max_hp_loss":0,"event_name":"Falling","floor":41,"gold_loss":0},{"damage_healed":0,"gold_gain":333,"player_choice":"Gave Idol","damage_taken":0,"max_hp_gain":0,"max_hp_loss":0,"event_name":"The Moai Head","floor":45,"relics_lost":["Golden Idol"],"gold_loss":0}],"is_beta":false,"boss_relics":[{"not_picked":["Tiny House","HoveringKite"],"picked":"Fusion Hammer"},{"not_picked":["Orrery","Eternal Feather"],"picked":"Busted Crown"}],"items_purged_floors":[3,47],"is_endless":false,"potions_floor_spawned":[1,12,22,25,33,40,48],"ascension_level":0}