{"gold_per_floor":[117,117,67,67,91,91,41,81,81,81,7,40,4,28,28,28],"floor_reached":16,"playtime":507,"items_purged":["Injury","Strike_G"],"score":159,"play_id":"03628637-6490-42f7-884b-c445914dea6b","local_time":"20190322120857","is_ascension_mode":true,"campfire_choices":[{"floor":6,"key":"REST"},{"floor":10,"key":"REST"},{"floor":15,"key":"REST"}],"neow_cost":"NONE","seed_source_timestamp":169520650397000,"circlet_count":0,"master_deck":["AscendersBane","Defend_G","Defend_G","Defend_G","Defend_G","Defend_G","Strike_G","Strike_G","Strike_G","Strike_G","Survivor","Neutralize","Flying Knee","Blade Dance","Blade Dance","Blade Dance"],"relics":["Ring of the Snake","Smiling Mask","Blood Vial","Golden Idol","Du-Vu Doll","Incense Burner","Ornamental Fan"],"potions_floor_usage":[16],"damage_taken":[{"damage":2,"enemies":"Small Slimes","floor":1,"turns":6},{"damage":14,"enemies":"2 Louse","floor":5,"turns":4},{"damage":36,"enemies":"3 Sentries","floor":8,"turns":11},{"damage":26,"enemies":"Gremlin Nob","floor":12,"turns":5},{"damage":0,"enemies":"Jaw Worm","floor":14,"turns":2},{"damage":57,"enemies":"Slime Boss","floor":16,"turns":8}],"seed_played":"2230714453644182568","potions_obtained":[{"floor":12,"key":"Strength Potion"}],"is_trial":false,"path_per_floor":["M","?","?","?","M","R","$","E","T","R","$","E","?","M","R","B"],"character_chosen":"THE_SILENT","items_purchased":["Blade Dance"],"campfire_rested":3,"item_purchase_floors":[11],"current_hp_per_floor":[61,61,61,61,49,70,70,34,34,55,55,31,31,33,54,0],"gold":28,"neow_bonus":"RANDOM_COMMON_RELIC","is_prod":false,"is_daily":false,"chose_seed":false,"campfire_upgraded":0,"win_rate":0,"timestamp":1553252937,"path_taken":["M","?","?","?","M","R","$","E","T","R","$","E","?","?","R","BOSS"],"build_version":"2019-01-23","purchased_purges":2,"victory":false,"max_hp_per_floor":[70,70,70,70,70,70,70,70,70,70,70,70,70,70,70,70],"card_choices":[{"not_picked":["Reflex","Slice"],"picked":"Flying Knee","floor":1},{"not_picked":["Deflect","Heel Hook","Bane"],"picked":"SKIP","floor":5},{"not_picked":["Distraction","Terror"],"picked":"Blade Dance","floor":8},{"not_picked":["Deflect","Dodge and Roll","PiercingWail"],"picked":"SKIP","floor":12},{"not_picked":["Predator","Quick Slash"],"picked":"Blade Dance","floor":14}],"player_experience":1562995,"relics_obtained":[{"floor":8,"key":"Du-Vu Doll"},{"floor":9,"key":"Incense Burner"},{"floor":12,"key":"Ornamental Fan"}],"event_choices":[{"damage_healed":0,"gold_gain":0,"player_choice":"Box","damage_taken":0,"relics_obtained":["Blood Vial"],"max_hp_gain":0,"max_hp_loss":0,"event_name":"Big Fish","floor":2,"gold_loss":0,"cards_obtained":["Regret"]},{"cards_removed":["Regret"],"damage_healed":0,"gold_gain":0,"player_choice":"Card Removal","damage_taken":0,"max_hp_gain":0,"max_hp_loss":0,"event_name":"The Cleric","floor":3,"gold_loss":50},{"damage_healed":0,"gold_gain":0,"player_choice":"Take Wound","damage_taken":0,"relics_obtained":["Golden Idol"],"max_hp_gain":0,"max_hp_loss":0,"event_name":"Golden Idol","floor":4,"gold_loss":0,"cards_obtained":["Injury"]},{"damage_healed":0,"gold_gain":0,"player_choice":"Left Gold","damage_taken":0,"max_hp_gain":0,"max_hp_loss":0,"event_name":"World of Goop","floor":13,"gold_loss":36}],"is_beta":false,"boss_relics":[],"items_purged_floors":[7,11],"is_endless":false,"potions_floor_spawned":[12],"killed_by":"Slime Boss","ascension_level":10}