{"gold_per_floor":[116,291,366,326,342,342,377,377,404,429,439,439,439,454,454,454],"floor_reached":16,"playtime":565,"items_purged":[],"score":177,"play_id":"612f95c0-749a-4ec4-8fc4-c75c1da62899","local_time":"20190322001303","is_ascension_mode":true,"campfire_choices":[{"data":"Armaments","floor":6,"key":"SMITH"},{"floor":8,"key":"REST"},{"floor":15,"key":"REST"}],"neow_cost":"CURSE","seed_source_timestamp":126508934075700,"circlet_count":0,"master_deck":["AscendersBane","Strike_R","Strike_R","Strike_R","Defend_R","Defend_R","Defend_R","Defend_R","Bash","Dropkick","Armaments+1","Shockwave","Carnage","Immolate","True Grit"],"relics":["Burning Blood","Bronze Scales","PreservedInsect","Mango","Spirit Poop"],"potions_floor_usage":[5,5,7,7],"damage_taken":[{"damage":16,"enemies":"Small Slimes","floor":1,"turns":6},{"damage":2,"enemies":"2 Louse","floor":5,"turns":3},{"damage":57,"enemies":"3 Sentries","floor":7,"turns":12},{"damage":46,"enemies":"Lagavulin","floor":10,"turns":6},{"damage":4,"enemies":"Cultist","floor":11,"turns":3},{"damage":4,"enemies":"Blue Slaver","floor":14,"turns":4},{"damage":51,"enemies":"Hexaghost","floor":16,"turns":8}],"seed_played":"-2378560732252081331","potions_obtained":[{"floor":1,"key":"Regen Potion"},{"floor":4,"key":"EntropicBrew"},{"floor":4,"key":"Poison Potion"},{"floor":5,"key":"Regen Potion"}],"is_trial":false,"path_per_floor":["M","?","?","?","M","R","E","R","T","E","M","?","?","M","R","B"],"character_chosen":"IRONCLAD","items_purchased":[],"campfire_rested":2,"item_purchase_floors":[],"current_hp_per_floor":[62,62,51,51,55,55,27,51,51,25,27,20,20,22,50,0],"gold":454,"neow_bonus":"TRANSFORM_TWO_CARDS","is_prod":false,"is_daily":false,"chose_seed":false,"campfire_upgraded":1,"win_rate":0,"timestamp":1553209983,"path_taken":["M","?","?","?","M","R","E","R","T","E","?","?","?","M","R","BOSS"],"build_version":"2019-01-23","purchased_purges":0,"victory":false,"max_hp_per_floor":[80,80,80,80,80,80,80,80,80,94,94,94,94,94,94,94],"card_choices":[{"not_picked":["Perfected Strike","Reckless Charge"],"picked":"Shockwave","floor":1},{"not_picked":["Shrug It Off","Twin Strike","Anger"],"picked":"SKIP","floor":5},{"not_picked":["Sword Boomerang","Sentinel"],"picked":"Carnage","floor":7},{"not_picked":["Seeing Red","Thunderclap"],"picked":"Immolate","floor":10},{"not_picked":["Heavy Blade","Cleave","Body Slam"],"picked":"SKIP","floor":11},{"not_picked":["Corruption","Combust"],"picked":"True Grit","floor":14}],"player_experience":1560105,"relics_obtained":[{"floor":7,"key":"Bronze Scales"},{"floor":9,"key":"PreservedInsect"},{"floor":10,"key":"Mango"}],"event_choices":[{"damage_healed":0,"gold_gain":175,"player_choice":"AGREE","damage_taken":0,"max_hp_gain":0,"max_hp_loss":0,"event_name":"Liars Game","floor":2,"gold_loss":0,"cards_obtained":["Doubt"]},{"damage_healed":0,"gold_gain":75,"player_choice":"Gather Gold","damage_taken":11,"max_hp_gain":0,"max_hp_loss":0,"event_name":"World of Goop","floor":3,"gold_loss":0},{"damage_healed":0,"gold_gain":0,"player_choice":"Bought 3 Potions","damage_taken":0,"max_hp_gain":0,"max_hp_loss":0,"event_name":"The Woman in Blue","floor":4,"gold_loss":0},{"cards_removed":["Pain"],"damage_healed":0,"gold_gain":0,"player_choice":"Card Removal","damage_taken":7,"max_hp_gain":0,"max_hp_loss":0,"event_name":"Golden Wing","floor":12,"gold_loss":0},{"cards_removed":["Doubt"],"damage_healed":0,"gold_gain":0,"player_choice":"Offered Curse","damage_taken":0,"relics_obtained":["Spirit Poop"],"max_hp_gain":0,"max_hp_loss":0,"event_name":"Bonfire Elementals","floor":13,"gold_loss":0}],"is_beta":false,"boss_relics":[],"items_purged_floors":[],"is_endless":false,"potions_floor_spawned":[1,5],"killed_by":"Hexaghost","ascension_level":13}