{"gold_per_floor":[113,130,31,31,44,44,75,91,173,188,222,222,41,56,56,151,151,161,181,193,211,211,211,223,235,235,249,249,276,287,321,321,422,422,440,165,179,179,191,223,89,100,174,188,206,240,252,271,271,271],"floor_reached":51,"playtime":11126,"items_purged":["Strike_G","Strike_G"],"score":794,"play_id":"687cd986-571f-4a30-8b60-cb161b16864f","local_time":"20190429000949","is_ascension_mode":false,"campfire_choices":[{"data":"Prepared","floor":6.0,"key":"SMITH"},{"floor":15.0,"key":"REST"},{"floor":23.0,"key":"REST"},{"data":"Noxious Fumes","floor":28.0,"key":"SMITH"},{"floor":32.0,"key":"REST"},{"floor":49,"key":"REST"}],"neow_cost":"NONE","seed_source_timestamp":0,"circlet_count":0,"master_deck":["Defend_G","Defend_G","Defend_G","Defend_G","Strike_G","Strike_G","Survivor","Neutralize","Quick Slash","Prepared+1","Dagger Throw","Well Laid Plans","Underhanded Strike","Noxious Fumes+1","Footwork","Dagger Throw","Blur","Thinking Ahead","Doppelganger","After Image+1","Die Die Die+1","Footwork+1","Masterful Stab","Infinite Blades+1","Dodge and Roll+1","Dark Shackles","Impatience","Good Instincts","Endless Agony+1","Poisoned Stab","Dash","Glass Knife","Poisoned Stab","Dash","Bullet Time","Poisoned Stab+1","Backflip+1","Writhe","Calculated Gamble+1","Dagger Throw+1","Noxious Fumes","Skewer+1","Poisoned Stab+1","Noxious Fumes+1","Adrenaline","Flying Knee+1","Masterful Stab+1"],"special_seed":0,"relics":["Ring of the Snake","Thread and Needle","Shuriken","Anchor","Oddly Smooth Stone","Astrolabe","Nunchaku","Juzu Bracelet","Bottled Lightning","Velvet Choker","TwistedFunnel","Question Card","Ornamental Fan","Unceasing Top"],"potions_floor_usage":[46,46,50,50],"damage_taken":[{"damage":0.0,"enemies":"Small Slimes","floor":1.0,"turns":3.0},{"damage":0.0,"enemies":"2 Louse","floor":2.0,"turns":3.0},{"damage":1.0,"enemies":"Cultist","floor":5.0,"turns":4.0},{"damage":28.0,"enemies":"3 Sentries","floor":7.0,"turns":10.0},{"damage":4.0,"enemies":"Gremlin Gang","floor":8.0,"turns":5.0},{"damage":3.0,"enemies":"Blue Slaver","floor":10.0,"turns":3.0},{"damage":10.0,"enemies":"Gremlin Nob","floor":11.0,"turns":4.0},{"damage":0.0,"enemies":"Looter","floor":14.0,"turns":2.0},{"damage":7.0,"enemies":"Hexaghost","floor":16.0,"turns":12.0},{"damage":0.0,"enemies":"Chosen","floor":18.0,"turns":5.0},{"damage":0.0,"enemies":"Shell Parasite","floor":19.0,"turns":6.0},{"damage":10.0,"enemies":"Snecko","floor":20.0,"turns":6.0},{"damage":0.0,"enemies":"Shelled Parasite and Fungi","floor":21.0,"turns":6.0},{"damage":2.0,"enemies":"Snake Plant","floor":24.0,"turns":6.0},{"damage":12.0,"enemies":"Chosen and Byrds","floor":25.0,"turns":7.0},{"damage":0.0,"enemies":"Cultist and Chosen","floor":27.0,"turns":7.0},{"damage":1.0,"enemies":"Slavers","floor":29.0,"turns":5.0},{"damage":0.0,"enemies":"Sentry and Sphere","floor":30.0,"turns":6.0},{"damage":1.0,"enemies":"Book of Stabbing","floor":31.0,"turns":6.0},{"damage":11.0,"enemies":"Automaton","floor":33.0,"turns":11.0},{"damage":14,"enemies":"3 Shapes","floor":35,"turns":4},{"damage":0,"enemies":"Orb Walker","floor":37,"turns":4},{"damage":4,"enemies":"Writhing Mass","floor":39,"turns":9},{"damage":0,"enemies":"Giant Head","floor":40,"turns":10},{"damage":0,"enemies":"Spire Growth","floor":42,"turns":5},{"damage":17,"enemies":"4 Shapes","floor":44,"turns":5},{"damage":0,"enemies":"Writhing Mass","floor":45,"turns":8},{"damage":14,"enemies":"Reptomancer","floor":46,"turns":5},{"damage":0,"enemies":"Transient","floor":47,"turns":5},{"damage":5,"enemies":"Jaw Worm Horde","floor":48,"turns":4},{"damage":32,"enemies":"Donu and Deca","floor":50,"turns":9}],"seed_played":"-44263571243655146","potions_obtained":[{"floor":2.0,"key":"SkillPotion"},{"floor":8.0,"key":"GhostInAJar"},{"floor":16.0,"key":"Ancient Potion"},{"floor":20.0,"key":"GhostInAJar"},{"floor":21.0,"key":"Explosive Potion"},{"floor":35,"key":"Energy Potion"},{"floor":42,"key":"LiquidBronze"},{"floor":46,"key":"Poison Potion"},{"floor":47,"key":"Strength Potion"}],"is_trial":false,"path_per_floor":["M","M","$","?","M","R","E","M","T","M","E","?","$","M","R","B",null,"M","M","M","M","?","R","M","M","T","M","R","E","M","E","R","B",null,"M","$","M","?","M","E","$","M","T","M","M","E","M","M","R","B",null],"character_chosen":"THE_SILENT","items_purchased":["Dagger Throw","Well Laid Plans","Thinking Ahead","TwistedFunnel","Noxious Fumes"],"campfire_rested":4,"item_purchase_floors":[3,3,13,36,41],"current_hp_per_floor":[77,77,77,77,76,76,48,44,44,41,31,31,31,31,54,47,77,77,77,67,67,39,62,60,48,48,48,48,47,47,46,69,58,77,63,63,63,77,73,73,73,73,73,56,56,42,42,37,60,28],"gold":271,"neow_bonus":"TEN_PERCENT_HP_BONUS","is_prod":false,"is_daily":false,"chose_seed":false,"campfire_upgraded":2,"win_rate":0.0,"timestamp":1556489389,"path_taken":["M","M","$","?","M","R","E","M","T","M","E","?","$","M","R","BOSS","M","M","M","M","?","R","?","M","T","M","R","E","M","E","R","BOSS","M","$","M","?","M","E","$","M","T","M","M","E","M","M","R","BOSS"],"build_version":"2019-01-23","purchased_purges":2,"victory":true,"max_hp_per_floor":[77,77,77,77,77,77,77,77,77,77,77,77,77,77,77,77,77,77,77,77,77,77,77,77,77,77,77,77,77,77,77,77,77,77,77,77,77,77,77,77,77,77,77,77,77,77,77,77,77,77],"card_choices":[{"not_picked":["Outmaneuver","Flechettes"],"picked":"Quick Slash","floor":1.0},{"not_picked":["Flying Knee","Poisoned Stab"],"picked":"Prepared","floor":2.0},{"not_picked":["Deadly Poison","Slice"],"picked":"Underhanded Strike","floor":5.0},{"not_picked":["Choke","Flechettes"],"picked":"Noxious Fumes","floor":7.0},{"not_picked":["Outmaneuver","Burst"],"picked":"Footwork","floor":8.0},{"not_picked":["Crippling Poison","Underhanded Strike"],"picked":"Dagger Throw","floor":10.0},{"not_picked":["Deadly Poison","Terror"],"picked":"Blur","floor":11.0},{"not_picked":["Outmaneuver","Terror"],"picked":"Acrobatics","floor":14.0},{"not_picked":["Night Terror","Malaise"],"picked":"Doppelganger","floor":16.0},{"not_picked":["Prepared","Sucker Punch"],"picked":"Masterful Stab","floor":18.0},{"not_picked":["Slice","Deadly Poison+1"],"picked":"Infinite Blades+1","floor":19.0},{"not_picked":["Blur","Slice"],"picked":"Dodge and Roll+1","floor":20.0},{"not_picked":["Underhanded Strike","Dodge and Roll+1","Footwork"],"picked":"SKIP","floor":21.0},{"not_picked":["Backflip+1","Dagger Throw"],"picked":"Endless Agony+1","floor":24.0},{"not_picked":["Dagger Spray","Flying Knee"],"picked":"Poisoned Stab","floor":25.0},{"not_picked":["Deadly Poison+1","Acrobatics+1"],"picked":"Dash","floor":27.0},{"not_picked":["Die Die Die","Caltrops"],"picked":"Glass Knife","floor":29.0},{"not_picked":["Outmaneuver+1","Sucker Punch+1"],"picked":"Poisoned Stab","floor":30.0},{"not_picked":["PiercingWail","Outmaneuver+1"],"picked":"Dash","floor":31.0},{"not_picked":["Unload","Die Die Die"],"picked":"Bullet Time","floor":33.0},{"not_picked":["Deflect","Quick Slash+1"],"picked":"Poisoned Stab+1","floor":35},{"not_picked":["A Thousand Cuts","Blur"],"picked":"Backflip+1","floor":37},{"not_picked":["Deflect","Deadly Poison"],"picked":"Calculated Gamble+1","floor":39},{"not_picked":["Dash","Skewer"],"picked":"Dagger Throw+1","floor":40},{"not_picked":["Terror+1","Tactician+1","Dagger Throw"],"picked":"Skewer+1","floor":42},{"not_picked":["Backflip","Slice","Deadly Poison+1"],"picked":"Poisoned Stab+1","floor":44},{"not_picked":["Dash+1","Crippling Poison","Sucker Punch+1"],"picked":"Noxious Fumes+1","floor":45},{"not_picked":["Quick Slash+1","Terror+1","Dodge and Roll"],"picked":"Adrenaline","floor":46},{"not_picked":["Well Laid Plans","Tactician+1","Backflip"],"picked":"Flying Knee+1","floor":47},{"not_picked":["Backstab+1","Riddle With Holes","Endless Agony+1"],"picked":"Masterful Stab+1","floor":48}],"player_experience":8574,"relics_obtained":[{"floor":7.0,"key":"Thread and Needle"},{"floor":9.0,"key":"Shuriken"},{"floor":11.0,"key":"Anchor"},{"floor":26.0,"key":"Nunchaku"},{"floor":29.0,"key":"Juzu Bracelet"},{"floor":31.0,"key":"Bottled Lightning"},{"floor":40,"key":"Question Card"},{"floor":43,"key":"Ornamental Fan"},{"floor":46,"key":"Unceasing Top"}],"event_choices":[{"damage_healed":0.0,"max_hp_gain":0.0,"max_hp_loss":0.0,"gold_gain":0.0,"event_name":"The Cleric","player_choice":"Leave","floor":4.0,"gold_loss":0.0,"damage_taken":0.0},{"damage_healed":0.0,"max_hp_gain":0.0,"max_hp_loss":0.0,"gold_gain":0.0,"event_name":"WeMeetAgain","player_choice":"Gave Potion","floor":12.0,"gold_loss":0.0,"damage_taken":0.0,"relics_obtained":["Oddly Smooth Stone"]},{"damage_healed":0.0,"max_hp_gain":0.0,"max_hp_loss":0.0,"gold_gain":0.0,"event_name":"Knowing Skull","player_choice":"CARD CARD CARD ","floor":22.0,"potions_obtained":[],"gold_loss":0.0,"damage_taken":28.0,"cards_obtained":["Dark Shackles","Impatience","Good Instincts"]},{"damage_healed":19,"gold_gain":0,"player_choice":"Writhe","damage_taken":0,"max_hp_gain":0,"max_hp_loss":0,"event_name":"Winding Halls","floor":38,"gold_loss":0,"cards_obtained":["Writhe"]}],"is_beta":false,"boss_relics":[{"not_picked":["Coffee Dripper","Busted Crown"],"picked":"Astrolabe"},{"not_picked":["HoveringKite","Black Star"],"picked":"Velvet Choker"}],"items_purged_floors":[36,41],"is_endless":false,"potions_floor_spawned":[2,8,16,20,21,24,31,35,42,44,46,47],"ascension_level":0}