{"gold_per_floor":[117,136,156,173,183,183,201,234,257,271,271,303,303,331,331,432,432,452,282,282,381,393,393,420,444,456,468,480],"floor_reached":28,"playtime":1050,"items_purged":[],"score":273,"play_id":"b7ed36c6-a39e-45d8-9849-20c079f080e7","local_time":"20190514030827","is_ascension_mode":true,"campfire_choices":[{"data":"Loop","floor":6,"key":"SMITH"},{"floor":13,"key":"REST"},{"floor":15,"key":"REST"},{"floor":23,"key":"REST"}],"neow_cost":"NONE","seed_source_timestamp":137018562323200,"circlet_count":0,"master_deck":["Strike_B","Defend_B","Defend_B","Defend_B","Defend_B","Zap+1","Dualcast","Auto Shields+1","Go for the Eyes","Loop+1","Self Repair","Ball Lightning","Cold Snap","Conserve Battery","Leap","Barrage","Echo Form","Blizzard+1","Stack+1","BootSequence+1","Genetic Algorithm","Compile Driver","Coolheaded","Glacier+1","BootSequence","Self Repair"],"relics":["Cracked Core","Dodecahedron","Centennial Puzzle","Bottled Tornado","Pen Nib","Astrolabe","Vajra","MawBank","Cables"],"potions_floor_usage":[],"damage_taken":[{"damage":4,"enemies":"2 Louse","floor":1,"turns":2},{"damage":1,"enemies":"Jaw Worm","floor":2,"turns":3},{"damage":4,"enemies":"Small Slimes","floor":3,"turns":3},{"damage":2,"enemies":"3 Louse","floor":4,"turns":4},{"damage":2,"enemies":"2 Fungi Beasts","floor":5,"turns":4},{"damage":7,"enemies":"Blue Slaver","floor":7,"turns":4},{"damage":24,"enemies":"3 Sentries","floor":8,"turns":6},{"damage":12,"enemies":"Lots of Slimes","floor":10,"turns":4},{"damage":22,"enemies":"Gremlin Nob","floor":12,"turns":4},{"damage":2,"enemies":"3 Sentries","floor":14,"turns":6},{"damage":2,"enemies":"Slime Boss","floor":16,"turns":11},{"damage":30,"enemies":"3 Byrds","floor":18,"turns":6},{"damage":0,"enemies":"Shell Parasite","floor":22,"turns":7},{"damage":66,"enemies":"Slavers","floor":24,"turns":7},{"damage":6,"enemies":"Snecko","floor":25,"turns":6},{"damage":12,"enemies":"Chosen and Byrds","floor":28,"turns":4}],"seed_played":"-1822172798113574397","potions_obtained":[{"floor":1,"key":"EssenceOfSteel"},{"floor":2,"key":"Explosive Potion"},{"floor":4,"key":"SteroidPotion"},{"floor":24,"key":"Regen Potion"}],"is_trial":false,"path_per_floor":["M","M","M","M","M","R","M","E","T","M","?","E","R","E","R","B",null,"M","$","?","?","M","R","E","M","T","?","M"],"character_chosen":"DEFECT","items_purchased":["Vajra","Compile Driver"],"campfire_rested":3,"item_purchase_floors":[19,19],"current_hp_per_floor":[78,77,73,71,69,69,69,45,45,40,24,9,33,38,62,67,82,66,66,50,50,50,76,17,11,11,11,0],"gold":480,"neow_bonus":"TEN_PERCENT_HP_BONUS","is_prod":false,"is_daily":false,"chose_seed":false,"campfire_upgraded":1,"win_rate":0,"timestamp":1557817707,"path_taken":["M","M","M","M","M","R","M","E","T","M","?","E","R","E","R","BOSS","M","$","?","?","M","R","E","M","T","?","M"],"build_version":"2019-01-23","purchased_purges":0,"victory":false,"max_hp_per_floor":[82,82,82,82,82,82,82,82,82,82,82,82,82,82,82,82,82,82,82,87,87,87,87,87,87,87,87,87],"card_choices":[{"not_picked":["Redo","Streamline"],"picked":"Auto Shields","floor":1},{"not_picked":["Doom and Gloom","Undo"],"picked":"Go for the Eyes","floor":2},{"not_picked":["Redo","Hello World","Turbo"],"picked":"SKIP","floor":3},{"not_picked":["Skim","Aggregate"],"picked":"Loop","floor":4},{"not_picked":["Ball Lightning","Turbo"],"picked":"Self Repair","floor":5},{"not_picked":["White Noise","Sweeping Beam"],"picked":"Ball Lightning","floor":7},{"not_picked":["Streamline","Lockon"],"picked":"Cold Snap","floor":8},{"not_picked":["Sweeping Beam","Stack"],"picked":"Conserve Battery","floor":10},{"not_picked":["Thunder Strike","Reinforced Body"],"picked":"Leap","floor":12},{"not_picked":["Storm","Cold Snap"],"picked":"Barrage","floor":14},{"not_picked":["Reboot","Fission"],"picked":"Echo Form","floor":16},{"not_picked":["Redo","Rip and Tear+1"],"picked":"Genetic Algorithm","floor":18},{"not_picked":["Steam","Chaos"],"picked":"Coolheaded","floor":22},{"not_picked":["BootSequence","Hello World"],"picked":"Glacier+1","floor":24},{"not_picked":["Double Energy","Chill"],"picked":"BootSequence","floor":25}],"player_experience":66424,"relics_obtained":[{"floor":8,"key":"Dodecahedron"},{"floor":9,"key":"Centennial Puzzle"},{"floor":12,"key":"Bottled Tornado"},{"floor":14,"key":"Pen Nib"},{"floor":24,"key":"MawBank"},{"floor":26,"key":"Cables"}],"event_choices":[{"damage_healed":0,"gold_gain":0,"player_choice":"Entered Light","damage_taken":16,"max_hp_gain":0,"max_hp_loss":0,"event_name":"Shining Light","floor":11,"gold_loss":0,"cards_upgraded":["Zap","Auto Shields"]},{"damage_healed":0,"gold_gain":0,"player_choice":"Shed Blood","damage_taken":21,"max_hp_gain":5,"max_hp_loss":0,"event_name":"Forgotten Altar","floor":20,"gold_loss":0},{"damage_healed":0,"gold_gain":99,"player_choice":"Stole From Cult","damage_taken":0,"max_hp_gain":0,"max_hp_loss":0,"event_name":"Nest","floor":21,"gold_loss":0},{"damage_healed":0,"gold_gain":0,"player_choice":"Read","damage_taken":0,"max_hp_gain":0,"max_hp_loss":0,"event_name":"The Library","floor":27,"gold_loss":0,"cards_obtained":["Self Repair"]}],"is_beta":false,"boss_relics":[{"not_picked":["Calling Bell","Orrery"],"picked":"Astrolabe"}],"items_purged_floors":[],"is_endless":false,"potions_floor_spawned":[1,2,4,8,12,22,24],"killed_by":"Chosen and Byrds","ascension_level":1}