{"gold_per_floor":[113,288,288,3,3,36,36,55,55,74,74,74,74,94,94,190,190,202,202,15,28,28,28],"floor_reached":23,"playtime":1013,"items_purged":["Regret"],"score":281,"play_id":"ffca1381-3f32-4667-b011-b00052d45109","local_time":"20190317164431","is_ascension_mode":true,"campfire_choices":[{"floor":11,"key":"REST"},{"floor":13,"key":"REST"},{"floor":15,"key":"REST"}],"neow_cost":"NONE","seed_source_timestamp":252672656287300,"circlet_count":0,"master_deck":["AscendersBane","Strike_B","Strike_B","Defend_B","Defend_B","Defend_B","Defend_B","Zap","Dualcast","Reboot","Cold Snap","Doubt","Static Discharge","Conserve Battery","Loop","Coolheaded","Self Repair","Core Surge","Stack+1","All For One","Seek","Self Repair+1","Chill","RitualDagger"],"relics":["Cracked Core","Anchor","Membership Card","Omamori","Kunai","Bronze Scales","Matryoshka","Fusion Hammer","Frozen Egg 2"],"potions_floor_usage":[10,16],"damage_taken":[{"damage":2,"enemies":"Jaw Worm","floor":1,"turns":4},{"damage":55,"enemies":"3 Sentries","floor":6,"turns":9},{"damage":3,"enemies":"2 Louse","floor":8,"turns":3},{"damage":8,"enemies":"Small Slimes","floor":10,"turns":6},{"damage":11,"enemies":"3 Louse","floor":14,"turns":3},{"damage":45,"enemies":"Hexaghost","floor":16,"turns":14},{"damage":38,"enemies":"Shell Parasite","floor":18,"turns":5},{"damage":12,"enemies":"Spheric Guardian","floor":21,"turns":5},{"damage":34,"enemies":"Slavers","floor":23,"turns":4}],"seed_played":"1357061607883623997","potions_obtained":[{"floor":6,"key":"Regen Potion"},{"floor":14,"key":"PowerPotion"},{"floor":21,"key":"Energy Potion"}],"is_trial":false,"path_per_floor":["M","?","?","$","$","E","?","M","T","M","R","?","R","M","R","B",null,"M","?","$","M","?","E"],"character_chosen":"DEFECT","items_purchased":["Membership Card","Omamori","Static Discharge","Frozen Egg 2","Self Repair+1"],"campfire_rested":3,"item_purchase_floors":[4,4,4,20,20],"current_hp_per_floor":[66,66,66,66,66,11,8,5,5,11,33,33,55,44,66,35,65,34,34,34,39,33,0],"gold":28,"neow_bonus":"ONE_RANDOM_RARE_CARD","is_prod":false,"is_daily":false,"chose_seed":false,"campfire_upgraded":0,"win_rate":0,"timestamp":1552837471,"path_taken":["M","?","?","?","$","E","?","M","T","M","R","?","R","M","R","BOSS","M","?","$","M","?","E"],"build_version":"2019-01-23","purchased_purges":1,"victory":false,"max_hp_per_floor":[75,75,75,75,75,75,75,75,75,75,75,75,75,75,75,75,75,75,75,75,75,75,75],"card_choices":[{"not_picked":["Hologram","Rebound"],"picked":"Cold Snap","floor":1},{"not_picked":["Genetic Algorithm","Reinforced Body"],"picked":"Conserve Battery","floor":6},{"not_picked":["Beam Cell","Meteor Strike"],"picked":"Loop","floor":8},{"not_picked":["Streamline","Cold Snap"],"picked":"Coolheaded","floor":10},{"not_picked":["Conserve Battery","Leap"],"picked":"Self Repair","floor":14},{"not_picked":["All For One","Hyperbeam"],"picked":"Core Surge","floor":16},{"not_picked":["Beam Cell","Steam Power"],"picked":"Stack+1","floor":18},{"not_picked":["Leap","Blizzard"],"picked":"Chill","floor":21}],"player_experience":1532805,"relics_obtained":[{"floor":6,"key":"Kunai"},{"floor":9,"key":"Matryoshka"}],"event_choices":[{"damage_healed":0,"gold_gain":175,"player_choice":"AGREE","damage_taken":0,"max_hp_gain":0,"max_hp_loss":0,"event_name":"Liars Game","floor":2,"gold_loss":0,"cards_obtained":["Doubt"]},{"damage_healed":0,"gold_gain":0,"player_choice":"Box","damage_taken":0,"relics_obtained":["Anchor"],"max_hp_gain":0,"max_hp_loss":0,"event_name":"Big Fish","floor":3,"gold_loss":0,"cards_obtained":["Regret"]},{"damage_healed":0,"gold_gain":0,"player_choice":"Success","damage_taken":3,"relics_obtained":["Bronze Scales"],"max_hp_gain":0,"max_hp_loss":0,"event_name":"Scrap Ooze","floor":7,"gold_loss":0},{"damage_healed":0,"gold_gain":0,"player_choice":"Searched \u00270\u0027 times","damage_taken":0,"max_hp_gain":0,"max_hp_loss":0,"event_name":"Dead Adventurer","floor":12,"gold_loss":0},{"damage_healed":0,"gold_gain":0,"cards_transformed":["Strike_B","Strike_B"],"player_choice":"Became Test Subject","damage_taken":0,"max_hp_gain":0,"max_hp_loss":0,"event_name":"Drug Dealer","floor":19,"gold_loss":0,"cards_obtained":["All For One","Seek"]},{"damage_healed":0,"gold_gain":0,"player_choice":"Joined the Cult","damage_taken":6,"max_hp_gain":0,"max_hp_loss":0,"event_name":"Nest","floor":22,"gold_loss":0,"cards_obtained":["RitualDagger"]}],"is_beta":false,"boss_relics":[{"not_picked":["Sozu","Astrolabe"],"picked":"Fusion Hammer"}],"items_purged_floors":[20],"is_endless":false,"potions_floor_spawned":[6,14,21],"killed_by":"Slavers","ascension_level":10}