{"gold_per_floor":[118,130,141,156,168,193,193,193,272,272,283,283,316,331,331,405,405,418,253,266,281,300,300,300],"floor_reached":24,"playtime":2060,"items_purged":[],"score":424,"play_id":"ff01765d-345c-4929-8a1c-f23fd24efdb4","local_time":"20190507195426","is_ascension_mode":true,"campfire_choices":[{"data":"Sword Boomerang","floor":7.0,"key":"SMITH"},{"floor":10.0,"key":"REST"},{"data":"Bash","floor":12.0,"key":"SMITH"},{"floor":15.0,"key":"REST"},{"floor":23,"key":"REST"}],"neow_cost":"TEN_PERCENT_HP_LOSS","seed_source_timestamp":0,"circlet_count":0,"master_deck":["AscendersBane","Bash+1","Warcry","Brutality","Anger","Clash","Spot Weakness","Sword Boomerang+1","Rupture","Battle Trance","Shrug It Off","Dropkick","Feed","Iron Wave","Immolate","Disarm","Infernal Blade","Offering","Clothesline","Metallicize","Rampage","Dark Embrace","Flame Barrier+1","Power Through"],"special_seed":0,"relics":["Burning Blood","Kunai","Paper Frog","Gambling Chip","Pandora\u0027s Box","Pen Nib"],"potions_floor_usage":[24],"damage_taken":[{"damage":2.0,"enemies":"2 Louse","floor":1.0,"turns":4.0},{"damage":2.0,"enemies":"Cultist","floor":2.0,"turns":3.0},{"damage":3.0,"enemies":"Small Slimes","floor":3.0,"turns":3.0},{"damage":22.0,"enemies":"3 Louse","floor":4.0,"turns":4.0},{"damage":8.0,"enemies":"Blue Slaver","floor":5.0,"turns":3.0},{"damage":44.0,"enemies":"Gremlin Nob","floor":6.0,"turns":4.0},{"damage":3.0,"enemies":"2 Fungi Beasts","floor":11.0,"turns":4.0},{"damage":27.0,"enemies":"3 Sentries","floor":13.0,"turns":6.0},{"damage":1.0,"enemies":"Large Slime","floor":14.0,"turns":4.0},{"damage":23.0,"enemies":"The Guardian","floor":16.0,"turns":8.0},{"damage":6.0,"enemies":"2 Thieves","floor":18.0,"turns":1.0},{"damage":12.0,"enemies":"Spheric Guardian","floor":20.0,"turns":4.0},{"damage":21.0,"enemies":"Centurion and Healer","floor":21.0,"turns":6.0},{"damage":13.0,"enemies":"Snake Plant","floor":22.0,"turns":4.0},{"damage":69,"enemies":"Gremlin Leader","floor":24,"turns":7}],"seed_played":"6387533717189040083","potions_obtained":[{"floor":4.0,"key":"Fruit Juice"},{"floor":5.0,"key":"BloodPotion"},{"floor":6.0,"key":"FairyPotion"},{"floor":11.0,"key":"Block Potion"},{"floor":14.0,"key":"Poison Potion"},{"floor":20.0,"key":"LiquidBronze"},{"floor":21.0,"key":"Swift Potion"}],"is_trial":false,"path_per_floor":["M","M","M","M","M","E","R","?","T","R","M","R","E","M","R","B",null,"M","$","M","M","M","R","E"],"character_chosen":"IRONCLAD","items_purchased":["Pen Nib"],"campfire_rested":3,"item_purchase_floors":[19],"current_hp_per_floor":[68,68,68,52,50,17,17,17,17,38,48,48,27,32,53,39,67,67,67,61,49,42,65,0],"gold":300,"neow_bonus":"TRANSFORM_TWO_CARDS","is_prod":false,"is_daily":false,"chose_seed":false,"campfire_upgraded":2,"win_rate":0,"timestamp":1557273266,"path_taken":["M","M","M","M","M","E","R","?","T","R","M","R","E","M","R","BOSS","M","$","M","M","?","R","E"],"build_version":"2019-01-23","purchased_purges":0,"victory":false,"max_hp_per_floor":[68,68,68,68,68,73,73,73,73,73,73,73,73,73,73,76,76,76,76,76,79,79,79,79],"card_choices":[{"not_picked":["Heavy Blade","Pommel Strike"],"picked":"Anger","floor":1.0},{"not_picked":["Wild Strike","Pommel Strike"],"picked":"Clash","floor":2.0},{"not_picked":["Flex","Bloodletting"],"picked":"Spot Weakness","floor":3.0},{"not_picked":["Twin Strike","Armaments"],"picked":"Sword Boomerang","floor":4.0},{"not_picked":["Second Wind","Body Slam","Infernal Blade"],"picked":"SKIP","floor":5.0},{"not_picked":["Cleave","Clash"],"picked":"Rupture","floor":6.0},{"not_picked":["Ghostly Armor","Sentinel"],"picked":"Dropkick","floor":11.0},{"not_picked":["Havoc","Warcry"],"picked":"Feed","floor":13.0},{"not_picked":["Inflame","Cleave"],"picked":"Iron Wave","floor":14.0},{"not_picked":["Berserk","Exhume"],"picked":"Immolate","floor":16.0},{"not_picked":["Headbutt","Iron Wave"],"picked":"Flame Barrier+1","floor":18.0},{"not_picked":["Dual Wield+1","Evolve","Rampage"],"picked":"SKIP","floor":20.0},{"not_picked":["Havoc","Warcry","Sword Boomerang"],"picked":"SKIP","floor":21.0},{"not_picked":["Sentinel","Carnage"],"picked":"Power Through","floor":22}],"player_experience":918491,"relics_obtained":[{"floor":6.0,"key":"Kunai"},{"floor":9.0,"key":"Paper Frog"},{"floor":13.0,"key":"Gambling Chip"}],"event_choices":[{"damage_healed":0.0,"max_hp_gain":0.0,"max_hp_loss":0.0,"gold_gain":0.0,"event_name":"Match and Keep!","player_choice":"2 cards matched","floor":8.0,"gold_loss":0.0,"damage_taken":0.0,"cards_obtained":["Battle Trance","Shrug It Off"]}],"is_beta":false,"boss_relics":[{"not_picked":["Empty Cage","Runic Cube"],"picked":"Pandora\u0027s Box"}],"items_purged_floors":[],"is_endless":false,"potions_floor_spawned":[4,5,6,11,14,20,21],"killed_by":"Gremlin Leader","ascension_level":20}