{"gold_per_floor":[113,73,86,112,31,56,73,73,73,97,97,122,397,429,429,503,503,515,527,40,40,40,40,75,75,100,146,158],"floor_reached":28,"playtime":1022,"items_purged":["Strike_R"],"score":502,"play_id":"602b0128-6304-4a1f-ac87-671ba5b0f65f","local_time":"20190505164643","is_ascension_mode":true,"campfire_choices":[{"floor":11,"key":"REST"},{"data":"Regret","floor":15,"key":"PURGE"},{"floor":23,"key":"REST"},{"floor":25,"key":"REST"}],"neow_cost":"PERCENT_DAMAGE","seed_source_timestamp":10752044557900,"circlet_count":0,"master_deck":["AscendersBane","Strike_R+1","Defend_R","Defend_R","Defend_R","Defend_R","Bash","Pummel+1","Feed","Pommel Strike","Demon Form","Rampage","Double Tap+1","Flex+1","Disarm+1","Apotheosis+1","Rampage","True Grit+1"],"relics":["Burning Blood","Peace Pipe","Whetstone","Bottled Lightning","Anchor","PreservedInsect","Toxic Egg 2","Potion Belt","Oddly Smooth Stone","Nloth\u0027s Gift","Letter Opener","MawBank","Pen Nib"],"potions_floor_usage":[3,6,12,12,27,28],"damage_taken":[{"damage":15,"enemies":"Small Slimes","floor":1,"turns":3},{"damage":0,"enemies":"Cultist","floor":3,"turns":4},{"damage":20,"enemies":"Lagavulin","floor":6,"turns":4},{"damage":0,"enemies":"2 Louse","floor":7,"turns":2},{"damage":0,"enemies":"Gremlin Nob","floor":12,"turns":2},{"damage":31,"enemies":"3 Sentries","floor":14,"turns":6},{"damage":7,"enemies":"Slime Boss","floor":16,"turns":6},{"damage":40,"enemies":"Chosen","floor":18,"turns":5},{"damage":28,"enemies":"Shell Parasite","floor":19,"turns":5},{"damage":23,"enemies":"Book of Stabbing","floor":24,"turns":6},{"damage":41,"enemies":"Gremlin Leader","floor":27,"turns":7},{"damage":23,"enemies":"Centurion and Healer","floor":28,"turns":2}],"seed_played":"555854006414344348","potions_obtained":[{"floor":2,"key":"PowerPotion"},{"floor":2,"key":"FearPotion"},{"floor":6,"key":"Strength Potion"},{"floor":7,"key":"Poison Potion"},{"floor":24,"key":"Regen Potion"},{"floor":27,"key":"PowerPotion"}],"is_trial":false,"path_per_floor":["M","?","M","T","$","E","M","?","T","T","R","E","?","E","R","B",null,"M","M","$","?","?","R","E","R","T","E","M"],"character_chosen":"IRONCLAD","items_purchased":["Feed","Disarm+1","Apotheosis+1","Oddly Smooth Stone"],"campfire_rested":3,"item_purchase_floors":[5,20,20,20],"current_hp_per_floor":[41,41,47,47,47,33,42,42,42,42,65,71,71,49,49,48,73,39,17,17,17,17,41,24,48,48,22,0],"gold":158,"neow_bonus":"ONE_RARE_RELIC","is_prod":false,"is_daily":false,"chose_seed":false,"campfire_upgraded":0,"win_rate":0,"timestamp":1557067603,"path_taken":["M","?","?","?","?","E","M","?","T","?","R","E","?","E","R","BOSS","M","M","$","?","?","R","E","R","T","E","M"],"build_version":"2019-01-23","purchased_purges":1,"victory":false,"max_hp_per_floor":[75,75,75,75,75,75,78,78,78,78,78,78,78,81,81,81,81,81,81,81,81,81,81,81,81,81,81,81],"card_choices":[{"not_picked":["Iron Wave","Intimidate","Warcry"],"picked":"SKIP","floor":1},{"not_picked":["Havoc","Iron Wave"],"picked":"Pummel","floor":3},{"not_picked":["Intimidate","Heavy Blade"],"picked":"Pommel Strike","floor":6},{"not_picked":["True Grit","Thunderclap"],"picked":"Demon Form","floor":7},{"not_picked":["Blood for Blood","Body Slam","Thunderclap"],"picked":"SKIP","floor":12},{"not_picked":["Uppercut","Intimidate+1","Evolve"],"picked":"SKIP","floor":14},{"not_picked":["Fiend Fire","Juggernaut"],"picked":"Double Tap+1","floor":16},{"not_picked":["Iron Wave","Wild Strike","Combust"],"picked":"SKIP","floor":18},{"not_picked":["Havoc+1","True Grit+1"],"picked":"Flex+1","floor":19},{"not_picked":["Twin Strike","Headbutt"],"picked":"Rampage","floor":24},{"not_picked":["Juggernaut","Entrench+1"],"picked":"True Grit+1","floor":27}],"player_experience":1817266,"relics_obtained":[{"floor":4,"key":"Whetstone"},{"floor":6,"key":"Bottled Lightning"},{"floor":9,"key":"Anchor"},{"floor":10,"key":"PreservedInsect"},{"floor":12,"key":"Toxic Egg 2"},{"floor":14,"key":"Potion Belt"},{"floor":24,"key":"Letter Opener"},{"floor":26,"key":"MawBank"},{"floor":27,"key":"Pen Nib"}],"event_choices":[{"damage_healed":0,"gold_gain":0,"player_choice":"Bought 3 Potions","damage_taken":0,"max_hp_gain":0,"max_hp_loss":0,"event_name":"The Woman in Blue","floor":2,"gold_loss":0},{"damage_healed":0,"gold_gain":0,"cards_transformed":["Strike_R"],"player_choice":"Change","damage_taken":0,"max_hp_gain":0,"max_hp_loss":0,"event_name":"Living Wall","floor":8,"gold_loss":0,"cards_obtained":["Rampage"]},{"damage_healed":0,"gold_gain":275,"player_choice":"Desecrate","damage_taken":0,"max_hp_gain":0,"max_hp_loss":0,"event_name":"Golden Shrine","floor":13,"gold_loss":0,"cards_obtained":["Regret"]},{"damage_healed":0,"gold_gain":0,"player_choice":"Ignored","damage_taken":0,"max_hp_gain":0,"max_hp_loss":0,"event_name":"Cursed Tome","floor":21,"gold_loss":0},{"damage_healed":0,"gold_gain":0,"player_choice":"Traded Relic","damage_taken":0,"relics_obtained":["Nloth\u0027s Gift"],"max_hp_gain":0,"max_hp_loss":0,"event_name":"N\u0027loth","floor":22,"relics_lost":["Empty Cage"],"gold_loss":0}],"is_beta":false,"boss_relics":[{"not_picked":["Eternal Feather","Pandora\u0027s Box"],"picked":"Empty Cage"}],"items_purged_floors":[20],"is_endless":false,"potions_floor_spawned":[6,7,24,27],"killed_by":"Centurion and Healer","ascension_level":14}