{"gold_per_floor":[119,136,63,74,74,74,129,129,153,186,43,58,75,87,87,186,186,205,205,130,53,71,71,106,106,133,163,181,197,197,207,207,304,304,314,331,142,158,5,5,40,57,57,57],"floor_reached":44,"playtime":2509,"items_purged":[],"score":565,"play_id":"e82e5371-176e-4353-aedb-12842270303d","local_time":"20190514024846","is_ascension_mode":true,"campfire_choices":[{"data":"Defragment","floor":6,"key":"SMITH"},{"floor":15,"key":"REST"},{"data":"Defragment","floor":23,"key":"SMITH"},{"floor":25,"key":"REST"},{"floor":32,"key":"REST"},{"data":"Echo Form","floor":40,"key":"SMITH"}],"neow_cost":"NONE","seed_source_timestamp":134376816201520,"circlet_count":0,"master_deck":["Strike_B","Strike_B","Strike_B+1","Strike_B","Defend_B","Defend_B","Defend_B","Defend_B+1","Zap+1","Dualcast","Conserve Battery","Capacitor","Go for the Eyes","Defragment+1","Go for the Eyes+1","Steam","Coolheaded","Coolheaded","Recycle","Defragment+1","Biased Cognition","Loop+1","Storm","Aggregate+1","Ball Lightning","Lockon","Barrage","Decay","Seek","Echo Form+1","Force Field","Leap+1","Capacitor","Reprogram+1","Capacitor+1","Redo+1"],"relics":["FrozenCore","Tiny Chest","Ancient Tea Set","Pear","War Paint","Lantern","Whetstone","Bag of Marbles","Philosopher\u0027s Stone","Bag of Preparation","Bronze Scales","Shovel","Strawberry"],"potions_floor_usage":[33,41,41],"damage_taken":[{"damage":0,"enemies":"Jaw Worm","floor":1,"turns":5},{"damage":0,"enemies":"2 Louse","floor":2,"turns":2},{"damage":4,"enemies":"Cultist","floor":4,"turns":5},{"damage":29,"enemies":"3 Sentries","floor":7,"turns":8},{"damage":20,"enemies":"Lagavulin","floor":10,"turns":9},{"damage":2,"enemies":"Blue Slaver","floor":12,"turns":4},{"damage":9,"enemies":"Gremlin Gang","floor":13,"turns":6},{"damage":10,"enemies":"Exordium Wildlife","floor":14,"turns":5},{"damage":17,"enemies":"Hexaghost","floor":16,"turns":15},{"damage":0,"enemies":"Spheric Guardian","floor":18,"turns":10},{"damage":12,"enemies":"2 Thieves","floor":20,"turns":5},{"damage":9,"enemies":"3 Cultists","floor":22,"turns":8},{"damage":37,"enemies":"Slavers","floor":24,"turns":9},{"damage":4,"enemies":"Book of Stabbing","floor":27,"turns":6},{"damage":18,"enemies":"Sentry and Sphere","floor":28,"turns":8},{"damage":5,"enemies":"Snake Plant","floor":29,"turns":4},{"damage":2,"enemies":"Centurion and Healer","floor":31,"turns":8},{"damage":19,"enemies":"Champ","floor":33,"turns":12},{"damage":37,"enemies":"3 Shapes","floor":35,"turns":4},{"damage":2,"enemies":"Orb Walker","floor":36,"turns":5},{"damage":1,"enemies":"Transient","floor":38,"turns":5},{"damage":36,"enemies":"Reptomancer","floor":41,"turns":7},{"damage":0,"enemies":"Maw","floor":42,"turns":8},{"damage":31,"enemies":"Writhing Mass","floor":44,"turns":4}],"seed_played":"-1460544109740327846","potions_obtained":[{"floor":7,"key":"SkillPotion"},{"floor":10,"key":"PowerPotion"},{"floor":12,"key":"GamblersBrew"},{"floor":33,"key":"Strength Potion"},{"floor":41,"key":"Block Potion"},{"floor":42,"key":"Weak Potion"}],"is_trial":false,"path_per_floor":["M","M","$","M","?","R","E","?","T","E","$","M","M","M","R","B",null,"M","?","M","$","M","R","E","R","T","E","M","M","?","M","R","B",null,"M","M","$","M","$","R","E","M","T","M"],"character_chosen":"DEFECT","items_purchased":["Defragment","War Paint","Storm","Capacitor","Bag of Preparation","Bronze Scales"],"campfire_rested":3,"item_purchase_floors":[3,11,21,37,37,39],"current_hp_per_floor":[75,75,75,71,76,76,47,47,47,37,37,35,26,16,43,26,90,90,90,78,78,69,69,32,59,59,55,37,32,32,30,57,38,90,53,51,51,50,50,50,14,14,21,0],"gold":57,"neow_bonus":"THREE_CARDS","is_prod":false,"is_daily":false,"chose_seed":false,"campfire_upgraded":3,"win_rate":0,"timestamp":1557816526,"path_taken":["M","M","$","M","?","R","E","?","T","E","$","M","M","M","R","BOSS","M","?","M","$","?","R","E","R","T","E","M","M","?","M","R","BOSS","M","M","$","M","$","R","E","?","T","M"],"build_version":"2019-01-23","purchased_purges":0,"victory":false,"max_hp_per_floor":[75,75,75,75,80,80,80,80,80,90,90,90,90,90,90,90,90,90,90,90,90,90,90,90,90,90,90,90,90,90,90,90,90,90,90,90,90,90,90,90,90,90,97,97],"card_choices":[{"not_picked":["Sunder","Streamline"],"picked":"Conserve Battery","floor":0},{"not_picked":["Leap","Double Energy"],"picked":"Capacitor","floor":1},{"not_picked":["Streamline","Lockon"],"picked":"Go for the Eyes","floor":2},{"not_picked":["Tempest","Steam"],"picked":"Go for the Eyes","floor":4},{"not_picked":["Sweeping Beam","Buffer"],"picked":"Steam","floor":7},{"not_picked":["Stack","Gash"],"picked":"Coolheaded","floor":10},{"not_picked":["Turbo","Beam Cell"],"picked":"Coolheaded","floor":12},{"not_picked":["Redo","Steam Power"],"picked":"Recycle","floor":13},{"not_picked":["BootSequence","Redo"],"picked":"Defragment","floor":14},{"not_picked":["Multi-Cast","Thunder Strike"],"picked":"Biased Cognition","floor":16},{"not_picked":["Beam Cell","Rebound","Double Energy"],"picked":"SKIP","floor":18},{"not_picked":["Conserve Battery+1","Turbo+1"],"picked":"Loop+1","floor":20},{"not_picked":["Doom and Gloom","Steam Power"],"picked":"Aggregate+1","floor":22},{"not_picked":["Coolheaded","Melter"],"picked":"Ball Lightning","floor":24},{"not_picked":["Coolheaded","Rebound"],"picked":"Lockon","floor":27},{"not_picked":["Steam","Rip and Tear"],"picked":"Barrage","floor":28},{"not_picked":["Streamline+1","Beam Cell+1","Storm"],"picked":"SKIP","floor":29},{"not_picked":["Barrage","Redo+1"],"picked":"Seek","floor":31},{"not_picked":["Reboot","Thunder Strike"],"picked":"Echo Form","floor":33},{"not_picked":["Hologram+1","Rebound+1"],"picked":"Force Field","floor":35},{"not_picked":["Streamline+1","Doom and Gloom+1"],"picked":"Leap+1","floor":36},{"not_picked":["Glacier","Rebound"],"picked":"Reprogram+1","floor":38},{"not_picked":["Hello World","Compile Driver"],"picked":"Capacitor+1","floor":41},{"not_picked":["Consume+1","Leap+1"],"picked":"Redo+1","floor":42}],"player_experience":63837,"relics_obtained":[{"floor":7,"key":"Tiny Chest"},{"floor":9,"key":"Ancient Tea Set"},{"floor":10,"key":"Pear"},{"floor":24,"key":"Lantern"},{"floor":26,"key":"Whetstone"},{"floor":27,"key":"Bag of Marbles"},{"floor":41,"key":"Shovel"},{"floor":43,"key":"Strawberry"}],"event_choices":[{"damage_healed":0,"gold_gain":0,"player_choice":"Donut","damage_taken":0,"max_hp_gain":5,"max_hp_loss":0,"event_name":"Big Fish","floor":5,"gold_loss":0},{"damage_healed":0,"gold_gain":0,"player_choice":"Ignored","damage_taken":0,"max_hp_gain":0,"max_hp_loss":0,"event_name":"Liars Game","floor":8,"gold_loss":0},{"damage_healed":0,"gold_gain":0,"player_choice":"Bought 0 Potions","damage_taken":0,"max_hp_gain":0,"max_hp_loss":0,"event_name":"The Woman in Blue","floor":19,"gold_loss":0},{"damage_healed":0,"gold_gain":0,"player_choice":"Cursed","damage_taken":0,"max_hp_gain":0,"max_hp_loss":0,"event_name":"Wheel of Change","floor":30,"gold_loss":0,"cards_obtained":["Decay"]}],"is_beta":false,"boss_relics":[{"not_picked":["Nuclear Battery","Orrery"],"picked":"FrozenCore"},{"not_picked":["Velvet Choker","Lizard Tail"],"picked":"Philosopher\u0027s Stone"}],"items_purged_floors":[],"is_endless":false,"potions_floor_spawned":[7,10,12,14,22,27,29,31,33,36,41,42],"killed_by":"Writhing Mass","ascension_level":1}