{"gold_per_floor":[111,13,13,288,303,303,328,339,364,364,383,383,418,418,418,418],"floor_reached":16,"playtime":6428,"items_purged":[],"score":200,"play_id":"98bd2668-0f57-4e04-a1e9-61fab396e128","local_time":"20190310194732","is_ascension_mode":true,"campfire_choices":[{"data":"Panacea","floor":6,"key":"SMITH"},{"floor":12,"key":"DIG"},{"floor":15,"key":"REST"}],"neow_cost":"NONE","seed_source_timestamp":82528833358600,"circlet_count":0,"master_deck":["AscendersBane","Strike_B","Strike_B+1","Strike_B","Strike_B+1","Defend_B","Defend_B","Defend_B","Defend_B","Zap","Dualcast","Ball Lightning","Panacea+1","Regret","Sweeping Beam","Defragment","Conserve Battery","Stack","Tempest"],"relics":["Cracked Core","NeowsBlessing","Pen Nib","Shovel","Bag of Preparation","Whetstone","Pocketwatch","Golden Idol"],"potions_floor_usage":[11,13,13,13,13,13,16],"damage_taken":[{"damage":0,"enemies":"Small Slimes","floor":1,"turns":1},{"damage":0,"enemies":"2 Louse","floor":5,"turns":1},{"damage":0,"enemies":"Lagavulin","floor":7,"turns":1},{"damage":0,"enemies":"Cultist","floor":8,"turns":2},{"damage":7,"enemies":"3 Louse","floor":11,"turns":2},{"damage":21,"enemies":"Gremlin Nob","floor":13,"turns":3},{"damage":57,"enemies":"Hexaghost","floor":16,"turns":9}],"seed_played":"-6100632635255465652","potions_obtained":[{"floor":8,"key":"SkillPotion"},{"floor":10,"key":"Regen Potion"},{"floor":10,"key":"GamblersBrew"},{"floor":11,"key":"EntropicBrew"}],"is_trial":false,"path_per_floor":["M","$","?","?","M","R","E","M","T","?","M","R","E","?","R","B"],"character_chosen":"DEFECT","items_purchased":["Panacea"],"campfire_rested":1,"item_purchase_floors":[2],"current_hp_per_floor":[68,68,56,56,56,56,56,56,56,56,49,49,37,37,57,0],"gold":418,"neow_bonus":"THREE_ENEMY_KILL","is_prod":false,"is_daily":false,"chose_seed":false,"campfire_upgraded":1,"win_rate":0,"timestamp":1552243652,"path_taken":["M","$","?","?","?","R","E","M","T","?","?","R","E","?","R","BOSS"],"build_version":"2019-01-23","purchased_purges":0,"victory":false,"max_hp_per_floor":[75,75,75,75,75,75,75,75,75,75,75,75,75,69,69,69],"card_choices":[{"not_picked":["Conserve Battery","Undo"],"picked":"Ball Lightning","floor":1},{"not_picked":["Capacitor","Force Field"],"picked":"Sweeping Beam","floor":5},{"not_picked":["Gash","Conserve Battery"],"picked":"Defragment","floor":7},{"not_picked":["Compile Driver","Leap"],"picked":"Conserve Battery","floor":8},{"not_picked":["Aggregate","Go for the Eyes"],"picked":"Stack","floor":11},{"not_picked":["Heatsinks","Barrage"],"picked":"Tempest","floor":13}],"player_experience":1481680,"relics_obtained":[{"floor":7,"key":"Shovel"},{"floor":9,"key":"Bag of Preparation"},{"floor":12,"key":"Whetstone"},{"floor":13,"key":"Pocketwatch"}],"event_choices":[{"damage_healed":0,"gold_gain":0,"player_choice":"Success","damage_taken":12,"relics_obtained":["Pen Nib"],"max_hp_gain":0,"max_hp_loss":0,"event_name":"Scrap Ooze","floor":3,"gold_loss":0},{"damage_healed":0,"gold_gain":275,"player_choice":"Desecrate","damage_taken":0,"max_hp_gain":0,"max_hp_loss":0,"event_name":"Golden Shrine","floor":4,"gold_loss":0,"cards_obtained":["Regret"]},{"damage_healed":0,"gold_gain":0,"player_choice":"Got Potions","damage_taken":0,"max_hp_gain":0,"max_hp_loss":0,"event_name":"Lab","floor":10,"gold_loss":0},{"damage_healed":0,"gold_gain":0,"player_choice":"Lose Max HP","damage_taken":0,"relics_obtained":["Golden Idol"],"max_hp_gain":0,"max_hp_loss":6,"event_name":"Golden Idol","floor":14,"gold_loss":0}],"is_beta":false,"boss_relics":[],"items_purged_floors":[],"is_endless":false,"potions_floor_spawned":[8,11],"killed_by":"Hexaghost","ascension_level":10}