{"path_per_floor":["M","?","?","M","M","R","M","R","T","E","R","M","R","$","R","B",null,"M","?","?","M","$","R","M","R","T","R","M","?","M","$","R","B",null,"M","$","?","M","M","R","E","R","T","R","M","M","?","M","R"],"character_chosen":"THE_SILENT","items_purchased":["PiercingWail","Escape Plan"],"gold_per_floor":[114,114,114,134,151,151,163,163,163,189,189,206,206,107,107,202,202,218,218,218,238,138,138,151,151,151,151,163,163,183,58,58,163,193,211,23,23,33,52,52,79,79,79,79,96,116,116,134,134],"floor_reached":50,"campfire_rested":5,"playtime":3350,"current_hp_per_floor":[68,35,35,35,34,55,46,46,46,37,58,57,57,57,70,14,70,69,69,69,63,63,63,63,63,63,63,62,62,39,39,60,57,75,73,73,73,73,73,73,73,73,73,73,20,12,31,1,23],"items_purged":["Strike_G","Strike_G","Writhe","Strike_G"],"gold":134,"score":536,"play_id":"8e41fc6e-8561-490f-b7d6-05e87364b0bb","local_time":"20180308194058","is_prod":false,"is_daily":false,"is_ascension_mode":true,"campfire_upgraded":8,"timestamp":1520566858,"path_taken":["M","?","?","M","?","R","M","R","T","E","R","M","R","$","R","BOSS","M","?","?","M","$","R","M","R","T","R","?","?","M","$","R","BOSS","M","$","?","M","M","R","E","R","T","R","M","?","?","M","R","BOSS"],"build_version":"2018-03-01-PROD1","purchased_purges":4,"victory":false,"master_deck":["Defend_G","Defend_G","Defend_G","Defend_G","Strike_G","Strike_G+1","Survivor","Neutralize+1","Well Laid Plans+1","Glass Knife+1","Acrobatics","Noxious Fumes+1","Catalyst+1","Footwork+1","PiercingWail","Burst+1","Sucker Punch+1","Predator+1","Finisher+1","Escape Plan","Finesse","Neutralize","Dash+1","Night Terror","Noxious Fumes+1","Flying Knee","Escape Plan","Dagger Spray+1","Dagger Spray+1","Setup+1","All Out Attack+1","Flying Knee","Writhe","Underhanded Strike+1"],"max_hp_per_floor":[70,70,70,70,70,70,70,70,70,70,70,70,70,70,70,70,70,70,70,70,70,70,70,70,70,70,70,70,70,70,70,70,70,75,75,75,75,75,75,75,75,75,75,75,75,75,75,75,75],"relics":["Ring of the Snake","Torii","Unceasing Top","Ancient Tea Set","Sozu","Paper Crane","Tingsha","Tiny House","Anchor","Gambling Chip"],"card_choices":[{"not_picked":["Deadly Poison","Reflex"],"picked":"Well Laid Plans"},{"not_picked":["Underhanded Strike","Quick Slash"],"picked":"Glass Knife"},{"not_picked":["Deadly Poison","Deflect"],"picked":"Acrobatics"},{"not_picked":["Bane","Cloak And Dagger"],"picked":"Noxious Fumes"},{"not_picked":["Cloak And Dagger","Caltrops"],"picked":"Catalyst"},{"not_picked":["Bane","Outmaneuver"],"picked":"Footwork"},{"not_picked":["Tactician","Doppelganger"],"picked":"Burst"},{"not_picked":["Poisoned Stab","Endless Agony"],"picked":"Sucker Punch"},{"not_picked":["Dagger Spray","Flying Knee"],"picked":"Predator"},{"not_picked":["Cloak And Dagger","Flying Knee"],"picked":"Finisher"},{"not_picked":["All Out Attack","Expertise"],"picked":"Escape Plan"},{"not_picked":["Underhanded Strike","Bullet Time"],"picked":"Dash"},{"not_picked":["Bullet Time","Glass Knife"],"picked":"Night Terror"},{"not_picked":["Backflip","All Out Attack"],"picked":"Noxious Fumes"},{"not_picked":["Dagger Throw","Quick Slash"],"picked":"Flying Knee"},{"not_picked":["Sucker Punch","Reflex"],"picked":"Dagger Spray"},{"not_picked":["Quick Slash","Eviscerate"],"picked":"Dagger Spray"},{"not_picked":["Deadly Poison","Underhanded Strike"],"picked":"Setup"},{"not_picked":["PiercingWail","Accuracy"],"picked":"All Out Attack"},{"not_picked":["Slice","Prepared"],"picked":"Flying Knee"},{"not_picked":["Finisher","Slice"],"picked":"Underhanded Strike"}],"player_experience":159688,"potions_floor_usage":[],"damage_taken":[{"damage":2.0,"enemies":"2 Louse","floor":1.0,"turns":3.0},{"damage":0.0,"enemies":"Jaw Worm","floor":4.0,"turns":7.0},{"damage":1.0,"enemies":"Small Slimes","floor":5.0,"turns":3.0},{"damage":9.0,"enemies":"Exordium Thugs","floor":7.0,"turns":6.0},{"damage":9.0,"enemies":"3 Sentries","floor":10.0,"turns":7.0},{"damage":1.0,"enemies":"Exordium Wildlife","floor":12.0,"turns":4.0},{"damage":56.0,"enemies":"Slime Boss","floor":16.0,"turns":15.0},{"damage":1.0,"enemies":"Shell Parasite","floor":18.0,"turns":7.0},{"damage":6.0,"enemies":"Chosen","floor":21.0,"turns":6.0},{"damage":0.0,"enemies":"Centurion and Healer","floor":24.0,"turns":7.0},{"damage":1.0,"enemies":"Slaver and Parasite","floor":28.0,"turns":7.0},{"damage":23.0,"enemies":"Sentry and Sphere","floor":30.0,"turns":6.0},{"damage":3.0,"enemies":"Automaton","floor":33.0,"turns":10.0},{"damage":2.0,"enemies":"Orb Walker","floor":35.0,"turns":4.0},{"damage":0.0,"enemies":"3 Shapes","floor":38.0,"turns":6.0},{"damage":0.0,"enemies":"Maw","floor":39.0,"turns":7.0},{"damage":0,"enemies":"Nemesis","floor":41,"turns":7},{"damage":53,"enemies":"Sphere and 2 Shapes","floor":45,"turns":7},{"damage":8,"enemies":"3 Darklings","floor":46,"turns":7},{"damage":30,"enemies":"4 Shapes","floor":48,"turns":5},{"damage":29,"enemies":"Awakened One","floor":50,"turns":3}],"event_choices":[{"event_name":"Scrap Ooze","player_choice":"success","floor":2.0,"damage_taken":33.0},{"event_name":"Shining Light","player_choice":"Ignored","floor":3.0,"damage_taken":0.0},{"event_name":"The Mausoleum","player_choice":"Yes","floor":19.0,"damage_taken":0.0},{"event_name":"Upgrade Shrine","player_choice":"Upgraded","floor":20.0,"damage_taken":0.0},{"event_name":"Match and Keep!","player_choice":"2 cards matched","floor":29.0,"damage_taken":0.0},{"event_name":"Purifier","player_choice":"One Purge","floor":37.0,"damage_taken":0.0},{"event_name":"Winding Halls","player_choice":"Writhe","floor":47,"damage_taken":0}],"boss_relics":[],"potions_floor_spawned":[5,7,10,12,28,30,39,41,48],"seed_played":"8625789037022094096","killed_by":"Awakened One","ascension_level":4,"is_trial":false}