{"gold_per_floor":[11,29,204,204,279,279,312,312,312,335,9,52,73,73,73,73],"floor_reached":16,"playtime":555,"items_purged":[],"score":167,"play_id":"c211a805-3d8c-4924-a616-e0ee1ce7a5d9","local_time":"20190424203240","is_ascension_mode":true,"campfire_choices":[{"floor":6,"key":"REST"},{"floor":8,"key":"REST"},{"floor":15,"key":"REST"}],"neow_cost":"NO_GOLD","seed_source_timestamp":603841653243900,"circlet_count":0,"master_deck":["AscendersBane","Defend_G","Defend_G","Defend_G","Defend_G","Defend_G","Strike_G","Strike_G","Strike_G","Survivor","Neutralize","Doppelganger","Reflex","Deadly Poison","Bane","Doubt","Injury","Noxious Fumes","Distraction","Sadistic Nature","Infinite Blades","Accuracy","Accuracy","Catalyst"],"relics":["Ring of the Snake","Golden Idol","Prayer Wheel","The Courier","Lee\u0027s Waffle","Dodecahedron"],"potions_floor_usage":[7,16],"damage_taken":[{"damage":14,"enemies":"Cultist","floor":1,"turns":5},{"damage":5,"enemies":"Jaw Worm","floor":2,"turns":6},{"damage":50,"enemies":"Gremlin Nob","floor":7,"turns":5},{"damage":0,"enemies":"2 Louse","floor":10,"turns":3},{"damage":15,"enemies":"Lagavulin","floor":12,"turns":6},{"damage":30,"enemies":"Exordium Thugs","floor":13,"turns":6},{"damage":55,"enemies":"Slime Boss","floor":16,"turns":8}],"seed_played":"-368866889309565641","potions_obtained":[{"floor":2,"key":"Explosive Potion"},{"floor":13,"key":"Block Potion"}],"is_trial":false,"path_per_floor":["M","M","?","?","?","R","E","R","T","M","$","E","M","?","R","B"],"character_chosen":"THE_SILENT","items_purchased":["Lee\u0027s Waffle","Sadistic Nature","Infinite Blades"],"campfire_rested":3,"item_purchase_floors":[11,11,11],"current_hp_per_floor":[49,44,44,44,33,54,4,25,25,25,77,62,32,32,55,0],"gold":73,"neow_bonus":"TRANSFORM_TWO_CARDS","is_prod":false,"is_daily":false,"chose_seed":false,"campfire_upgraded":0,"win_rate":0,"timestamp":1556130760,"path_taken":["M","M","?","?","?","R","E","R","T","M","$","E","?","?","R","BOSS"],"build_version":"2019-01-23","purchased_purges":0,"victory":false,"max_hp_per_floor":[70,70,70,70,70,70,70,70,70,70,77,77,77,77,77,77],"card_choices":[{"not_picked":["Slice","Bane"],"picked":"Deadly Poison","floor":1},{"not_picked":["Blade Dance","Slice"],"picked":"Bane","floor":2},{"not_picked":["Backflip","Well Laid Plans"],"picked":"Noxious Fumes","floor":7},{"not_picked":["Flying Knee","Flechettes"],"picked":"Distraction","floor":10},{"not_picked":["Escape Plan","Expertise","Underhanded Strike"],"picked":"SKIP","floor":10},{"not_picked":["Calculated Gamble","Crippling Poison"],"picked":"Accuracy","floor":12},{"not_picked":["Underhanded Strike","Backflip"],"picked":"Accuracy","floor":13},{"not_picked":["Well Laid Plans","All Out Attack"],"picked":"Catalyst","floor":13}],"player_experience":1744976,"relics_obtained":[{"floor":7,"key":"Prayer Wheel"},{"floor":9,"key":"The Courier"},{"floor":12,"key":"Dodecahedron"}],"event_choices":[{"damage_healed":0,"gold_gain":175,"player_choice":"AGREE","damage_taken":0,"max_hp_gain":0,"max_hp_loss":0,"event_name":"Liars Game","floor":3,"gold_loss":0,"cards_obtained":["Doubt"]},{"damage_healed":0,"gold_gain":0,"player_choice":"Take Wound","damage_taken":0,"relics_obtained":["Golden Idol"],"max_hp_gain":0,"max_hp_loss":0,"event_name":"Golden Idol","floor":4,"gold_loss":0,"cards_obtained":["Injury"]},{"damage_healed":0,"gold_gain":75,"player_choice":"Gather Gold","damage_taken":11,"max_hp_gain":0,"max_hp_loss":0,"event_name":"World of Goop","floor":5,"gold_loss":0},{"damage_healed":0,"gold_gain":0,"player_choice":"Ignored","damage_taken":0,"max_hp_gain":0,"max_hp_loss":0,"event_name":"Shining Light","floor":14,"gold_loss":0}],"is_beta":false,"boss_relics":[],"items_purged_floors":[],"is_endless":false,"potions_floor_spawned":[2,13],"killed_by":"Slime Boss","ascension_level":11}