{"gold_per_floor":[114,289,289,312,387,418,418,462,487,487,530,530,530],"floor_reached":13,"playtime":347,"items_purged":[],"score":192,"play_id":"cb7d00da-8f92-4daf-8b12-af83138190fd","local_time":"20190505192514","is_ascension_mode":true,"campfire_choices":[{"floor":7,"key":"REST"},{"floor":10,"key":"REST"}],"neow_cost":"NONE","seed_source_timestamp":20938226538000,"circlet_count":0,"master_deck":["AscendersBane","Defend_G","Defend_G","Defend_G","Defend_G","Defend_G","Strike_G","Strike_G","Strike_G","Strike_G","Strike_G","Survivor","Neutralize","Skewer","Doubt","Injury","Caltrops","Bouncing Flask","Distraction"],"relics":["Ring of the Snake","NeowsBlessing","Golden Idol","Regal Pillow","The Courier","PreservedInsect","Snake Skull"],"potions_floor_usage":[8,8],"damage_taken":[{"damage":0,"enemies":"Jaw Worm","floor":1,"turns":1},{"damage":0,"enemies":"2 Louse","floor":4,"turns":1},{"damage":0,"enemies":"Gremlin Nob","floor":6,"turns":1},{"damage":58,"enemies":"Lagavulin","floor":8,"turns":9},{"damage":42,"enemies":"3 Sentries","floor":11,"turns":10},{"damage":31,"enemies":"Gremlin Nob","floor":13,"turns":3}],"seed_played":"6146578189243095749","potions_obtained":[{"floor":1,"key":"SteroidPotion"},{"floor":4,"key":"SkillPotion"},{"floor":6,"key":"PowerPotion"}],"is_trial":false,"path_per_floor":["M","?","?","M","?","E","R","E","T","R","E","?","E"],"character_chosen":"THE_SILENT","items_purchased":[],"campfire_rested":2,"item_purchase_floors":[],"current_hp_per_floor":[63,63,63,63,52,52,70,12,12,48,6,29,0],"gold":530,"neow_bonus":"THREE_ENEMY_KILL","is_prod":false,"is_daily":false,"chose_seed":false,"campfire_upgraded":0,"win_rate":0,"timestamp":1557077114,"path_taken":["M","?","?","M","?","E","R","E","T","R","E","?","E"],"build_version":"2019-01-23","purchased_purges":0,"victory":false,"max_hp_per_floor":[70,70,70,70,70,70,70,70,70,70,70,70,70],"card_choices":[{"not_picked":["Distraction","Backflip"],"picked":"Skewer","floor":1},{"not_picked":["Predator","Dagger Spray"],"picked":"Caltrops","floor":4},{"not_picked":["Predator","Cloak And Dagger","Backflip"],"picked":"SKIP","floor":6},{"not_picked":["Bane","Deadly Poison"],"picked":"Bouncing Flask","floor":8},{"not_picked":["Bane","Well Laid Plans"],"picked":"Distraction","floor":11}],"player_experience":1821444,"relics_obtained":[{"floor":6,"key":"Regal Pillow"},{"floor":8,"key":"The Courier"},{"floor":9,"key":"PreservedInsect"},{"floor":11,"key":"Snake Skull"}],"event_choices":[{"damage_healed":0,"gold_gain":175,"player_choice":"AGREE","damage_taken":0,"max_hp_gain":0,"max_hp_loss":0,"event_name":"Liars Game","floor":2,"gold_loss":0,"cards_obtained":["Doubt"]},{"damage_healed":0,"gold_gain":0,"player_choice":"Take Wound","damage_taken":0,"relics_obtained":["Golden Idol"],"max_hp_gain":0,"max_hp_loss":0,"event_name":"Golden Idol","floor":3,"gold_loss":0,"cards_obtained":["Injury"]},{"damage_healed":0,"gold_gain":75,"player_choice":"Gather Gold","damage_taken":11,"max_hp_gain":0,"max_hp_loss":0,"event_name":"World of Goop","floor":5,"gold_loss":0},{"damage_healed":23,"gold_gain":0,"player_choice":"Banana","damage_taken":0,"max_hp_gain":0,"max_hp_loss":0,"event_name":"Big Fish","floor":12,"gold_loss":0}],"is_beta":false,"boss_relics":[],"items_purged_floors":[],"is_endless":false,"potions_floor_spawned":[1,4,6],"killed_by":"Gremlin Nob","ascension_level":11}