{"gold_per_floor":[109,31,31,31,31,31,58,58,58,58,76,87,87,99,99,196,196,215,215,15,29,29,29,29,29,83,83,83],"floor_reached":28,"playtime":1409,"items_purged":["Strike_B"],"score":276,"play_id":"0395bde4-391c-44e8-b2fd-c10ba6587faa","local_time":"20190428160255","is_ascension_mode":true,"campfire_choices":[{"data":"Zap","floor":6,"key":"SMITH"},{"floor":8,"key":"REST"},{"data":"White Noise","floor":10,"key":"SMITH"},{"data":"White Noise","floor":13,"key":"SMITH"},{"data":"Cold Snap","floor":15,"key":"SMITH"},{"data":"Rip and Tear","floor":23,"key":"SMITH"},{"data":"Buffer","floor":27,"key":"SMITH"}],"neow_cost":"NONE","seed_source_timestamp":1494709280358300,"circlet_count":0,"master_deck":["Strike_B","Strike_B","Defend_B","Defend_B","Defend_B","Defend_B","Zap+1","Dualcast+1","White Noise+1","Reinforced Body+1","Go for the Eyes","Cold Snap+1","White Noise+1","Cold Snap","Buffer+1","Streamline","Rip and Tear+1","Compile Driver+1"],"relics":["Cracked Core","Regal Pillow","CultistMask","War Paint","Singing Bowl","Philosopher\u0027s Stone","Oddly Smooth Stone","Centennial Puzzle"],"potions_floor_usage":[],"damage_taken":[{"damage":2,"enemies":"Jaw Worm","floor":1,"turns":3},{"damage":50,"enemies":"Gremlin Nob","floor":7,"turns":5},{"damage":0,"enemies":"2 Louse","floor":11,"turns":1},{"damage":0,"enemies":"Cultist","floor":12,"turns":2},{"damage":9,"enemies":"2 Fungi Beasts","floor":14,"turns":3},{"damage":19,"enemies":"The Guardian","floor":16,"turns":10},{"damage":0,"enemies":"Chosen","floor":18,"turns":6},{"damage":14,"enemies":"Shell Parasite","floor":21,"turns":8},{"damage":35,"enemies":"Book of Stabbing","floor":28,"turns":5}],"seed_played":"3942915280936619197","potions_obtained":[{"floor":11,"key":"Block Potion"},{"floor":16,"key":"Explosive Potion"},{"floor":21,"key":"Dexterity Potion"}],"is_trial":false,"path_per_floor":["M","$","?","?","?","R","E","R","T","R","M","M","R","M","R","B",null,"M","?","$","M","?","R","T","?","T","R","E"],"character_chosen":"DEFECT","items_purchased":["Reinforced Body","Rip and Tear","SkillPotion"],"campfire_rested":1,"item_purchase_floors":[2,20,20],"current_hp_per_floor":[66,66,59,59,59,59,9,46,46,46,46,46,46,37,37,18,61,61,61,61,47,33,33,33,33,33,33,0],"gold":83,"neow_bonus":"RANDOM_COMMON_RELIC","is_prod":false,"is_daily":false,"chose_seed":false,"campfire_upgraded":6,"win_rate":0,"timestamp":1556492575,"path_taken":["M","$","?","?","?","R","E","R","T","R","M","M","R","?","R","BOSS","M","?","$","M","?","R","?","?","T","R","E"],"build_version":"2019-01-23","purchased_purges":1,"victory":false,"max_hp_per_floor":[75,75,75,75,75,75,75,75,75,75,75,75,75,75,75,75,75,75,75,75,75,80,80,80,80,80,80,80],"card_choices":[{"not_picked":["Conserve Battery","Ball Lightning"],"picked":"White Noise","floor":1},{"not_picked":["Coolheaded","Capacitor"],"picked":"Go for the Eyes","floor":7},{"not_picked":["Redo","Ball Lightning"],"picked":"Cold Snap","floor":11},{"not_picked":["Chaos","Leap"],"picked":"White Noise","floor":12},{"not_picked":["Skim","Coolheaded"],"picked":"Cold Snap","floor":14},{"not_picked":["Creative AI","Hyperbeam"],"picked":"Buffer","floor":16},{"not_picked":["Conserve Battery","Steam"],"picked":"Streamline","floor":18},{"not_picked":["Sunder+1","White Noise"],"picked":"Compile Driver+1","floor":21}],"player_experience":392404,"relics_obtained":[{"floor":7,"key":"War Paint"},{"floor":9,"key":"Singing Bowl"},{"floor":24,"key":"Oddly Smooth Stone"},{"floor":26,"key":"Centennial Puzzle"}],"event_choices":[{"cards_removed":["Strike_B"],"damage_healed":0,"gold_gain":0,"player_choice":"Card Removal","damage_taken":7,"max_hp_gain":0,"max_hp_loss":0,"event_name":"Golden Wing","floor":3,"gold_loss":0},{"damage_healed":0,"gold_gain":0,"player_choice":"Ignored","damage_taken":0,"max_hp_gain":0,"max_hp_loss":0,"event_name":"Liars Game","floor":4,"gold_loss":0},{"damage_healed":0,"gold_gain":0,"player_choice":"Trade","damage_taken":0,"relics_obtained":["CultistMask"],"max_hp_gain":0,"max_hp_loss":0,"event_name":"FaceTrader","floor":5,"gold_loss":0},{"damage_healed":0,"gold_gain":0,"player_choice":"Ignored","damage_taken":0,"max_hp_gain":0,"max_hp_loss":0,"event_name":"Ghosts","floor":19,"gold_loss":0},{"damage_healed":0,"gold_gain":0,"player_choice":"Shed Blood","damage_taken":19,"max_hp_gain":5,"max_hp_loss":0,"event_name":"Forgotten Altar","floor":22,"gold_loss":0},{"damage_healed":0,"gold_gain":0,"player_choice":"Ignored","damage_taken":0,"max_hp_gain":0,"max_hp_loss":0,"event_name":"Vampires","floor":25,"gold_loss":0}],"is_beta":false,"boss_relics":[{"not_picked":["White Beast Statue","Busted Crown"],"picked":"Philosopher\u0027s Stone"}],"items_purged_floors":[20],"is_endless":false,"potions_floor_spawned":[11,16,21],"killed_by":"Book of Stabbing","ascension_level":6}