{"gold_per_floor":[11,11,30,30,43,69,81,21,21,32,32,32,51,51,51,152,152,162,162,162,162,178,178,210,210,210,210,243,254,254,286,286,286],"floor_reached":33,"playtime":1617,"items_purged":[],"score":481,"play_id":"c6a8a469-5399-4918-b8ea-517e16d3708e","local_time":"20190122192731","is_ascension_mode":true,"campfire_choices":[{"floor":7,"key":"REST"},{"floor":12,"key":"REST"},{"data":"Loop","floor":15,"key":"SMITH"},{"data":"Rainbow","floor":23,"key":"SMITH"},{"floor":25,"key":"REST"},{"data":"Sunder","floor":27,"key":"SMITH"},{"floor":30,"key":"REST"},{"floor":32,"key":"REST"}],"neow_cost":"NO_GOLD","seed_source_timestamp":1096347467184600,"circlet_count":0,"master_deck":["Strike_B","Strike_B","Strike_B","Strike_B","Defend_B","Defend_B","Defend_B","Defend_B","Zap","Dualcast","Electrodynamics","Redo","Loop+1","Doom and Gloom","Sunder+1","Cold Snap","Static Discharge","Rainbow+1","Melter","Ghostly","Ghostly","Ghostly","Ghostly","Ghostly","Heatsinks","Redo","Self Repair+1"],"relics":["FrozenCore","Dead Branch","MawBank","Bottled Tornado","Enchiridion","Sundial","Dodecahedron","Molten Egg 2","Happy Flower"],"potions_floor_usage":[6,16,16,24,29,31],"damage_taken":[{"damage":16,"enemies":"2 Louse","floor":1,"turns":3},{"damage":14,"enemies":"Jaw Worm","floor":3,"turns":3},{"damage":0,"enemies":"Small Slimes","floor":5,"turns":2},{"damage":25,"enemies":"3 Sentries","floor":6,"turns":3},{"damage":8,"enemies":"Exordium Thugs","floor":10,"turns":3},{"damage":12,"enemies":"Blue Slaver","floor":13,"turns":4},{"damage":60,"enemies":"The Guardian","floor":16,"turns":8},{"damage":21,"enemies":"Shell Parasite","floor":18,"turns":8},{"damage":0,"enemies":"2 Thieves","floor":22,"turns":4},{"damage":12,"enemies":"Gremlin Leader","floor":24,"turns":8},{"damage":26,"enemies":"Book of Stabbing","floor":28,"turns":8},{"damage":4,"enemies":"Chosen and Byrds","floor":29,"turns":4},{"damage":0,"enemies":"Gremlin Leader","floor":31,"turns":9},{"damage":30,"enemies":"Collector","floor":33,"turns":10}],"seed_played":"-4892041052589810008","potions_obtained":[{"floor":1,"key":"Swift Potion"},{"floor":5,"key":"GamblersBrew"},{"floor":6,"key":"LiquidBronze"},{"floor":10,"key":"Strength Potion"},{"floor":22,"key":"Energy Potion"},{"floor":29,"key":"Poison Potion"}],"is_trial":false,"path_per_floor":["M","?","M","?","M","E","R","$","T","M","$","R","M","?","R","B",null,"M","?","?","?","M","R","E","R","T","R","E","M","R","E","R","B"],"character_chosen":"DEFECT","items_purchased":["Sunder"],"campfire_rested":5,"item_purchase_floors":[8],"current_hp_per_floor":[52,52,38,31,31,6,28,28,28,20,20,42,30,75,75,15,60,39,23,48,37,37,37,25,36,36,36,10,6,17,17,28,0],"gold":286,"neow_bonus":"THREE_RARE_CARDS","is_prod":false,"is_daily":false,"chose_seed":false,"campfire_upgraded":3,"win_rate":0,"timestamp":1548181651,"path_taken":["M","?","M","?","M","E","R","?","T","M","$","R","?","?","R","BOSS","M","?","?","?","M","R","E","R","T","R","E","?","R","E","R","BOSS"],"build_version":"2019-01-17v2","purchased_purges":0,"victory":false,"max_hp_per_floor":[75,75,75,75,75,75,75,75,75,75,75,75,75,75,75,75,75,75,75,75,37,37,37,37,37,37,37,37,37,37,37,37,37],"card_choices":[{"not_picked":["Creative AI","Meteor Strike"],"picked":"Electrodynamics","floor":0},{"not_picked":["Aggregate","Gash","Beam Cell"],"picked":"SKIP","floor":1},{"not_picked":["Skim","Stack"],"picked":"Redo","floor":3},{"not_picked":["Coolheaded","Barrage"],"picked":"Loop","floor":5},{"not_picked":["Sweeping Beam","Conserve Battery"],"picked":"Doom and Gloom","floor":6},{"not_picked":["Beam Cell","Leap"],"picked":"Cold Snap","floor":10},{"not_picked":["Rebound","Conserve Battery"],"picked":"Static Discharge","floor":13},{"not_picked":["Seek","Meteor Strike"],"picked":"Rainbow","floor":16},{"not_picked":["Streamline","Rip and Tear+1"],"picked":"Melter","floor":18},{"not_picked":["Leap+1","Streamline","Compile Driver+1"],"picked":"SKIP","floor":22},{"not_picked":["Barrage+1","Rebound","Steam"],"picked":"SKIP","floor":24},{"not_picked":["Coolheaded","FTL"],"picked":"Heatsinks","floor":28},{"not_picked":["Beam Cell+1","Compile Driver+1"],"picked":"Redo","floor":29},{"not_picked":["Stack","Turbo+1"],"picked":"Self Repair+1","floor":31}],"player_experience":1275397,"relics_obtained":[{"floor":6,"key":"MawBank"},{"floor":9,"key":"Bottled Tornado"},{"floor":19,"key":"Enchiridion"},{"floor":24,"key":"Sundial"},{"floor":26,"key":"Dodecahedron"},{"floor":28,"key":"Molten Egg 2"},{"floor":31,"key":"Happy Flower"}],"event_choices":[{"damage_healed":0,"gold_gain":0,"player_choice":"Box","damage_taken":0,"relics_obtained":["Dead Branch"],"max_hp_gain":0,"max_hp_loss":0,"event_name":"Big Fish","floor":2,"gold_loss":0,"cards_obtained":["Regret"]},{"cards_removed":["Regret"],"damage_healed":0,"gold_gain":0,"player_choice":"Card Removal","damage_taken":7,"max_hp_gain":0,"max_hp_loss":0,"event_name":"Golden Wing","floor":4,"gold_loss":0},{"damage_healed":45,"gold_gain":0,"player_choice":"Full Heal","damage_taken":0,"max_hp_gain":0,"max_hp_loss":0,"event_name":"Wheel of Change","floor":14,"gold_loss":0},{"damage_healed":0,"gold_gain":0,"player_choice":"Obtained Book","damage_taken":16,"max_hp_gain":0,"max_hp_loss":0,"event_name":"Cursed Tome","floor":19,"gold_loss":0},{"damage_healed":25,"gold_gain":0,"player_choice":"Heal","damage_taken":0,"max_hp_gain":0,"max_hp_loss":0,"event_name":"The Library","floor":20,"gold_loss":0},{"damage_healed":0,"gold_gain":0,"player_choice":"Became a Ghost","damage_taken":0,"max_hp_gain":0,"max_hp_loss":38,"event_name":"Ghosts","floor":21,"gold_loss":0,"cards_obtained":["Ghostly","Ghostly","Ghostly","Ghostly","Ghostly"]}],"is_beta":false,"boss_relics":[{"not_picked":["White Beast Statue","Snecko Eye"],"picked":"FrozenCore"}],"items_purged_floors":[],"is_endless":false,"potions_floor_spawned":[1,5,6,10,22,29],"killed_by":"Collector","ascension_level":8}