{"gold_per_floor":[111,111,130,55,68,68,95,95,147,147,147,1,1,1,1,98,98,115,15,15,26,125,125,158,174,223,60,60,60,88,88,88,88],"floor_reached":33,"playtime":1020,"items_purged":["Strike_R","Defend_R","Strike_R"],"score":416,"play_id":"76240750-42fb-4d3f-858a-655d3f318050","local_time":"20190113170937","is_ascension_mode":true,"campfire_choices":[{"data":"Pommel Strike","floor":6,"key":"SMITH"},{"floor":8,"key":"REST"},{"data":"Bash","floor":10,"key":"SMITH"},{"data":"Dropkick","floor":13,"key":"SMITH"},{"data":"Strike_R","floor":15,"key":"SMITH"},{"floor":23,"key":"REST"},{"floor":28,"key":"REST"},{"data":"Dual Wield","floor":32,"key":"SMITH"}],"neow_cost":"NONE","seed_source_timestamp":311065455297800,"circlet_count":0,"master_deck":["AscendersBane","Strike_R+1","Defend_R","Defend_R","Defend_R","Bash+1","Pommel Strike+1","Dropkick+1","Immolate","Dual Wield+1","Rage","Metallicize+1","Bludgeon+1","Cleave+1","Spot Weakness"],"relics":["Burning Blood","Bronze Scales","GremlinMask","Dream Catcher","Ancient Tea Set","Self Forming Clay","PreservedInsect","Black Star","Molten Egg 2","Vajra","Oddly Smooth Stone","Frozen Egg 2","Smiling Mask","Bottled Flame"],"potions_floor_usage":[7,24],"damage_taken":[{"damage":0,"enemies":"Small Slimes","floor":1,"turns":3},{"damage":11,"enemies":"Cultist","floor":3,"turns":3},{"damage":12,"enemies":"Jaw Worm","floor":5,"turns":3},{"damage":32,"enemies":"Gremlin Nob","floor":7,"turns":4},{"damage":50,"enemies":"The Guardian","floor":16,"turns":11},{"damage":29,"enemies":"Spheric Guardian","floor":18,"turns":5},{"damage":3,"enemies":"3 Byrds","floor":21,"turns":2},{"damage":11,"enemies":"Book of Stabbing","floor":24,"turns":5},{"damage":22,"enemies":"Sentry and Sphere","floor":25,"turns":5},{"damage":1,"enemies":"Gremlin Leader","floor":30,"turns":4},{"damage":95,"enemies":"Collector","floor":33,"turns":10}],"seed_played":"-970874514348325838","potions_obtained":[{"floor":3,"key":"Energy Potion"},{"floor":18,"key":"Weak Potion"}],"is_trial":false,"path_per_floor":["M","?","M","$","M","R","E","R","T","R","?","$","R","?","R","B",null,"M","$","?","M","?","R","E","M","T","$","R","?","E","T","R","B"],"character_chosen":"IRONCLAD","items_purchased":["PreservedInsect","Spot Weakness"],"campfire_rested":3,"item_purchase_floors":[12,27],"current_hp_per_floor":[78,78,73,73,67,67,41,65,65,65,62,62,62,62,62,18,65,42,42,42,45,45,69,64,48,48,48,72,72,77,77,77,0],"gold":88,"neow_bonus":"RANDOM_COMMON_RELIC","is_prod":false,"is_daily":false,"chose_seed":false,"campfire_upgraded":5,"win_rate":0,"timestamp":1547395777,"path_taken":["M","?","?","$","M","R","E","R","T","R","?","$","R","?","R","BOSS","M","$","?","?","?","R","E","M","T","$","R","?","E","?","R","BOSS"],"build_version":"2019-01-10","purchased_purges":3,"victory":false,"max_hp_per_floor":[80,80,80,80,80,80,80,80,80,80,80,80,80,80,80,80,80,80,80,80,80,80,80,80,80,80,80,80,80,80,80,80,80],"card_choices":[{"not_picked":["Wild Strike","Feel No Pain","Heavy Blade"],"picked":"SKIP","floor":1},{"not_picked":["Shrug It Off","Clothesline"],"picked":"Pommel Strike","floor":3},{"not_picked":["Clothesline","Flex","Headbutt"],"picked":"SKIP","floor":5},{"not_picked":["Reckless Charge","Entrench"],"picked":"Dropkick","floor":7},{"not_picked":["Berserk","Dark Embrace"],"picked":"Immolate","floor":16},{"not_picked":["Havoc","Headbutt"],"picked":"Dual Wield","floor":18},{"not_picked":["Entrench","Wild Strike"],"picked":"Rage","floor":21},{"not_picked":["True Grit","Dual Wield"],"picked":"Metallicize+1","floor":23},{"not_picked":["Body Slam","Searing Blow"],"picked":"Bludgeon","floor":24},{"not_picked":["Carnage+1","Flex"],"picked":"Cleave+1","floor":25},{"not_picked":["Whirlwind+1","Thunderclap+1","True Grit"],"picked":"SKIP","floor":30}],"player_experience":1110038,"relics_obtained":[{"floor":7,"key":"Dream Catcher"},{"floor":9,"key":"Ancient Tea Set"},{"floor":24,"key":"Molten Egg 2"},{"floor":24,"key":"Vajra"},{"floor":26,"key":"Oddly Smooth Stone"},{"floor":30,"key":"Frozen Egg 2"},{"floor":30,"key":"Smiling Mask"},{"floor":31,"key":"Bottled Flame"}],"event_choices":[{"damage_healed":0,"gold_gain":0,"player_choice":"Trade","damage_taken":0,"relics_obtained":["GremlinMask"],"max_hp_gain":0,"max_hp_loss":0,"event_name":"FaceTrader","floor":2,"gold_loss":0},{"damage_healed":0,"gold_gain":0,"player_choice":"Success","damage_taken":3,"relics_obtained":["Self Forming Clay"],"max_hp_gain":0,"max_hp_loss":0,"event_name":"Scrap Ooze","floor":11,"gold_loss":0},{"cards_removed":["Strike_R"],"damage_healed":0,"gold_gain":0,"player_choice":"Forget","damage_taken":0,"max_hp_gain":0,"max_hp_loss":0,"event_name":"Living Wall","floor":14,"gold_loss":0},{"cards_removed":["Strike_R"],"damage_healed":0,"gold_gain":0,"player_choice":"Offered Basic","damage_taken":0,"max_hp_gain":0,"max_hp_loss":0,"event_name":"Bonfire Elementals","floor":20,"gold_loss":0},{"damage_healed":0,"gold_gain":99,"player_choice":"Stole From Cult","damage_taken":0,"max_hp_gain":0,"max_hp_loss":0,"event_name":"Nest","floor":22,"gold_loss":0},{"damage_healed":0,"gold_gain":0,"player_choice":"Ignored","damage_taken":0,"max_hp_gain":0,"max_hp_loss":0,"event_name":"Vampires","floor":29,"gold_loss":0}],"is_beta":false,"boss_relics":[{"not_picked":["Astrolabe","Coffee Dripper"],"picked":"Black Star"}],"items_purged_floors":[4,19,27],"is_endless":false,"potions_floor_spawned":[3,18],"killed_by":"Collector","ascension_level":10}