{"gold_per_floor":[113,17,17,35,35,35,35,68,68,68,68,93,128,199,199,199],"floor_reached":16,"playtime":851,"items_purged":[],"score":138,"play_id":"f588fce8-d3d1-4e1d-8df7-aa71b655ff51","local_time":"20181123003333","is_ascension_mode":true,"campfire_choices":[{"floor":6,"key":"REST"},{"floor":15,"key":"REST"}],"neow_cost":"NONE","seed_source_timestamp":714971716424100,"circlet_count":0,"master_deck":["Defend_G","Defend_G","Defend_G","Defend_G","Defend_G","Strike_G","Strike_G","Strike_G","Strike_G+1","Strike_G","Survivor","Neutralize+1","Footwork","Forethought","Acrobatics","Regret","Choke","Injury","Tools of the Trade","Tactician","Slice"],"relics":["Ring of the Snake","NeowsBlessing","Lantern","Bag of Preparation","Question Card","Regal Pillow","Golden Idol","Orichalcum","FossilizedHelix"],"potions_floor_usage":[13,13,14],"damage_taken":[{"damage":0,"enemies":"Cultist","floor":1,"turns":1},{"damage":0,"enemies":"2 Louse","floor":4,"turns":2},{"damage":0,"enemies":"Lagavulin","floor":8,"turns":2},{"damage":0,"enemies":"Small Slimes","floor":12,"turns":4},{"damage":22,"enemies":"Gremlin Nob","floor":13,"turns":5},{"damage":22,"enemies":"Lagavulin Event","floor":14,"turns":7},{"damage":66,"enemies":"Hexaghost","floor":16,"turns":16}],"seed_played":"3111831686277584390","potions_obtained":[{"floor":1,"key":"AttackPotion"},{"floor":4,"key":"Weak Potion"},{"floor":13,"key":"AttackPotion"}],"is_trial":false,"path_per_floor":["M","$","T","M","?","R","?","E","T","?","$","M","E","?","R","B"],"character_chosen":"THE_SILENT","items_purchased":["Forethought"],"campfire_rested":2,"item_purchase_floors":[2],"current_hp_per_floor":[70,70,70,70,56,70,70,70,70,70,70,70,48,26,62,0],"gold":199,"neow_bonus":"THREE_ENEMY_KILL","is_prod":false,"is_daily":false,"chose_seed":false,"campfire_upgraded":0,"win_rate":0,"timestamp":1542929613,"path_taken":["M","$","?","M","?","R","?","E","T","?","$","M","E","?","R","BOSS"],"build_version":"2018-11-15","purchased_purges":0,"victory":false,"max_hp_per_floor":[70,70,70,70,70,70,70,70,70,70,70,70,70,70,70,70],"card_choices":[{"not_picked":["Backflip","Cloak And Dagger"],"picked":"Footwork","floor":1},{"not_picked":["Setup","Escape Plan"],"picked":"Acrobatics","floor":4},{"not_picked":["Bane","Dodge and Roll"],"picked":"Choke","floor":8},{"not_picked":["Bane","Prepared","PiercingWail"],"picked":"Tools of the Trade","floor":12},{"not_picked":["Dagger Throw","Blade Dance","Infinite Blades"],"picked":"Tactician","floor":13},{"not_picked":["Expertise","Dagger Spray","Dash"],"picked":"Slice","floor":14}],"player_experience":1022637,"relics_obtained":[{"floor":3,"key":"Lantern"},{"floor":8,"key":"Question Card"},{"floor":9,"key":"Regal Pillow"},{"floor":13,"key":"Orichalcum"},{"floor":14,"key":"FossilizedHelix"}],"event_choices":[{"damage_healed":0,"gold_gain":0,"player_choice":"Entered Light","damage_taken":14,"max_hp_gain":0,"max_hp_loss":0,"event_name":"Shining Light","floor":5,"gold_loss":0,"cards_upgraded":["Neutralize","Strike_G"]},{"damage_healed":0,"gold_gain":0,"player_choice":"Box","damage_taken":0,"relics_obtained":["Bag of Preparation"],"max_hp_gain":0,"max_hp_loss":0,"event_name":"Big Fish","floor":7,"gold_loss":0,"cards_obtained":["Regret"]},{"damage_healed":0,"gold_gain":0,"player_choice":"Take Wound","damage_taken":0,"relics_obtained":["Golden Idol"],"max_hp_gain":0,"max_hp_loss":0,"event_name":"Golden Idol","floor":10,"gold_loss":0,"cards_obtained":["Injury"]},{"damage_healed":0,"gold_gain":30,"player_choice":"Searched \u00272\u0027 times","damage_taken":0,"max_hp_gain":0,"max_hp_loss":0,"event_name":"Dead Adventurer","floor":14,"gold_loss":0}],"is_beta":false,"boss_relics":[],"items_purged_floors":[],"is_endless":false,"potions_floor_spawned":[1,4,13],"killed_by":"Hexaghost","ascension_level":1}