{"gold_per_floor":[117,134,309,309,13,13,46,59,108,128,128,169,3,23,23,148,148,161,161,86,100,61,61,80,80,107,107,132,170,185,185],"floor_reached":31,"playtime":1283,"items_purged":[],"score":396,"play_id":"7d664b20-dd80-4851-860d-d95909fc43c2","local_time":"20190104210200","is_ascension_mode":true,"campfire_choices":[{"floor":6,"key":"REST"},{"floor":15,"key":"REST"},{"floor":23,"key":"REST"},{"data":"Apotheosis","floor":25,"key":"SMITH"},{"data":"Ghostly","floor":27,"key":"SMITH"}],"neow_cost":"NONE","seed_source_timestamp":93813526462300,"circlet_count":0,"master_deck":["Strike_B","Strike_B","Strike_B+1","Strike_B","Defend_B","Defend_B","Defend_B","Defend_B","Zap+1","Dualcast","Hologram","Defragment","Bandage Up","Sweeping Beam","White Noise","Injury","Storm","Apotheosis+1","Machine Learning","Electrodynamics","Chaos","Ghostly+1","Ghostly","Ghostly","Ghostly","Ghostly","Defragment","Heatsinks","Capacitor","Capacitor+1","Storm+1","Self Repair"],"relics":["Cracked Core","Blood Vial","Runic Capacitor","Bronze Scales","Strawberry","Golden Idol","Pen Nib","Runic Pyramid","Smiling Mask","Toxic Egg 2"],"potions_floor_usage":[12,16,18,29,29,31],"damage_taken":[{"damage":1,"enemies":"2 Louse","floor":1,"turns":3},{"damage":8,"enemies":"Small Slimes","floor":2,"turns":2},{"damage":40,"enemies":"3 Sentries","floor":7,"turns":7},{"damage":2,"enemies":"Jaw Worm","floor":8,"turns":3},{"damage":4,"enemies":"Exordium Thugs","floor":10,"turns":3},{"damage":17,"enemies":"Lagavulin","floor":12,"turns":5},{"damage":17,"enemies":"Large Slime","floor":14,"turns":5},{"damage":40,"enemies":"Slime Boss","floor":16,"turns":8},{"damage":18,"enemies":"Spheric Guardian","floor":18,"turns":4},{"damage":18,"enemies":"3 Byrds","floor":21,"turns":3},{"damage":3,"enemies":"Snake Plant","floor":24,"turns":4},{"damage":2,"enemies":"Centurion and Healer","floor":28,"turns":7},{"damage":34,"enemies":"Slavers","floor":29,"turns":3},{"damage":3,"enemies":"3 Cultists","floor":30,"turns":4},{"damage":8,"enemies":"Cultist and Chosen","floor":31,"turns":2}],"seed_played":"-3187306211935764191","potions_obtained":[{"floor":2,"key":"Energy Potion"},{"floor":7,"key":"FocusPotion"},{"floor":10,"key":"Weak Potion"},{"floor":18,"key":"Strength Potion"},{"floor":28,"key":"Strength Potion"},{"floor":29,"key":"Strength Potion"}],"is_trial":false,"path_per_floor":["M","M","?","?","$","R","E","M","T","M","?","E","$","M","R","B",null,"M","?","?","M","$","R","M","R","T","R","M","E","M","M"],"character_chosen":"DEFECT","items_purchased":["Runic Capacitor","Bandage Up","Apotheosis","Heatsinks"],"campfire_rested":3,"item_purchase_floors":[5,5,13,22],"current_hp_per_floor":[69,63,63,48,48,70,36,40,47,49,49,38,38,27,51,19,66,56,41,41,29,29,41,41,41,41,41,41,7,6,0],"gold":185,"neow_bonus":"RANDOM_COMMON_RELIC","is_prod":false,"is_daily":false,"chose_seed":false,"campfire_upgraded":2,"win_rate":0,"timestamp":1546632120,"path_taken":["M","M","?","?","?","R","E","M","T","?","?","E","$","M","R","BOSS","M","?","?","M","?","R","M","R","T","R","M","E","M","M"],"build_version":"2019-01-03v3","purchased_purges":0,"victory":false,"max_hp_per_floor":[75,75,75,75,75,75,75,75,82,82,82,82,82,82,82,82,82,82,41,41,41,41,41,41,41,41,41,41,41,41,41],"card_choices":[{"not_picked":["Streamline","Leap"],"picked":"Hologram","floor":1},{"not_picked":["Aggregate","Fusion"],"picked":"Defragment","floor":2},{"not_picked":["Gash","Rebound"],"picked":"Sweeping Beam","floor":7},{"not_picked":["Undo","Beam Cell"],"picked":"White Noise","floor":8},{"not_picked":["Leap","Force Field","Stack"],"picked":"SKIP","floor":10},{"not_picked":["Ball Lightning","Scrape"],"picked":"Storm","floor":12},{"not_picked":["Reprogram","Doom and Gloom"],"picked":"Machine Learning","floor":14},{"not_picked":["Thunder Strike","Reboot"],"picked":"Electrodynamics","floor":16},{"not_picked":["FTL","Hello World+1"],"picked":"Chaos","floor":18},{"not_picked":["Stack","Rebound"],"picked":"Defragment","floor":21},{"not_picked":["Rebound","Redo"],"picked":"Capacitor","floor":24},{"not_picked":["Leap+1","Compile Driver"],"picked":"Capacitor+1","floor":28},{"not_picked":["BootSequence+1","Fusion"],"picked":"Storm+1","floor":29},{"not_picked":["Hologram+1","Go for the Eyes"],"picked":"Self Repair","floor":30}],"player_experience":1077843,"relics_obtained":[{"floor":7,"key":"Bronze Scales"},{"floor":9,"key":"Strawberry"},{"floor":12,"key":"Pen Nib"},{"floor":26,"key":"Smiling Mask"},{"floor":29,"key":"Toxic Egg 2"}],"event_choices":[{"damage_healed":0,"gold_gain":175,"player_choice":"AGREE","damage_taken":0,"max_hp_gain":0,"max_hp_loss":0,"event_name":"Liars Game","floor":3,"gold_loss":0,"cards_obtained":["Doubt"]},{"damage_healed":0,"gold_gain":0,"player_choice":"Entered Light","damage_taken":15,"max_hp_gain":0,"max_hp_loss":0,"event_name":"Shining Light","floor":4,"gold_loss":0,"cards_upgraded":["Zap","Strike_B"]},{"damage_healed":0,"gold_gain":0,"player_choice":"Take Wound","damage_taken":0,"relics_obtained":["Golden Idol"],"max_hp_gain":0,"max_hp_loss":0,"event_name":"Golden Idol","floor":11,"gold_loss":0,"cards_obtained":["Injury"]},{"damage_healed":0,"gold_gain":0,"player_choice":"Became a Ghost","damage_taken":0,"max_hp_gain":0,"max_hp_loss":41,"event_name":"Ghosts","floor":19,"gold_loss":0,"cards_obtained":["Ghostly","Ghostly","Ghostly","Ghostly","Ghostly"]},{"cards_removed":["Doubt"],"damage_healed":0,"gold_gain":0,"player_choice":"Gave Gold","damage_taken":0,"max_hp_gain":0,"max_hp_loss":0,"event_name":"Beggar","floor":20,"gold_loss":75}],"is_beta":false,"boss_relics":[{"not_picked":["Coffee Dripper","Busted Crown"],"picked":"Runic Pyramid"}],"items_purged_floors":[],"is_endless":false,"potions_floor_spawned":[2,7,10,18,28,29],"killed_by":"Cultist and Chosen","ascension_level":8}