{"gold_per_floor":[118,128,145,145,155,155,155,155,155,183,197,211,211,230,230,333,333,333,110,110,110,110,110,110,110,110,110,110,34,34,34,34,34,34,34,34,34,34,34,34,34,34,34,34,34,34,34,34,34,34],"floor_reached":50,"playtime":3012,"items_purged":["Strike_B"],"score":476,"play_id":"5832e5ae-5164-431e-b787-1083a6014208","local_time":"20190307210100","is_ascension_mode":false,"campfire_choices":[{"data":"Beam Cell","floor":6,"key":"SMITH"},{"data":"Zap","floor":8,"key":"SMITH"},{"floor":13,"key":"REST"},{"data":"Redo","floor":15,"key":"SMITH"},{"data":"Buffer","floor":23,"key":"SMITH"},{"data":"Auto Shields","floor":25,"key":"SMITH"},{"data":"Sunder","floor":28,"key":"SMITH"},{"floor":32,"key":"REST"},{"floor":40,"key":"REST"},{"data":"Conserve Battery","floor":42,"key":"SMITH"},{"floor":44,"key":"REST"},{"floor":49,"key":"REST"}],"neow_cost":"NONE","seed_source_timestamp":167767963051746,"circlet_count":0,"master_deck":["Strike_B","Strike_B","Defend_B","Defend_B","Defend_B","Defend_B","Zap+1","Dualcast","Beam Cell+1","FTL","Melter","Cold Snap","Redo+1","Conserve Battery+1","Buffer+1","Coolheaded","Core Surge","Cold Snap+1","Auto Shields+1","Sunder+1","All For One","Rebound","Leap+1","Machine Learning","Tempest+1","Lockon+1","Coolheaded+1","Conserve Battery+1","BootSequence","Gash+1"],"relics":["Cracked Core","Bronze Scales","Ice Cream","Turnip","Ectoplasm","Strawberry","Bag of Preparation","Sozu","Smiling Mask","Happy Flower"],"potions_floor_usage":[18,33,33,33],"damage_taken":[{"damage":0,"enemies":"Cultist","floor":1,"turns":3},{"damage":0,"enemies":"Small Slimes","floor":2,"turns":3},{"damage":0,"enemies":"2 Louse","floor":3,"turns":2},{"damage":0,"enemies":"Exordium Wildlife","floor":5,"turns":2},{"damage":9,"enemies":"Lagavulin","floor":10,"turns":4},{"damage":5,"enemies":"Blue Slaver","floor":11,"turns":3},{"damage":23,"enemies":"Gremlin Gang","floor":12,"turns":3},{"damage":0,"enemies":"Large Slime","floor":14,"turns":4},{"damage":32,"enemies":"The Guardian","floor":16,"turns":10},{"damage":0,"enemies":"Spheric Guardian","floor":18,"turns":3},{"damage":0,"enemies":"Shell Parasite","floor":20,"turns":3},{"damage":21,"enemies":"Snake Plant","floor":22,"turns":3},{"damage":0,"enemies":"Centurion and Healer","floor":24,"turns":7},{"damage":15,"enemies":"Shelled Parasite and Fungi","floor":31,"turns":3},{"damage":8,"enemies":"Champ","floor":33,"turns":9},{"damage":9,"enemies":"3 Shapes","floor":35,"turns":3},{"damage":0,"enemies":"Orb Walker","floor":36,"turns":3},{"damage":8,"enemies":"Maw","floor":37,"turns":6},{"damage":28,"enemies":"Jaw Worm Horde","floor":38,"turns":4},{"damage":0,"enemies":"Sphere and 2 Shapes","floor":45,"turns":3},{"damage":62,"enemies":"Giant Head","floor":46,"turns":10},{"damage":0,"enemies":"Maw","floor":47,"turns":7},{"damage":58,"enemies":"Donu and Deca","floor":50,"turns":8}],"seed_played":"-4825241405243087076","potions_obtained":[{"floor":5,"key":"FearPotion"},{"floor":10,"key":"Strength Potion"},{"floor":11,"key":"Poison Potion"},{"floor":18,"key":"FocusPotion"}],"is_trial":false,"path_per_floor":["M","M","M","$","M","R","$","R","T","E","M","M","R","M","R","B",null,"M","$","M","?","M","R","M","R","T","$","R","$","?","M","R","B",null,"M","M","M","M","$","R","$","R","T","R","M","E","M","?","R","B"],"character_chosen":"DEFECT","items_purchased":["Strawberry","All For One"],"campfire_rested":5,"item_purchase_floors":[19,29],"current_hp_per_floor":[75,75,75,75,75,75,75,75,75,66,61,38,60,60,60,28,75,75,82,82,82,61,61,61,61,61,61,61,61,61,46,70,62,82,73,73,65,37,37,61,61,61,61,82,82,20,20,20,44,0],"gold":34,"neow_bonus":"RANDOM_COMMON_RELIC","is_prod":false,"is_daily":false,"chose_seed":false,"campfire_upgraded":7,"win_rate":0,"timestamp":1552021260,"path_taken":["M","M","M","$","?","R","$","R","T","E","M","M","R","M","R","BOSS","M","$","M","?","M","R","?","R","T","$","R","?","?","M","R","BOSS","M","?","?","M","$","R","$","R","T","R","M","E","M","?","R","BOSS"],"build_version":"2019-01-23","purchased_purges":1,"victory":false,"max_hp_per_floor":[75,75,75,75,75,75,75,75,75,75,75,75,75,75,75,75,75,75,82,82,82,82,82,82,82,82,82,82,82,82,82,82,82,82,82,82,82,82,82,82,82,82,82,82,82,82,82,82,82,82],"card_choices":[{"not_picked":["Hologram","Go for the Eyes"],"picked":"Beam Cell","floor":1},{"not_picked":["Steam Power","Beam Cell"],"picked":"FTL","floor":2},{"not_picked":["Sweeping Beam","Hello World"],"picked":"Melter","floor":3},{"not_picked":["Chaos","Conserve Battery"],"picked":"Cold Snap","floor":5},{"not_picked":["Streamline","Barrage"],"picked":"Redo","floor":10},{"not_picked":["Heatsinks","Redo"],"picked":"Conserve Battery","floor":11},{"not_picked":["Go for the Eyes","Barrage"],"picked":"Buffer","floor":12},{"not_picked":["Rebound","Sweeping Beam"],"picked":"Coolheaded","floor":14},{"not_picked":["Fission","Reboot"],"picked":"Core Surge","floor":16},{"not_picked":["Reprogram","Hologram"],"picked":"Cold Snap+1","floor":18},{"not_picked":["Turbo","Conserve Battery"],"picked":"Auto Shields","floor":20},{"not_picked":["Turbo","Glacier","Cold Snap"],"picked":"SKIP","floor":22},{"not_picked":["Barrage","Stack"],"picked":"Sunder","floor":24},{"not_picked":["Self Repair","Steam Power"],"picked":"Leap+1","floor":31},{"not_picked":["Reboot","Core Surge"],"picked":"Machine Learning","floor":33},{"not_picked":["Go for the Eyes+1","Redo+1"],"picked":"Tempest+1","floor":35},{"not_picked":["Static Discharge+1","Cold Snap"],"picked":"Lockon+1","floor":36},{"not_picked":["Fusion","Steam+1"],"picked":"Coolheaded+1","floor":37},{"not_picked":["Steam Power+1","Skim"],"picked":"Conserve Battery+1","floor":38},{"not_picked":["Rip and Tear","Undo","Streamline"],"picked":"SKIP","floor":45},{"not_picked":["Turbo+1","Machine Learning"],"picked":"BootSequence","floor":46},{"not_picked":["Ball Lightning","Sweeping Beam"],"picked":"Gash+1","floor":47}],"player_experience":282792,"relics_obtained":[{"floor":9,"key":"Ice Cream"},{"floor":10,"key":"Turnip"},{"floor":26,"key":"Bag of Preparation"},{"floor":43,"key":"Smiling Mask"},{"floor":46,"key":"Happy Flower"}],"event_choices":[{"damage_healed":0,"gold_gain":0,"player_choice":"Ignored","damage_taken":0,"max_hp_gain":0,"max_hp_loss":0,"event_name":"NoteForYourself","floor":21,"gold_loss":0},{"damage_healed":0,"gold_gain":0,"cards_transformed":["Strike_B"],"player_choice":"Transformed","damage_taken":0,"max_hp_gain":0,"max_hp_loss":0,"event_name":"Transmorgrifier","floor":30,"gold_loss":0,"cards_obtained":["Rebound"]},{"damage_healed":0,"gold_gain":0,"player_choice":"Ignored","damage_taken":0,"max_hp_gain":0,"max_hp_loss":0,"event_name":"Mysterious Sphere","floor":48,"gold_loss":0}],"is_beta":false,"boss_relics":[{"not_picked":["Empty Cage","Nuclear Battery"],"picked":"Ectoplasm"},{"not_picked":["Runic Pyramid","Astrolabe"],"picked":"Sozu"}],"items_purged_floors":[19],"is_endless":false,"potions_floor_spawned":[5,10,11,12,14,18,24,36,46,47],"killed_by":"Donu and Deca","ascension_level":0}