{"gold_per_floor":[116,133,133,208,208,208,241,260,260,7,33,33,86,6,6,6],"floor_reached":16,"playtime":483,"items_purged":["Strike_G"],"score":181,"play_id":"1a74fc23-fae5-4fb9-ab86-faac9f302c72","local_time":"20190306212547","is_ascension_mode":true,"campfire_choices":[{"data":"Backstab","floor":6,"key":"SMITH"},{"floor":12,"key":"REST"},{"data":"Accuracy","floor":15,"key":"SMITH"}],"neow_cost":"NONE","seed_source_timestamp":112861643092800,"circlet_count":0,"master_deck":["AscendersBane","Defend_G","Defend_G","Defend_G","Defend_G","Defend_G","Strike_G","Strike_G","Strike_G","Strike_G","Survivor","Neutralize","Outmaneuver","Backstab+1","Infinite Blades","Quick Slash","Apotheosis","Accuracy+1"],"relics":["Ring of the Snake","NeowsBlessing","Golden Idol","Spirit Poop","Singing Bowl","Kunai","Odd Mushroom"],"potions_floor_usage":[11],"damage_taken":[{"damage":0,"enemies":"Jaw Worm","floor":1,"turns":1},{"damage":0,"enemies":"2 Louse","floor":2,"turns":1},{"damage":0,"enemies":"Lagavulin","floor":7,"turns":1},{"damage":0,"enemies":"Cultist","floor":8,"turns":3},{"damage":8,"enemies":"The Mushroom Lair","floor":11,"turns":5},{"damage":71,"enemies":"Hexaghost","floor":16,"turns":14}],"seed_played":"-2402034400510120357","potions_obtained":[{"floor":1,"key":"PowerPotion"}],"is_trial":false,"path_per_floor":["M","M","?","?","?","R","E","M","T","$","?","R","?","$","R","B"],"character_chosen":"THE_SILENT","items_purchased":["Apotheosis","Accuracy"],"campfire_rested":1,"item_purchase_floors":[10,14],"current_hp_per_floor":[63,63,63,52,52,52,52,52,52,52,46,67,67,67,67,0],"gold":6,"neow_bonus":"THREE_ENEMY_KILL","is_prod":false,"is_daily":false,"chose_seed":false,"campfire_upgraded":2,"win_rate":0,"timestamp":1551903947,"path_taken":["M","M","?","?","?","R","E","?","T","$","?","R","?","?","R","BOSS"],"build_version":"2019-01-23","purchased_purges":1,"victory":false,"max_hp_per_floor":[70,70,70,70,70,70,70,70,70,70,72,72,72,72,72,72],"card_choices":[{"not_picked":["Deflect","Prepared"],"picked":"Outmaneuver","floor":1},{"not_picked":["Acrobatics","Deadly Poison"],"picked":"Backstab","floor":2},{"not_picked":["Unload","Flechettes"],"picked":"Infinite Blades","floor":7},{"not_picked":["Tactician","Reflex"],"picked":"Quick Slash","floor":8},{"not_picked":["Backflip","All Out Attack","Bane"],"picked":"Singing Bowl","floor":11}],"player_experience":1452706,"relics_obtained":[{"floor":7,"key":"Singing Bowl"},{"floor":9,"key":"Kunai"},{"floor":11,"key":"Odd Mushroom"}],"event_choices":[{"damage_healed":0,"gold_gain":0,"player_choice":"Take Wound","damage_taken":0,"relics_obtained":["Golden Idol"],"max_hp_gain":0,"max_hp_loss":0,"event_name":"Golden Idol","floor":3,"gold_loss":0,"cards_obtained":["Injury"]},{"damage_healed":0,"gold_gain":75,"player_choice":"Gather Gold","damage_taken":11,"max_hp_gain":0,"max_hp_loss":0,"event_name":"World of Goop","floor":4,"gold_loss":0},{"cards_removed":["Injury"],"damage_healed":0,"gold_gain":0,"player_choice":"Offered Curse","damage_taken":0,"relics_obtained":["Spirit Poop"],"max_hp_gain":0,"max_hp_loss":0,"event_name":"Bonfire Elementals","floor":5,"gold_loss":0},{"damage_healed":0,"gold_gain":0,"player_choice":"Fought Mushrooms","damage_taken":0,"max_hp_gain":0,"max_hp_loss":0,"event_name":"Mushrooms","floor":11,"gold_loss":0},{"damage_healed":0,"gold_gain":53,"player_choice":"Gained Gold","damage_taken":0,"max_hp_gain":0,"max_hp_loss":0,"event_name":"Golden Wing","floor":13,"gold_loss":0}],"is_beta":false,"boss_relics":[],"items_purged_floors":[10],"is_endless":false,"potions_floor_spawned":[1],"killed_by":"Hexaghost","ascension_level":10}