{"gold_per_floor":[110,110,60,60,74,74,99,113,113,133,133,9,9,32,32,163,163,181,205,0,0,15,15,15,15],"floor_reached":25,"playtime":1131,"items_purged":["Injury"],"score":232,"play_id":"d41afc2d-a30d-444f-8c06-3aae89f566d4","local_time":"20181010184041","is_ascension_mode":true,"campfire_choices":[{"floor":11,"key":"REST"},{"data":"True Grit","floor":13,"key":"SMITH"},{"data":"Seeing Red","floor":15,"key":"SMITH"},{"floor":23,"key":"REST"}],"neow_cost":"","seed_source_timestamp":194886708830200,"circlet_count":0,"master_deck":["Strike_R","Strike_R","Strike_R","Strike_R+1","Defend_R","Defend_R","Defend_R","Defend_R","Bash","Thunderclap","Anger","Shrug It Off+1","True Grit+1","Flex","Seeing Red+1","Barricade","Body Slam","Sentinel"],"relics":["Burning Blood","Golden Idol","Blue Candle","Cursed Key"],"potions_floor_usage":[7,16,18,18],"damage_taken":[{"damage":2,"enemies":"2 Louse","floor":1,"turns":3},{"damage":6,"enemies":"Cultist","floor":5,"turns":4},{"damage":3,"enemies":"Jaw Worm","floor":7,"turns":3},{"damage":18,"enemies":"Exordium Thugs","floor":8,"turns":4},{"damage":8,"enemies":"2 Fungi Beasts","floor":10,"turns":4},{"damage":3,"enemies":"Exordium Wildlife","floor":14,"turns":4},{"damage":68,"enemies":"The Guardian","floor":16,"turns":12},{"damage":21,"enemies":"2 Thieves","floor":18,"turns":4},{"damage":10,"enemies":"Shell Parasite","floor":19,"turns":9},{"damage":31,"enemies":"Centurion and Healer","floor":22,"turns":8},{"damage":66,"enemies":"3 Cultists","floor":25,"turns":6}],"seed_played":"-1277074361397652267","potions_obtained":[{"floor":7,"key":"Fruit Juice"},{"floor":8,"key":"Swift Potion"},{"floor":16,"key":"Explosive Potion"},{"floor":22,"key":"SteroidPotion"}],"is_trial":false,"path_per_floor":["M","?","$","?","M","?","M","M","T","M","R","$","R","M","R","B",null,"M","M","?","$","M","R","?"],"character_chosen":"IRONCLAD","items_purchased":["Anger","Fire Potion"],"campfire_rested":2,"item_purchase_floors":[3,12],"current_hp_per_floor":[80,73,73,73,73,57,65,53,53,51,76,76,76,79,79,17,85,70,66,66,66,41,66,66,0],"gold":15,"neow_bonus":"","is_prod":false,"is_daily":false,"chose_seed":false,"campfire_upgraded":2,"win_rate":0,"timestamp":1539189641,"path_taken":["M","?","?","?","M","?","M","?","T","M","R","$","R","M","R","BOSS","M","M","?","?","M","R","?","M"],"build_version":"2018-10-04v2","purchased_purges":1,"victory":false,"max_hp_per_floor":[80,80,80,80,80,80,85,85,85,85,85,85,85,85,85,85,85,85,85,85,85,85,85,85,85],"card_choices":[{"not_picked":["Wild Strike","Warcry"],"picked":"Thunderclap","floor":1},{"not_picked":["Dual Wield","Heavy Blade"],"picked":"Shrug It Off","floor":5},{"not_picked":["Headbutt","Iron Wave"],"picked":"True Grit","floor":7},{"not_picked":["Sword Boomerang","Cleave"],"picked":"Flex","floor":8},{"not_picked":["Twin Strike","Fiend Fire","Wild Strike"],"picked":"SKIP","floor":10},{"not_picked":["Flex","True Grit"],"picked":"Seeing Red","floor":14},{"not_picked":["Immolate","Offering"],"picked":"Barricade","floor":16},{"not_picked":["Havoc","Rupture","True Grit"],"picked":"SKIP","floor":18},{"not_picked":["Rage","Dropkick"],"picked":"Body Slam","floor":19},{"not_picked":["Blood for Blood","Havoc"],"picked":"Sentinel","floor":22}],"player_experience":660267,"relics_obtained":[{"floor":9,"key":"Blue Candle"}],"event_choices":[{"event_name":"Golden Wing","player_choice":"Card Removal","floor":2,"damage_taken":0},{"event_name":"Golden Idol","player_choice":"Take Wound","floor":4,"damage_taken":0},{"event_name":"Shining Light","player_choice":"Entered Light","floor":6,"damage_taken":0},{"event_name":"Masked Bandits","player_choice":"Paid Fearfully","floor":20,"damage_taken":0},{"event_name":"Ghosts","player_choice":"Ignored","floor":24,"damage_taken":0}],"is_beta":false,"boss_relics":[{"not_picked":["Coffee Dripper","Black Star"],"picked":"Cursed Key"}],"items_purged_floors":[12],"is_endless":false,"potions_floor_spawned":[7,8,16,22],"killed_by":"3 Cultists","ascension_level":4}