{"gold_per_floor":[110,28,28,39,39,64,64,64,64,64,81,107,126,144,144,144],"floor_reached":16,"playtime":465,"items_purged":[],"score":187,"play_id":"5f59075e-c955-4473-a86e-dd5a437134e6","local_time":"20190506194730","is_ascension_mode":true,"campfire_choices":[{"floor":7,"key":"REST"},{"data":"Demon Form","floor":10,"key":"SMITH"},{"data":"Dual Wield","floor":15,"key":"SMITH"}],"neow_cost":"TEN_PERCENT_HP_LOSS","seed_source_timestamp":108558196417000,"circlet_count":0,"master_deck":["AscendersBane","Strike_R","Strike_R","Strike_R","Strike_R","Strike_R","Defend_R","Defend_R+1","Defend_R","Defend_R","Bash","Demon Form+1","Heavy Blade","Discovery+1","Cleave","Heavy Blade","Regret","Rampage","Heavy Blade","Dual Wield+1","Battle Trance"],"relics":["Burning Blood","Mummified Hand","Regal Pillow","Meat on the Bone","War Paint","Magic Flower"],"potions_floor_usage":[16,16],"damage_taken":[{"damage":6,"enemies":"Cultist","floor":1,"turns":4},{"damage":18,"enemies":"Small Slimes","floor":4,"turns":5},{"damage":32,"enemies":"Gremlin Nob","floor":6,"turns":4},{"damage":7,"enemies":"Jaw Worm","floor":11,"turns":3},{"damage":27,"enemies":"Lagavulin","floor":12,"turns":6},{"damage":20,"enemies":"Red Slaver","floor":13,"turns":4},{"damage":0,"enemies":"Lots of Slimes","floor":14,"turns":1},{"damage":63,"enemies":"The Guardian","floor":16,"turns":6}],"seed_played":"-4792701043346234059","potions_obtained":[{"floor":6,"key":"Swift Potion"},{"floor":13,"key":"SneckoOil"}],"is_trial":false,"path_per_floor":["M","$","$","M","T","E","R","?","T","R","M","E","M","M","R","B"],"character_chosen":"IRONCLAD","items_purchased":["Discovery"],"campfire_rested":1,"item_purchase_floors":[2],"current_hp_per_floor":[68,68,68,56,56,30,65,65,65,65,64,43,50,59,59,0],"gold":144,"neow_bonus":"THREE_RARE_CARDS","is_prod":false,"is_daily":false,"chose_seed":false,"campfire_upgraded":2,"win_rate":0,"timestamp":1557164850,"path_taken":["M","?","$","M","?","E","R","?","T","R","M","E","M","M","R","BOSS"],"build_version":"2019-01-23","purchased_purges":0,"victory":false,"max_hp_per_floor":[68,68,68,68,68,68,68,68,68,68,68,68,68,68,68,68],"card_choices":[{"not_picked":["Impervious","Fiend Fire"],"picked":"Demon Form","floor":0},{"not_picked":["Feel No Pain","Warcry"],"picked":"Heavy Blade","floor":1},{"not_picked":["Feel No Pain","Perfected Strike"],"picked":"Cleave","floor":4},{"not_picked":["Burning Pact","True Grit"],"picked":"Heavy Blade","floor":6},{"not_picked":["Thunderclap","Anger"],"picked":"Rampage","floor":11},{"not_picked":["Disarm","Clothesline"],"picked":"Heavy Blade","floor":12},{"not_picked":["Headbutt","True Grit"],"picked":"Dual Wield","floor":13},{"not_picked":["Iron Wave","Warcry"],"picked":"Battle Trance","floor":14}],"player_experience":1825981,"relics_obtained":[{"floor":5,"key":"Mummified Hand"},{"floor":6,"key":"Regal Pillow"},{"floor":9,"key":"War Paint"},{"floor":12,"key":"Magic Flower"}],"event_choices":[{"damage_healed":0,"gold_gain":0,"player_choice":"Box","damage_taken":0,"relics_obtained":["Meat on the Bone"],"max_hp_gain":0,"max_hp_loss":0,"event_name":"Big Fish","floor":8,"gold_loss":0,"cards_obtained":["Regret"]}],"is_beta":false,"boss_relics":[],"items_purged_floors":[],"is_endless":false,"potions_floor_spawned":[6,13,14],"killed_by":"The Guardian","ascension_level":14}