{"gold_per_floor":[110,110,121,21,41,72,72,104,180,29,29,29,29,43,43,148,148,166,11,22,22,38,38,54,86,86,86,117,117,117,132,132,237,287,305,323,144,489,502,529,529,559,634,644,644,658,658,674,674,674],"floor_reached":50,"playtime":3477,"items_purged":["Pain","Shame"],"score":793,"play_id":"2529e869-fe75-4a54-b2bf-779f6ad0ee9a","local_time":"20190505010553","is_ascension_mode":true,"campfire_choices":[{"data":"Sucker Punch","floor":7,"key":"SMITH"},{"data":"Blade Dance","floor":11,"key":"SMITH"},{"data":"Dagger Spray","floor":15,"key":"SMITH"},{"data":"Envenom","floor":23,"key":"SMITH"},{"data":"Backflip","floor":30,"key":"SMITH"},{"data":"Bane","floor":32,"key":"SMITH"},{"data":"Blade Dance","floor":41,"key":"SMITH"},{"data":"Cloak And Dagger","floor":45,"key":"SMITH"},{"data":"Infinite Blades","floor":49,"key":"SMITH"}],"neow_cost":"CURSE","seed_source_timestamp":55020559402700,"circlet_count":0,"master_deck":["Defend_G","Defend_G","Defend_G","Defend_G","Defend_G","Survivor","Neutralize","Blade Dance+1","Noxious Fumes+1","Dodge and Roll+1","Backflip+1","Sucker Punch+1","Dagger Spray+1","Envenom+1","Quick Slash","Dash","Escape Plan","Bane+1","PiercingWail","Bite","Bite","Bite+1","Bite","Bite","Dodge and Roll+1","Cloak And Dagger+1","Infinite Blades+1","Blade Dance+1","Leg Sweep+1","Backflip+1","Crippling Poison+1","Master of Strategy"],"relics":["Ring of the Snake","Dead Branch","WarpedTongs","Mango","Juzu Bracelet","Shuriken","Orichalcum","Busted Crown","Vajra","Meat on the Bone","Ornamental Fan","Art of War","Tiny House","Old Coin","Gremlin Horn","Du-Vu Doll","Bottled Lightning"],"potions_floor_usage":[38,50,50],"damage_taken":[{"damage":2,"enemies":"Jaw Worm","floor":1,"turns":6},{"damage":6,"enemies":"Cultist","floor":3,"turns":4},{"damage":0,"enemies":"2 Louse","floor":5,"turns":3},{"damage":14,"enemies":"3 Sentries","floor":6,"turns":6},{"damage":14,"enemies":"Lagavulin","floor":8,"turns":7},{"damage":0,"enemies":"Looter","floor":14,"turns":3},{"damage":22,"enemies":"The Guardian","floor":16,"turns":9},{"damage":0,"enemies":"3 Byrds","floor":18,"turns":5},{"damage":1,"enemies":"Shell Parasite","floor":20,"turns":6},{"damage":17,"enemies":"3 Cultists","floor":22,"turns":6},{"damage":0,"enemies":"Centurion and Healer","floor":24,"turns":5},{"damage":18,"enemies":"Gremlin Leader","floor":25,"turns":6},{"damage":12,"enemies":"Book of Stabbing","floor":28,"turns":5},{"damage":2,"enemies":"Snecko","floor":31,"turns":4},{"damage":35,"enemies":"Collector","floor":33,"turns":8},{"damage":0,"enemies":"3 Shapes","floor":35,"turns":5},{"damage":14,"enemies":"3 Darklings","floor":36,"turns":5},{"damage":48,"enemies":"2 Orb Walkers","floor":38,"turns":5},{"damage":4,"enemies":"4 Shapes","floor":39,"turns":6},{"damage":25,"enemies":"Reptomancer","floor":40,"turns":7},{"damage":13,"enemies":"Nemesis","floor":42,"turns":7},{"damage":0,"enemies":"Maw","floor":44,"turns":7},{"damage":3,"enemies":"3 Darklings","floor":46,"turns":4},{"damage":0,"enemies":"4 Shapes","floor":48,"turns":4},{"damage":79,"enemies":"Time Eater","floor":50,"turns":16}],"seed_played":"648359355178787576","potions_obtained":[{"floor":3,"key":"EssenceOfSteel"},{"floor":8,"key":"SpeedPotion"},{"floor":14,"key":"FearPotion"},{"floor":16,"key":"Poison Potion"},{"floor":38,"key":"Weak Potion"}],"is_trial":false,"path_per_floor":["M","?","M","$","M","E","R","E","T","$","R","?","?","M","R","B",null,"M","$","M","$","M","R","M","E","T","?","E","?","R","M","R","B",null,"M","M","$","?","M","E","R","E","T","M","R","M","?","M","R","B"],"character_chosen":"THE_SILENT","items_purchased":["Dodge and Roll","Orichalcum","Vajra","Infinite Blades"],"campfire_rested":0,"item_purchase_floors":[4,10,19,37],"current_hp_per_floor":[61,61,55,55,55,55,55,41,41,41,41,41,41,41,41,19,68,68,68,67,67,50,50,50,32,32,60,48,48,48,54,54,31,56,61,56,56,27,43,43,43,39,39,48,48,45,45,52,52,0],"gold":674,"neow_bonus":"ONE_RARE_RELIC","is_prod":false,"is_daily":false,"chose_seed":false,"campfire_upgraded":9,"win_rate":0,"timestamp":1557043553,"path_taken":["M","?","M","$","?","E","R","E","T","$","R","?","?","M","R","BOSS","M","$","M","?","M","R","M","E","T","?","E","?","R","M","R","BOSS","M","M","$","?","M","E","R","E","T","M","R","M","?","M","R","BOSS"],"build_version":"2019-01-23","purchased_purges":2,"victory":false,"max_hp_per_floor":[70,70,70,70,70,84,84,84,84,84,84,84,84,84,84,84,84,84,84,84,84,84,84,84,84,84,84,84,58,58,58,58,58,63,63,63,63,63,63,63,63,63,63,63,63,63,63,63,63,63],"card_choices":[{"not_picked":["Prepared","Dodge and Roll"],"picked":"Blade Dance","floor":1},{"not_picked":["Sucker Punch","Prepared"],"picked":"Noxious Fumes","floor":3},{"not_picked":["Outmaneuver","Quick Slash"],"picked":"Backflip","floor":5},{"not_picked":["Concentrate","Escape Plan"],"picked":"Sucker Punch","floor":6},{"not_picked":["Sucker Punch","Underhanded Strike","Venomology"],"picked":"SKIP","floor":8},{"not_picked":["Underhanded Strike","Bane"],"picked":"Dagger Spray","floor":14},{"not_picked":["Phantasmal Killer","Wraith Form v2"],"picked":"Envenom","floor":16},{"not_picked":[],"picked":"Quick Slash","floor":18},{"not_picked":[],"picked":"Dash","floor":20},{"not_picked":["Bane"],"picked":"SKIP","floor":22},{"not_picked":[],"picked":"Escape Plan","floor":24},{"not_picked":[],"picked":"Bane","floor":25},{"not_picked":[],"picked":"PiercingWail","floor":28},{"not_picked":[],"picked":"Dodge and Roll+1","floor":31},{"not_picked":[],"picked":"Cloak And Dagger","floor":34},{"not_picked":["Reflex"],"picked":"SKIP","floor":35},{"not_picked":["Eviscerate+1"],"picked":"SKIP","floor":36},{"not_picked":[],"picked":"Blade Dance","floor":38},{"not_picked":["Reflex"],"picked":"SKIP","floor":39},{"not_picked":[],"picked":"Leg Sweep+1","floor":40},{"not_picked":[],"picked":"Backflip+1","floor":42},{"not_picked":[],"picked":"Crippling Poison+1","floor":44},{"not_picked":["Terror"],"picked":"SKIP","floor":46},{"not_picked":[],"picked":"Master of Strategy","floor":47},{"not_picked":["Skewer+1"],"picked":"SKIP","floor":48}],"player_experience":431710,"relics_obtained":[{"floor":6,"key":"Mango"},{"floor":8,"key":"Juzu Bracelet"},{"floor":9,"key":"Shuriken"},{"floor":25,"key":"Meat on the Bone"},{"floor":26,"key":"Ornamental Fan"},{"floor":28,"key":"Art of War"},{"floor":38,"key":"Old Coin"},{"floor":40,"key":"Gremlin Horn"},{"floor":42,"key":"Du-Vu Doll"},{"floor":43,"key":"Bottled Lightning"}],"event_choices":[{"damage_healed":0,"gold_gain":0,"player_choice":"Rummage","damage_taken":0,"relics_obtained":["WarpedTongs"],"max_hp_gain":0,"max_hp_loss":0,"event_name":"Accursed Blacksmith","floor":2,"gold_loss":0,"cards_obtained":["Pain"]},{"damage_healed":0,"gold_gain":0,"player_choice":"Grow","damage_taken":0,"max_hp_gain":0,"max_hp_loss":0,"event_name":"Living Wall","floor":12,"gold_loss":0,"cards_upgraded":["Noxious Fumes"]},{"damage_healed":0,"gold_gain":0,"player_choice":"Upgraded","damage_taken":0,"max_hp_gain":0,"max_hp_loss":0,"event_name":"Upgrade Shrine","floor":13,"gold_loss":0,"cards_upgraded":["Dodge and Roll"]},{"damage_healed":28,"gold_gain":0,"player_choice":"Heal","damage_taken":0,"max_hp_gain":0,"max_hp_loss":0,"event_name":"The Library","floor":27,"gold_loss":0},{"damage_healed":0,"gold_gain":0,"player_choice":"Became a vampire","damage_taken":0,"max_hp_gain":0,"max_hp_loss":26,"event_name":"Vampires","floor":29,"gold_loss":0,"cards_obtained":["Bite","Bite","Bite","Bite","Bite"]},{"damage_healed":0,"gold_gain":0,"player_choice":"Fight","damage_taken":0,"max_hp_gain":0,"max_hp_loss":0,"event_name":"Mysterious Sphere","floor":38,"gold_loss":0},{"damage_healed":0,"gold_gain":0,"player_choice":"Memory 1","damage_taken":0,"max_hp_gain":0,"max_hp_loss":0,"event_name":"SensoryStone","floor":47,"gold_loss":0}],"is_beta":false,"boss_relics":[{"not_picked":["Velvet Choker","Runic Dome"],"picked":"Busted Crown"},{"not_picked":["Snecko Eye","HoveringKite"],"picked":"Tiny House"}],"items_purged_floors":[4,37],"is_endless":false,"potions_floor_spawned":[3,8,14,16,18,24,28,38,40,46,48],"killed_by":"Time Eater","ascension_level":7}