{"gold_per_floor":[114,114,133,95,95,95,130,145,168,196,196,242,262,287,287,388,388,407,407,289,304,65,65,90,90,116,148,167,185,185,185,185,185],"floor_reached":33,"playtime":2316,"items_purged":[],"score":452,"play_id":"893f0426-3bd0-424c-8c6e-1250a01d16d2","local_time":"20190311205631","is_ascension_mode":true,"campfire_choices":[{"data":"Blind","floor":6,"key":"SMITH"},{"floor":11,"key":"REST"},{"floor":15,"key":"REST"},{"floor":23,"key":"REST"},{"floor":25,"key":"REST"},{"floor":30,"key":"REST"},{"data":"Bane","floor":32,"key":"SMITH"}],"neow_cost":"NONE","seed_source_timestamp":177187521488700,"circlet_count":0,"master_deck":["AscendersBane","Defend_G","Defend_G","Defend_G","Defend_G","Defend_G","Strike_G","Strike_G","Strike_G","Strike_G","Survivor","Neutralize","Crippling Poison","Terror","Backstab","Blind+1","Well Laid Plans","Riddle With Holes","PiercingWail","Quick Slash","Malaise","Corpse Explosion","Dagger Throw","Predator","Caltrops","Flash of Steel","Distraction","Noxious Fumes+1","Bane+1","Slice"],"relics":["Eternal Feather","PreservedInsect","Bag of Preparation","Sundial","Pen Nib","Calipers","Lizard Tail","Kunai","Pantograph","Bag of Marbles","Oddly Smooth Stone","Happy Flower"],"potions_floor_usage":[10,10,18,21,29],"damage_taken":[{"damage":1,"enemies":"Small Slimes","floor":1,"turns":4},{"damage":1,"enemies":"2 Louse","floor":3,"turns":2},{"damage":32,"enemies":"Lagavulin","floor":7,"turns":9},{"damage":5,"enemies":"Cultist","floor":8,"turns":5},{"damage":10,"enemies":"Gremlin Nob","floor":10,"turns":4},{"damage":11,"enemies":"Exordium Thugs","floor":13,"turns":6},{"damage":13,"enemies":"3 Sentries","floor":14,"turns":7},{"damage":25,"enemies":"The Guardian","floor":16,"turns":14},{"damage":11,"enemies":"2 Thieves","floor":18,"turns":3},{"damage":19,"enemies":"Spheric Guardian","floor":21,"turns":4},{"damage":82,"enemies":"Gremlin Leader","floor":24,"turns":4},{"damage":29,"enemies":"Slavers","floor":27,"turns":5},{"damage":13,"enemies":"Snake Plant","floor":28,"turns":3},{"damage":11,"enemies":"Snecko","floor":29,"turns":5},{"damage":71,"enemies":"Champ","floor":33,"turns":16}],"seed_played":"-3447814714483539807","potions_obtained":[{"floor":1,"key":"Weak Potion"},{"floor":7,"key":"Block Potion"},{"floor":8,"key":"Poison Potion"},{"floor":18,"key":"Block Potion"},{"floor":24,"key":"EssenceOfSteel"}],"is_trial":false,"path_per_floor":["M","?","M","$","?","R","E","M","T","E","R","T","M","E","R","B",null,"M","?","$","M","$","R","E","R","T","E","M","M","R","?","R","B"],"character_chosen":"THE_SILENT","items_purchased":["Backstab","Caltrops","Flash of Steel","Kunai"],"campfire_rested":5,"item_purchase_floors":[4,20,20,22],"current_hp_per_floor":[62,55,54,54,54,63,31,26,26,16,46,46,35,22,55,30,60,49,49,49,30,30,66,25,61,61,32,19,8,47,47,65,0],"gold":185,"neow_bonus":"BOSS_RELIC","is_prod":false,"is_daily":false,"chose_seed":false,"campfire_upgraded":2,"win_rate":0,"timestamp":1552334191,"path_taken":["M","?","M","$","?","R","E","?","T","E","R","?","M","E","R","BOSS","M","?","$","M","?","R","E","R","T","E","M","?","R","?","R","BOSS"],"build_version":"2019-01-23","purchased_purges":0,"victory":false,"max_hp_per_floor":[70,70,70,70,70,70,70,70,70,70,70,70,70,70,70,70,70,70,70,70,70,70,70,70,70,70,70,70,70,70,70,70,70],"card_choices":[{"not_picked":["All Out Attack","Slice"],"picked":"Crippling Poison","floor":1},{"not_picked":["Accuracy","Skewer"],"picked":"Terror","floor":3},{"not_picked":["Reflex","Skewer"],"picked":"Well Laid Plans","floor":7},{"not_picked":["Blade Dance","Infinite Blades"],"picked":"Riddle With Holes","floor":8},{"not_picked":["Flechettes","Slice"],"picked":"PiercingWail","floor":10},{"not_picked":["Reflex","Skewer"],"picked":"Quick Slash","floor":13},{"not_picked":["Deflect","Poisoned Stab"],"picked":"Malaise","floor":14},{"not_picked":["Wraith Form v2","Envenom"],"picked":"Corpse Explosion","floor":16},{"not_picked":["Reflex","Backflip"],"picked":"Dagger Throw","floor":18},{"not_picked":["Poisoned Stab","Dagger Throw"],"picked":"Distraction","floor":21},{"not_picked":["Distraction","Underhanded Strike"],"picked":"Noxious Fumes+1","floor":24},{"not_picked":["Dodge and Roll","Heel Hook"],"picked":"Bane","floor":27},{"not_picked":["Expertise","Dagger Spray"],"picked":"Slice","floor":28},{"not_picked":["Glass Knife","Poisoned Stab","Blade Dance"],"picked":"SKIP","floor":29}],"player_experience":1492183,"relics_obtained":[{"floor":7,"key":"PreservedInsect"},{"floor":9,"key":"Bag of Preparation"},{"floor":10,"key":"Sundial"},{"floor":12,"key":"Pen Nib"},{"floor":14,"key":"Calipers"},{"floor":24,"key":"Pantograph"},{"floor":26,"key":"Bag of Marbles"},{"floor":27,"key":"Oddly Smooth Stone"}],"event_choices":[{"cards_removed":["Strike_G"],"damage_healed":0,"gold_gain":0,"player_choice":"Card Removal","damage_taken":7,"max_hp_gain":0,"max_hp_loss":0,"event_name":"Golden Wing","floor":2,"gold_loss":0},{"damage_healed":0,"gold_gain":0,"player_choice":"1 cards matched","damage_taken":0,"max_hp_gain":0,"max_hp_loss":0,"event_name":"Match and Keep!","floor":5,"gold_loss":0,"cards_obtained":["Blind"]},{"damage_healed":0,"gold_gain":0,"player_choice":"Read","damage_taken":0,"max_hp_gain":0,"max_hp_loss":0,"event_name":"The Library","floor":19,"gold_loss":0,"cards_obtained":["Predator"]},{"damage_healed":0,"gold_gain":0,"player_choice":"Opened","damage_taken":0,"relics_obtained":["Happy Flower"],"max_hp_gain":0,"max_hp_loss":0,"event_name":"The Mausoleum","floor":31,"gold_loss":0}],"is_beta":false,"boss_relics":[{"not_picked":["Ectoplasm","Sozu"],"picked":"Lizard Tail"}],"items_purged_floors":[],"is_endless":false,"potions_floor_spawned":[1,7,8,18,24],"killed_by":"Champ","ascension_level":10}