{"gold_per_floor":[111,111,76,90,90,90,17,17,17,17,52,52,70,70,70,174,174,191,291,307,307,123,123,123],"floor_reached":24,"playtime":1359,"items_purged":["Strike_G"],"score":228,"play_id":"e8ab0bc3-60a5-44da-9b3e-3423c249168e","local_time":"20190202212253","is_ascension_mode":true,"campfire_choices":[{"data":"Backflip","floor":6,"key":"SMITH"},{"data":"Noxious Fumes","floor":8,"key":"SMITH"},{"data":"Defend_G","floor":10,"key":"SMITH"},{"floor":12,"key":"REST"},{"data":"Dagger Spray","floor":15,"key":"SMITH"},{"floor":23,"key":"REST"}],"neow_cost":"NONE","seed_source_timestamp":1040792334821975,"circlet_count":0,"master_deck":["Defend_G+1","Defend_G","Defend_G","Defend_G","Defend_G","Strike_G","Strike_G","Strike_G","Strike_G","Survivor","Neutralize+1","Backflip+1","Concentrate","Noxious Fumes+1","Crippling Poison","Dagger Spray+1","Burst","Sucker Punch+1","Outmaneuver","Blur","Accuracy"],"relics":["Ring of the Serpent","FossilizedHelix","Pen Nib","Ornamental Fan","Girya","Matryoshka"],"potions_floor_usage":[19,19,20],"damage_taken":[{"damage":3,"enemies":"Small Slimes","floor":1,"turns":5},{"damage":0,"enemies":"2 Louse","floor":4,"turns":3},{"damage":29,"enemies":"Gremlin Nob","floor":11,"turns":5},{"damage":0,"enemies":"Jaw Worm","floor":13,"turns":5},{"damage":22,"enemies":"Slime Boss","floor":16,"turns":11},{"damage":11,"enemies":"Chosen","floor":18,"turns":6},{"damage":15,"enemies":"Colosseum Slavers","floor":19,"turns":3},{"damage":40,"enemies":"Colosseum Nobs","floor":19,"turns":6},{"damage":10,"enemies":"2 Thieves","floor":20,"turns":5},{"damage":33,"enemies":"Gremlin Leader","floor":24,"turns":6}],"seed_played":"2723378888310148643","potions_obtained":[{"floor":11,"key":"Strength Potion"},{"floor":13,"key":"EssenceOfSteel"},{"floor":16,"key":"Weak Potion"}],"is_trial":false,"path_per_floor":["M","?","?","M","?","R","$","R","T","R","E","R","M","$","R","B",null,"M","?","M","?","$","R","E"],"character_chosen":"THE_SILENT","items_purchased":["Noxious Fumes","Blur","Accuracy"],"campfire_rested":2,"item_purchase_floors":[7,22,22],"current_hp_per_floor":[74,49,68,68,68,68,68,68,68,68,39,62,62,62,62,40,77,66,11,1,1,1,24,0],"gold":123,"neow_bonus":"TEN_PERCENT_HP_BONUS","is_prod":false,"is_daily":false,"chose_seed":false,"campfire_upgraded":4,"win_rate":0,"timestamp":1549171373,"path_taken":["M","?","?","M","?","R","$","R","T","R","E","R","M","$","R","BOSS","M","?","M","?","$","R","E"],"build_version":"2019-01-23","purchased_purges":1,"victory":false,"max_hp_per_floor":[77,77,77,77,77,77,77,77,77,77,77,77,77,77,77,77,77,77,77,77,77,77,77,77],"card_choices":[{"not_picked":["Bane","Acrobatics"],"picked":"Backflip","floor":1},{"not_picked":["Underhanded Strike","Dodge and Roll"],"picked":"Concentrate","floor":4},{"not_picked":["Quick Slash","Leg Sweep"],"picked":"Crippling Poison","floor":11},{"not_picked":["Reflex","Quick Slash"],"picked":"Dagger Spray","floor":13},{"not_picked":["Wraith Form v2","Envenom"],"picked":"Burst","floor":16},{"not_picked":["Caltrops","Prepared"],"picked":"Sucker Punch","floor":18},{"not_picked":["Deadly Poison","Underhanded Strike"],"picked":"Outmaneuver","floor":19},{"not_picked":["Eviscerate+1","Bane","Reflex"],"picked":"SKIP","floor":20}],"player_experience":244231,"relics_obtained":[{"floor":9,"key":"Pen Nib"},{"floor":11,"key":"Ornamental Fan"},{"floor":19,"key":"Girya"},{"floor":19,"key":"Matryoshka"}],"event_choices":[{"damage_healed":0,"gold_gain":0,"player_choice":"Success","damage_taken":25,"relics_obtained":["FossilizedHelix"],"max_hp_gain":0,"max_hp_loss":0,"event_name":"Scrap Ooze","floor":2,"gold_loss":0},{"damage_healed":19,"gold_gain":0,"player_choice":"Healed","damage_taken":0,"max_hp_gain":0,"max_hp_loss":0,"event_name":"The Cleric","floor":3,"gold_loss":35},{"damage_healed":0,"gold_gain":0,"player_choice":"Grow","damage_taken":0,"max_hp_gain":0,"max_hp_loss":0,"event_name":"Living Wall","floor":5,"gold_loss":0,"cards_upgraded":["Neutralize"]},{"damage_healed":0,"gold_gain":0,"player_choice":"Fight","damage_taken":0,"max_hp_gain":0,"max_hp_loss":0,"event_name":"Colosseum","floor":19,"gold_loss":0},{"damage_healed":0,"gold_gain":0,"player_choice":"Fought Nobs","damage_taken":0,"max_hp_gain":0,"max_hp_loss":0,"event_name":"Colosseum","floor":19,"gold_loss":0},{"damage_healed":0,"gold_gain":0,"player_choice":"Forge","damage_taken":0,"max_hp_gain":0,"max_hp_loss":0,"event_name":"Accursed Blacksmith","floor":21,"gold_loss":0,"cards_upgraded":["Sucker Punch"]}],"is_beta":false,"boss_relics":[{"not_picked":["Empty Cage","Snecko Eye"],"picked":"Ring of the Serpent"}],"items_purged_floors":[22],"is_endless":false,"potions_floor_spawned":[11,13,16,19],"killed_by":"Gremlin Leader","ascension_level":4}