{"gold_per_floor":[209,159,159,172,97,107,107,124,178,192,13,13,26,37,37,139,139,157,157,32,32,32,32,42,42,68,81,81,81,98,116,116,116],"floor_reached":33,"playtime":2911,"items_purged":["Defend_G","Strike_G","Defend_G"],"score":263,"play_id":"aa3d6483-518c-4087-8736-987f43e48b04","local_time":"20190503210532","is_ascension_mode":true,"campfire_choices":[{"data":"Neutralize","floor":7,"key":"SMITH"},{"data":"Footwork","floor":12,"key":"SMITH"},{"data":"Poisoned Stab","floor":15,"key":"SMITH"},{"data":"A Thousand Cuts","floor":23,"key":"SMITH"},{"data":"Cloak And Dagger","floor":25,"key":"SMITH"},{"floor":28,"key":"REST"},{"floor":32,"key":"REST"}],"neow_cost":"NONE","seed_source_timestamp":1302277047350851,"circlet_count":0,"master_deck":["Defend_G+1","Defend_G+1","Strike_G+1","Strike_G+1","Strike_G+1","Survivor","Neutralize+1","PiercingWail","Footwork+1","Poisoned Stab+1","PiercingWail","Malaise","Leg Sweep","A Thousand Cuts+1","Cloak And Dagger+1","Quick Slash","Backflip","Infinite Blades","Prepared+1"],"relics":["Ring of the Snake","Orrery","MutagenicStrength","Anchor"],"potions_floor_usage":[16,27],"damage_taken":[{"damage":0,"enemies":"Small Slimes","floor":1,"turns":4},{"damage":4,"enemies":"2 Louse","floor":4,"turns":5},{"damage":1,"enemies":"Cultist","floor":6,"turns":4},{"damage":3,"enemies":"Exordium Wildlife","floor":8,"turns":7},{"damage":3,"enemies":"Blue Slaver","floor":10,"turns":7},{"damage":0,"enemies":"Large Slime","floor":13,"turns":9},{"damage":0,"enemies":"2 Fungi Beasts","floor":14,"turns":4},{"damage":22,"enemies":"Slime Boss","floor":16,"turns":17},{"damage":8,"enemies":"Spheric Guardian","floor":18,"turns":12},{"damage":11,"enemies":"Shell Parasite","floor":24,"turns":8},{"damage":34,"enemies":"3 Cultists","floor":27,"turns":10},{"damage":7,"enemies":"Snake Plant","floor":30,"turns":5},{"damage":25,"enemies":"Sentry and Sphere","floor":31,"turns":8},{"damage":60,"enemies":"Automaton","floor":33,"turns":12}],"seed_played":"6001541548620495512","potions_obtained":[{"floor":1,"key":"FairyPotion"},{"floor":8,"key":"Strength Potion"},{"floor":14,"key":"Explosive Potion"},{"floor":24,"key":"Weak Potion"},{"floor":31,"key":"Poison Potion"}],"is_trial":false,"path_per_floor":["M","?","?","M","$","M","R","M","T","M","$","R","M","M","R","B",null,"M","?","$","?","?","R","M","R","T","M","R","?","M","M","R","B"],"character_chosen":"THE_SILENT","items_purchased":["Footwork"],"campfire_rested":2,"item_purchase_floors":[11],"current_hp_per_floor":[70,70,70,66,66,65,65,62,62,59,59,59,59,59,59,37,70,62,62,62,62,62,62,51,51,51,17,38,38,31,6,27,0],"gold":116,"neow_bonus":"HUNDRED_GOLD","is_prod":false,"is_daily":false,"chose_seed":false,"campfire_upgraded":5,"win_rate":0,"timestamp":1556935532,"path_taken":["M","?","?","M","$","?","R","M","T","M","$","R","M","M","R","BOSS","M","?","$","?","?","R","M","R","T","M","R","?","M","M","R","BOSS"],"build_version":"2019-01-23","purchased_purges":3,"victory":false,"max_hp_per_floor":[70,70,70,70,70,70,70,70,70,70,70,70,70,70,70,70,70,70,70,70,70,70,70,70,70,70,70,70,70,70,70,70,70],"card_choices":[{"not_picked":["Finisher","Deflect","Outmaneuver"],"picked":"SKIP","floor":1},{"not_picked":["Distraction","Outmaneuver","Catalyst"],"picked":"SKIP","floor":4},{"not_picked":["Backflip","Expertise"],"picked":"PiercingWail","floor":6},{"not_picked":["All Out Attack","Finisher","Slice"],"picked":"SKIP","floor":8},{"not_picked":["Underhanded Strike","Bane","Outmaneuver"],"picked":"SKIP","floor":10},{"not_picked":["Dodge and Roll","Underhanded Strike"],"picked":"Poisoned Stab","floor":13},{"not_picked":["Prepared","Concentrate"],"picked":"PiercingWail","floor":14},{"not_picked":["Corpse Explosion","Grand Finale"],"picked":"Malaise","floor":16},{"not_picked":["Deflect","Cloak And Dagger"],"picked":"Leg Sweep","floor":17},{"not_picked":["Slice","Infinite Blades"],"picked":"A Thousand Cuts","floor":17},{"not_picked":["Acrobatics","Bane"],"picked":"Cloak And Dagger","floor":17},{"not_picked":["Concentrate","Deflect"],"picked":"Quick Slash","floor":18},{"not_picked":["Expertise","Flying Knee+1","Bane"],"picked":"SKIP","floor":24},{"not_picked":["PiercingWail","Outmaneuver","Acrobatics"],"picked":"SKIP","floor":27},{"not_picked":["Dagger Throw","Distraction"],"picked":"Infinite Blades","floor":30},{"not_picked":["Outmaneuver","Backflip"],"picked":"Prepared+1","floor":31}],"player_experience":220966,"relics_obtained":[{"floor":26,"key":"Anchor"}],"event_choices":[{"cards_removed":["Defend_G"],"damage_healed":0,"gold_gain":0,"player_choice":"Card Removal","damage_taken":0,"max_hp_gain":0,"max_hp_loss":0,"event_name":"The Cleric","floor":2,"gold_loss":50},{"cards_removed":["Strike_G"],"damage_healed":0,"gold_gain":0,"player_choice":"Purged","damage_taken":0,"max_hp_gain":0,"max_hp_loss":0,"event_name":"Purifier","floor":3,"gold_loss":0},{"damage_healed":0,"gold_gain":0,"player_choice":"Read","damage_taken":0,"max_hp_gain":0,"max_hp_loss":0,"event_name":"The Library","floor":19,"gold_loss":0,"cards_obtained":["Backflip"]},{"damage_healed":0,"gold_gain":0,"player_choice":"Ignored","damage_taken":0,"max_hp_gain":0,"max_hp_loss":0,"event_name":"Beggar","floor":21,"gold_loss":0},{"damage_healed":0,"gold_gain":0,"player_choice":"Inject Mutagens","damage_taken":0,"relics_obtained":["MutagenicStrength"],"max_hp_gain":0,"max_hp_loss":0,"event_name":"Drug Dealer","floor":22,"gold_loss":0},{"damage_healed":0,"gold_gain":0,"player_choice":"Simplicity","damage_taken":0,"max_hp_gain":0,"max_hp_loss":0,"event_name":"Back to Basics","floor":29,"gold_loss":0,"cards_upgraded":["Defend_G","Defend_G","Strike_G","Strike_G","Strike_G"]}],"is_beta":false,"boss_relics":[{"not_picked":["Ring of the Serpent","Busted Crown"],"picked":"Orrery"}],"items_purged_floors":[5,11,20],"is_endless":false,"potions_floor_spawned":[1,8,14,24,31],"killed_by":"Automaton","ascension_level":2}