{"path_per_floor":["M","?","$","?","?","R","E","R","T","M","R","M","M","M","R","B",null,"M","$","?","M","M","R","E","M","T","M","R","$","M","$","R","B",null,"M","?","$","?","$","R"],"character_chosen":"THE_SILENT","items_purchased":["Snake Skull","Footwork","Malaise","Unload","Leg Sweep","Blood Vial","Sucker Punch","Escape Plan"],"gold_per_floor":[116,191,37,137,137,137,180,180,180,201,201,219,237,252,252,378,378,373,67,67,92,105,105,145,158,212,237,237,9,25,25,25,153,153,174,174,152,485,309,309],"floor_reached":41,"campfire_rested":6,"playtime":2501,"current_hp_per_floor":[70,59,59,59,42,63,34,55,55,51,70,70,69,58,58,37,70,62,62,62,62,59,59,32,32,32,32,53,53,54,54,70,19,70,44,44,44,44,44,65],"items_purged":["Strike_G","Defend_G"],"gold":309,"score":384,"play_id":"ddee6c90-b04e-4783-8747-b13a75f76199","is_prod":false,"is_daily":false,"is_ascension_mode":false,"campfire_upgraded":0,"path_taken":["M","?","$","?","?","R","E","R","T","M","R","M","?","?","R","BOSS","M","$","?","M","M","R","E","M","T","M","R","?","?","$","R","BOSS","M","?","?","?","$","R","E"],"build_version":"2018-02-15-PROD1","purchased_purges":2,"victory":false,"master_deck":["Defend_G","Defend_G","Defend_G","Defend_G","Strike_G","Strike_G","Strike_G","Survivor","Neutralize","Deflect","Leg Sweep","Terror","Acrobatics","Poisoned Stab","Dagger Spray","Die Die Die","Outmaneuver+1","Footwork","Malaise","Unload","Leg Sweep","Predator","All Out Attack+1","Noxious Fumes+1","Deadly Poison+1","Flying Knee+1","Heel Hook","Envenom","Expertise+1","Sucker Punch","Escape Plan"],"max_hp_per_floor":[70,70,70,70,70,70,70,70,70,70,70,70,70,70,70,70,70,70,70,70,70,70,70,70,70,70,70,70,70,70,70,70,70,70,70,70,70,70,70,70],"relics":["Ring of the Snake","Snake Skull","Orichalcum","Girya","Sozu","Omamori","Art of War","Blood Vial","The Specimen"],"card_choices":[{"not_picked":["Choke","Dagger Throw"],"picked":"Deflect"},{"not_picked":["Distraction","Prepared"],"picked":"Leg Sweep"},{"not_picked":["Dagger Throw","Sucker Punch"],"picked":"Terror"},{"not_picked":["Underhanded Strike","Endless Agony"],"picked":"Acrobatics"},{"not_picked":["Bane","Sucker Punch"],"picked":"Poisoned Stab"},{"not_picked":["Calculated Gamble","Unload"],"picked":"Dagger Spray"},{"not_picked":["Doppelganger","Bullet Time"],"picked":"Die Die Die"},{"not_picked":["Slice","Underhanded Strike"],"picked":"Outmaneuver"},{"not_picked":["Dagger Throw","Slice"],"picked":"Predator"},{"not_picked":["Outmaneuver","PiercingWail"],"picked":"All Out Attack"},{"not_picked":["Cloak And Dagger","Backflip"],"picked":"Noxious Fumes"},{"not_picked":["Finisher","Underhanded Strike"],"picked":"Deadly Poison"},{"not_picked":["Eviscerate","Adrenaline"],"picked":"Flying Knee"},{"not_picked":["Sucker Punch","Skewer"],"picked":"Heel Hook"},{"not_picked":["Storm of Steel","Adrenaline"],"picked":"Envenom"},{"not_picked":["Prepared","Backflip"],"picked":"Expertise"}],"player_experience":105322,"potions_floor_usage":[],"damage_taken":[{"damage":0,"enemies":"Small Slimes","floor":1,"turns":5},{"damage":29,"enemies":"3 Sentries","floor":7,"turns":16},{"damage":4,"enemies":"Jaw Worm","floor":10,"turns":8},{"damage":0,"enemies":"Cultist","floor":12,"turns":4},{"damage":1,"enemies":"Looter","floor":13,"turns":3},{"damage":11,"enemies":"2 Fungi Beasts","floor":14,"turns":7},{"damage":21,"enemies":"Hexaghost","floor":16,"turns":14},{"damage":8,"enemies":"2 Thieves","floor":18,"turns":4},{"damage":0,"enemies":"3 Byrds","floor":21,"turns":3},{"damage":3,"enemies":"Snecko","floor":22,"turns":5},{"damage":27,"enemies":"Book of Stabbing","floor":24,"turns":5},{"damage":0,"enemies":"Cultist and Chosen","floor":25,"turns":6},{"damage":0,"enemies":"3 Cultists","floor":27,"turns":5},{"damage":1,"enemies":"Snecko","floor":30,"turns":4},{"damage":51,"enemies":"Collector","floor":33,"turns":8},{"damage":26,"enemies":"3 Shapes","floor":35,"turns":5},{"damage":72,"enemies":"2 Orb Walkers","floor":41,"turns":5}],"event_choices":[{"event_name":"World of Goop","player_choice":"Gather Gold","floor":2,"damage_taken":0},{"event_name":"Wheel of Change","player_choice":"Gold","floor":4,"damage_taken":0},{"event_name":"Golden Idol","player_choice":"Take Damage","floor":5,"damage_taken":0},{"event_name":"Beggar","player_choice":"Ignored","floor":20,"damage_taken":0},{"event_name":"Tomb of Lord Red Mask","player_choice":"Ignored","floor":36,"damage_taken":0},{"event_name":"The Moai Head","player_choice":"Gave Idol","floor":38,"damage_taken":0}],"boss_relics":[{"not_picked":["Calling Bell","Runic Pyramid"],"picked":"Sozu"},{"not_picked":["Snecko Eye","Velvet Choker"],"picked":"The Specimen"}],"potions_floor_spawned":[1,7,18,24,25,35],"seed_played":"-4634690990494156175","killed_by":"2 Orb Walkers","ascension_level":0,"is_trial":false}