{"path_per_floor":["M","M","$","?","?","R","$","R","T","?","M","M","$","M","R","B",null,"M","$","?","M","M","R","M","?","T","M","R","E","R","?","R","B",null,"M","?","?","$","?","R","?","R","T","M","M","R","M","M","R","B"],"character_chosen":"THE_SILENT","items_purchased":["After Image","Footwork","Blood Vial","Lantern","Letter Opener","Bane","Leg Sweep"],"gold_per_floor":[116,132,52,52,2,2,2,2,2,2,20,40,40,53,53,151,151,162,125,175,160,171,171,189,189,189,204,204,233,233,233,233,330,330,343,688,688,47,47,47,0,0,0,18,33,33,49,65,65,65],"floor_reached":51,"campfire_rested":2,"playtime":4008,"current_hp_per_floor":[70,70,70,75,75,75,75,75,75,75,75,75,75,70,70,56,75,64,64,64,60,43,65,65,65,65,65,65,65,65,65,65,64,75,68,73,73,73,64,64,64,64,64,63,68,68,67,44,66,24],"items_purged":[],"gold":65,"score":530,"play_id":"f78e6ab6-590b-498c-bc93-5febb0106b14","is_prod":false,"is_daily":false,"is_ascension_mode":false,"campfire_upgraded":9,"path_taken":["M","M","$","?","?","R","$","R","T","?","M","?","?","M","R","BOSS","M","$","?","?","M","R","M","?","T","?","R","E","R","?","R","BOSS","M","?","?","$","?","R","?","R","T","M","M","R","M","?","R","BOSS"],"build_version":"2018-02-15-PROD1","purchased_purges":0,"victory":true,"master_deck":["Defend_G+1","Defend_G+1","Defend_G+1","Defend_G+1","Defend_G+1","Strike_G+1","Strike_G+1","Survivor+1","Neutralize+1","Deflect","Caltrops+1","After Image+1","Envenom","Backflip+1","Crippling Poison+1","Doppelganger","Adrenaline+1","Cloak And Dagger+1","Footwork+1","Catalyst+1","Noxious Fumes+1","Dagger Throw+1","Terror+1","Phantasmal Killer","A Thousand Cuts+1","Sucker Punch+1","Deflect","Bane","Leg Sweep+1","Madness","Madness","Acrobatics","Quick Slash+1","Distraction","Escape Plan+1"],"max_hp_per_floor":[70,70,70,75,75,75,75,75,75,75,75,75,75,75,75,75,75,75,75,75,75,75,75,75,75,75,75,75,75,75,75,75,75,75,75,75,75,75,75,75,75,75,75,75,75,75,75,75,75,75],"relics":["Ring of the Snake","Sundial","Black Star","Thread and Needle","Unceasing Top","Bird Faced Urn","Philosopher\u0027s Stone","Old Coin","Blood Vial","Lantern","Letter Opener","Red Mask","Frozen Eye"],"card_choices":[{"not_picked":["Deadly Poison","Dagger Spray"],"picked":"Deflect"},{"not_picked":["Dodge and Roll","Flying Knee"],"picked":"Caltrops"},{"not_picked":["Sucker Punch","Acrobatics"],"picked":"Backflip"},{"not_picked":["Expertise","Underhanded Strike"],"picked":"Crippling Poison"},{"not_picked":["Reflex","Deflect"],"picked":"Doppelganger"},{"not_picked":["Unload","Envenom"],"picked":"Adrenaline"},{"not_picked":["Crippling Poison","Dagger Spray"],"picked":"Cloak And Dagger"},{"not_picked":["Backstab","Outmaneuver"],"picked":"Catalyst"},{"not_picked":["Deflect","Outmaneuver"],"picked":"Noxious Fumes"},{"not_picked":["Finisher","Flying Knee"],"picked":"Dagger Throw"},{"not_picked":["Cloak And Dagger","PiercingWail"],"picked":"Terror"},{"not_picked":["Finisher","Bane"],"picked":"Phantasmal Killer"},{"not_picked":["Adrenaline","Phantasmal Killer"],"picked":"A Thousand Cuts"},{"not_picked":["Slice","Prepared"],"picked":"Sucker Punch"},{"not_picked":["Terror","Slice"],"picked":"Deflect"},{"not_picked":["Riddle With Holes","Outmaneuver"],"picked":"Acrobatics"},{"not_picked":["Blade Dance","Acrobatics"],"picked":"Quick Slash"},{"not_picked":["Dagger Throw","Blade Dance"],"picked":"Distraction"},{"not_picked":["Outmaneuver","Dash"],"picked":"Escape Plan"}],"player_experience":69530,"potions_floor_usage":[18,33,50,50,50],"damage_taken":[{"damage":0,"enemies":"2 Louse","floor":1,"turns":4},{"damage":0,"enemies":"Jaw Worm","floor":2,"turns":5},{"damage":0,"enemies":"Small Slimes","floor":11,"turns":6},{"damage":0,"enemies":"2 Fungi Beasts","floor":12,"turns":5},{"damage":5,"enemies":"3 Louse","floor":14,"turns":4},{"damage":14,"enemies":"Hexaghost","floor":16,"turns":10},{"damage":11,"enemies":"Chosen","floor":18,"turns":8},{"damage":4,"enemies":"2 Thieves","floor":21,"turns":5},{"damage":17,"enemies":"Snake Plant","floor":22,"turns":4},{"damage":0,"enemies":"Snecko","floor":24,"turns":5},{"damage":0,"enemies":"Sentry and Sphere","floor":27,"turns":7},{"damage":0,"enemies":"Book of Stabbing","floor":29,"turns":5},{"damage":11,"enemies":"Champ","floor":33,"turns":14},{"damage":9,"enemies":"Orb Walker","floor":35,"turns":4},{"damage":4,"enemies":"Mysterious Sphere","floor":36,"turns":6},{"damage":12,"enemies":"3 Shapes","floor":44,"turns":5},{"damage":7,"enemies":"Maw","floor":45,"turns":7},{"damage":10,"enemies":"3 Darklings","floor":47,"turns":5},{"damage":31,"enemies":"4 Shapes","floor":48,"turns":8},{"damage":79,"enemies":"Time Eater","floor":50,"turns":13}],"event_choices":[{"event_name":"Big Fish","player_choice":"Donut","floor":4,"damage_taken":0},{"event_name":"The Cleric","player_choice":"Card Removal","floor":5,"damage_taken":0},{"event_name":"Living Wall","player_choice":"Change","floor":10,"damage_taken":0},{"event_name":"The Joust","player_choice":"Bet on Murderer","floor":20,"damage_taken":0},{"event_name":"Back to Basics","player_choice":"Simplicity","floor":25,"damage_taken":0},{"event_name":"N\u0027loth","player_choice":"Ignored","floor":31,"damage_taken":0},{"event_name":"Mysterious Sphere","player_choice":"Fight","floor":36,"damage_taken":0},{"event_name":"Winding Halls","player_choice":"Embrace Madness","floor":39,"damage_taken":0},{"event_name":"Tomb of Lord Red Mask","player_choice":"Paid","floor":41,"damage_taken":0}],"boss_relics":[{"not_picked":["Eternal Feather","Orrery"],"picked":"Black Star"},{"not_picked":["Astrolabe","The Specimen"],"picked":"Philosopher\u0027s Stone"}],"potions_floor_spawned":[11,12,14,16,21,22,24,33,35,36,45],"seed_played":"410553312390102076","ascension_level":0,"is_trial":false}