{"gold_per_floor":[16,33,33,33,7,60,60,78,78,253,310,310,326,342,342,342],"floor_reached":16,"playtime":421,"items_purged":[],"score":160,"play_id":"8e7a6358-3226-4bb3-a30f-668c9a08507f","local_time":"20190419011449","is_ascension_mode":true,"campfire_choices":[{"floor":7,"key":"REST"},{"floor":12,"key":"REST"},{"floor":15,"key":"REST"}],"neow_cost":"NO_GOLD","seed_source_timestamp":102500978637700,"circlet_count":0,"master_deck":["AscendersBane","Strike_B","Strike_B","Strike_B","Strike_B","Defend_B","Defend_B","Defend_B","Defend_B","Zap","Dualcast","Mayhem","Magnetism","Sunder","Hologram","Sunder","Doubt","White Noise","Lockon"],"relics":["Cracked Core","GremlinMask","The Courier","Dodecahedron"],"potions_floor_usage":[13,16],"damage_taken":[{"damage":10,"enemies":"Cultist","floor":1,"turns":4},{"damage":9,"enemies":"Jaw Worm","floor":2,"turns":4},{"damage":35,"enemies":"Gremlin Nob","floor":6,"turns":5},{"damage":1,"enemies":"Small Slimes","floor":8,"turns":3},{"damage":4,"enemies":"3 Louse","floor":13,"turns":3},{"damage":13,"enemies":"Blue Slaver","floor":14,"turns":4},{"damage":63,"enemies":"The Guardian","floor":16,"turns":7}],"seed_played":"7961691580531451325","potions_obtained":[{"floor":2,"key":"Ancient Potion"},{"floor":8,"key":"SkillPotion"},{"floor":13,"key":"Explosive Potion"}],"is_trial":false,"path_per_floor":["M","M","?","?","$","E","R","M","T","?","?","R","M","M","R","B"],"character_chosen":"DEFECT","items_purchased":["Hologram"],"campfire_rested":3,"item_purchase_floors":[5],"current_hp_per_floor":[58,49,49,49,49,14,36,35,35,35,35,57,53,40,62,0],"gold":342,"neow_bonus":"RANDOM_COLORLESS_2","is_prod":false,"is_daily":false,"chose_seed":false,"campfire_upgraded":0,"win_rate":0,"timestamp":1555629289,"path_taken":["M","M","?","?","$","E","R","?","T","?","?","R","M","M","R","BOSS"],"build_version":"2019-01-23","purchased_purges":0,"victory":false,"max_hp_per_floor":[75,75,75,75,75,75,75,75,75,75,75,75,75,75,75,75],"card_choices":[{"not_picked":["Stack","Rebound","Hello World"],"picked":"SKIP","floor":1},{"not_picked":["Reprogram","Beam Cell"],"picked":"Sunder","floor":2},{"not_picked":["Reprogram","Redo"],"picked":"Sunder","floor":6},{"not_picked":["Gash","Barrage","Hello World"],"picked":"SKIP","floor":8},{"not_picked":["Conserve Battery","Storm"],"picked":"White Noise","floor":13},{"not_picked":["Recycle","Tempest"],"picked":"Lockon","floor":14}],"player_experience":1736410,"relics_obtained":[{"floor":6,"key":"The Courier"},{"floor":9,"key":"Dodecahedron"}],"event_choices":[{"damage_healed":0,"gold_gain":0,"player_choice":"Ignored","damage_taken":0,"max_hp_gain":0,"max_hp_loss":0,"event_name":"Shining Light","floor":3,"gold_loss":0},{"damage_healed":0,"gold_gain":0,"player_choice":"Trade","damage_taken":0,"relics_obtained":["GremlinMask"],"max_hp_gain":0,"max_hp_loss":0,"event_name":"FaceTrader","floor":4,"gold_loss":0},{"damage_healed":0,"gold_gain":175,"player_choice":"AGREE","damage_taken":0,"max_hp_gain":0,"max_hp_loss":0,"event_name":"Liars Game","floor":10,"gold_loss":0,"cards_obtained":["Doubt"]},{"damage_healed":0,"gold_gain":57,"player_choice":"Gained Gold","damage_taken":0,"max_hp_gain":0,"max_hp_loss":0,"event_name":"Golden Wing","floor":11,"gold_loss":0}],"is_beta":false,"boss_relics":[],"items_purged_floors":[],"is_endless":false,"potions_floor_spawned":[2,8,13],"killed_by":"The Guardian","ascension_level":12}