{"gold_per_floor":[216,101,101,116,116,150,150,165,165,165,179,194,194,212,212,212],"floor_reached":16,"playtime":929,"items_purged":["Strike_G"],"score":102,"play_id":"d5df937c-7973-4868-b05d-d117f9659cf1","local_time":"20190305225718","is_ascension_mode":false,"campfire_choices":[{"floor":7,"key":"REST"},{"data":"Backflip","floor":10,"key":"SMITH"},{"data":"Cloak And Dagger","floor":13,"key":"SMITH"},{"data":"Quick Slash","floor":15,"key":"SMITH"}],"neow_cost":"NONE","seed_source_timestamp":4026588600754,"circlet_count":0,"master_deck":["Defend_G","Defend_G","Defend_G","Defend_G","Defend_G","Strike_G","Strike_G","Strike_G","Strike_G","Survivor","Neutralize","Blade Dance","Well Laid Plans","Cloak And Dagger+1","Injury","Backflip+1","Outmaneuver","Dagger Throw","Quick Slash+1","Escape Plan"],"relics":["Ring of the Snake","Golden Idol","The Specimen","Ornamental Fan"],"potions_floor_usage":[16,16],"damage_taken":[{"damage":0,"enemies":"Cultist","floor":1,"turns":4},{"damage":0,"enemies":"Small Slimes","floor":4,"turns":3},{"damage":42,"enemies":"3 Sentries","floor":6,"turns":16},{"damage":2,"enemies":"Jaw Worm","floor":8,"turns":4},{"damage":0,"enemies":"Exordium Wildlife","floor":11,"turns":6},{"damage":0,"enemies":"2 Fungi Beasts","floor":12,"turns":4},{"damage":0,"enemies":"3 Louse","floor":14,"turns":4},{"damage":53,"enemies":"The Guardian","floor":16,"turns":15}],"seed_played":"1947037066678880094","potions_obtained":[{"floor":1,"key":"Block Potion"},{"floor":8,"key":"Swift Potion"}],"is_trial":false,"path_per_floor":["M","$","?","M","?","E","R","M","T","R","M","M","R","M","R","B"],"character_chosen":"THE_SILENT","items_purchased":["Well Laid Plans"],"campfire_rested":1,"item_purchase_floors":[2],"current_hp_per_floor":[70,70,70,70,70,28,49,47,47,47,47,47,47,47,47,0],"gold":212,"neow_bonus":"HUNDRED_GOLD","is_prod":false,"is_daily":false,"chose_seed":false,"campfire_upgraded":3,"win_rate":0,"timestamp":1551855438,"path_taken":["M","$","?","M","?","E","R","M","T","R","M","M","R","M","R","BOSS"],"build_version":"2019-01-23","purchased_purges":1,"victory":false,"max_hp_per_floor":[70,70,70,70,70,70,70,70,70,70,70,70,70,70,70,70],"card_choices":[{"not_picked":["Choke","PiercingWail"],"picked":"Blade Dance","floor":1},{"not_picked":["Sucker Punch","Deflect"],"picked":"Cloak And Dagger","floor":4},{"not_picked":["Slice","Corpse Explosion"],"picked":"Backflip","floor":6},{"not_picked":["Bane","Choke"],"picked":"Outmaneuver","floor":8},{"not_picked":["Cloak And Dagger","Riddle With Holes"],"picked":"Dagger Throw","floor":11},{"not_picked":["Distraction","Prepared"],"picked":"Quick Slash","floor":12},{"not_picked":["Blade Dance","Quick Slash"],"picked":"Escape Plan","floor":14}],"player_experience":275752,"relics_obtained":[{"floor":6,"key":"The Specimen"},{"floor":9,"key":"Ornamental Fan"}],"event_choices":[{"damage_healed":0,"gold_gain":0,"player_choice":"Ignored","damage_taken":0,"max_hp_gain":0,"max_hp_loss":0,"event_name":"Golden Wing","floor":3,"gold_loss":0},{"damage_healed":0,"gold_gain":0,"player_choice":"Take Wound","damage_taken":0,"relics_obtained":["Golden Idol"],"max_hp_gain":0,"max_hp_loss":0,"event_name":"Golden Idol","floor":5,"gold_loss":0,"cards_obtained":["Injury"]}],"is_beta":false,"boss_relics":[],"items_purged_floors":[2],"is_endless":false,"potions_floor_spawned":[1,8],"killed_by":"The Guardian","ascension_level":0}