{"gold_per_floor":[115,135,135,135,153,153,197,212,287,63,87,105,124,48,48,176,176,166,166,166,191,205,205,0,0,0,0,39,39,39],"floor_reached":30,"playtime":1230,"items_purged":[],"score":413,"play_id":"32739111-c84b-4e5d-9794-897f50855e46","local_time":"20190425213526","is_ascension_mode":true,"campfire_choices":[{"floor":6,"key":"REST"},{"floor":15,"key":"REST"},{"floor":23,"key":"REST"},{"floor":25,"key":"REST"}],"neow_cost":"NONE","seed_source_timestamp":693332231954800,"circlet_count":0,"master_deck":["AscendersBane","Defend_G","Defend_G+1","Defend_G","Defend_G","Defend_G","Strike_G","Strike_G","Strike_G+1","Strike_G","Strike_G","Survivor","Neutralize","Riddle With Holes","PiercingWail","Poisoned Stab","Caltrops","Well Laid Plans","Crippling Poison","Calculated Gamble","Terror","Backflip","Envenom","Injury","Doubt","Clumsy","Dagger Spray","Ghostly","Ghostly","Ghostly","Ghostly","Ghostly","Bane+1","Tactician"],"relics":["Ring of the Snake","NeowsBlessing","Golden Idol","Tingsha","Mercury Hourglass","PreservedInsect","Calling Bell","Incense Burner","Gremlin Horn","Ancient Tea Set","Regal Pillow","Boot"],"potions_floor_usage":[8,11,16,16,18,30],"damage_taken":[{"damage":0,"enemies":"Jaw Worm","floor":1,"turns":1},{"damage":0,"enemies":"2 Louse","floor":2,"turns":1},{"damage":0,"enemies":"Small Slimes","floor":5,"turns":1},{"damage":38,"enemies":"3 Sentries","floor":7,"turns":11},{"damage":0,"enemies":"Looter","floor":8,"turns":1},{"damage":0,"enemies":"Gremlin Gang","floor":11,"turns":4},{"damage":7,"enemies":"Lots of Slimes","floor":12,"turns":3},{"damage":0,"enemies":"Blue Slaver","floor":13,"turns":3},{"damage":5,"enemies":"Slime Boss","floor":16,"turns":6},{"damage":16,"enemies":"2 Thieves","floor":18,"turns":4},{"damage":10,"enemies":"Shell Parasite","floor":21,"turns":8},{"damage":22,"enemies":"Cultist and Chosen","floor":22,"turns":9},{"damage":3,"enemies":"Slavers","floor":28,"turns":5},{"damage":28,"enemies":"Centurion and Healer","floor":30,"turns":9}],"seed_played":"-1799774026471234441","potions_obtained":[{"floor":2,"key":"Energy Potion"},{"floor":7,"key":"SteroidPotion"},{"floor":8,"key":"Ancient Potion"},{"floor":11,"key":"Swift Potion"},{"floor":16,"key":"LiquidBronze"},{"floor":28,"key":"FearPotion"}],"is_trial":false,"path_per_floor":["M","M","?","?","M","R","E","M","T","$","M","M","M","$","R","B",null,"M","?","?","M","M","R","?","R","T","?","E","$","M"],"character_chosen":"THE_SILENT","items_purchased":["PreservedInsect","Crippling Poison","Backflip","SteroidPotion"],"campfire_rested":4,"item_purchase_floors":[10,10,14,14],"current_hp_per_floor":[63,63,49,32,32,53,15,15,15,15,15,8,8,8,29,24,59,43,35,35,25,3,13,13,23,23,23,20,20,0],"gold":39,"neow_bonus":"THREE_ENEMY_KILL","is_prod":false,"is_daily":false,"chose_seed":false,"campfire_upgraded":0,"win_rate":0,"timestamp":1556220926,"path_taken":["M","M","?","?","M","R","E","M","T","$","M","M","M","?","R","BOSS","M","?","?","M","M","R","?","R","T","?","E","$","M"],"build_version":"2019-01-23","purchased_purges":0,"victory":false,"max_hp_per_floor":[70,70,70,70,70,70,70,70,70,70,70,70,70,70,70,70,70,70,35,35,35,35,35,35,35,35,35,35,35,35],"card_choices":[{"not_picked":["Sucker Punch","Blade Dance"],"picked":"Riddle With Holes","floor":1},{"not_picked":["Choke","Dodge and Roll"],"picked":"PiercingWail","floor":2},{"not_picked":["Bane","Underhanded Strike"],"picked":"Poisoned Stab","floor":5},{"not_picked":["Bane","Expertise"],"picked":"Caltrops","floor":7},{"not_picked":["Eviscerate","Prepared"],"picked":"Well Laid Plans","floor":8},{"not_picked":["PiercingWail","Slice","Backflip"],"picked":"SKIP","floor":11},{"not_picked":["After Image","Quick Slash"],"picked":"Calculated Gamble","floor":12},{"not_picked":["Setup","Dagger Throw"],"picked":"Terror","floor":13},{"not_picked":["Corpse Explosion","Doppelganger"],"picked":"Envenom","floor":16},{"not_picked":["Dodge and Roll","Flying Knee"],"picked":"Dagger Spray","floor":18},{"not_picked":["Poisoned Stab","Bouncing Flask","Deflect"],"picked":"SKIP","floor":21},{"not_picked":["Heel Hook","Dagger Throw"],"picked":"Bane+1","floor":22},{"not_picked":["Eviscerate","Infinite Blades"],"picked":"Tactician","floor":28}],"player_experience":1746429,"relics_obtained":[{"floor":7,"key":"Tingsha"},{"floor":9,"key":"Mercury Hourglass"},{"floor":17,"key":"Incense Burner"},{"floor":17,"key":"Gremlin Horn"},{"floor":17,"key":"Ancient Tea Set"},{"floor":26,"key":"Regal Pillow"},{"floor":28,"key":"Boot"}],"event_choices":[{"damage_healed":0,"gold_gain":0,"player_choice":"Entered Light","damage_taken":14,"max_hp_gain":0,"max_hp_loss":0,"event_name":"Shining Light","floor":3,"gold_loss":0,"cards_upgraded":["Defend_G","Strike_G"]},{"damage_healed":0,"gold_gain":0,"player_choice":"Take Damage","damage_taken":17,"relics_obtained":["Golden Idol"],"max_hp_gain":0,"max_hp_loss":0,"event_name":"Golden Idol","floor":4,"gold_loss":0},{"damage_healed":0,"gold_gain":0,"player_choice":"Became a Ghost","damage_taken":0,"max_hp_gain":0,"max_hp_loss":35,"event_name":"Ghosts","floor":19,"gold_loss":0,"cards_obtained":["Ghostly","Ghostly","Ghostly","Ghostly","Ghostly"]},{"damage_healed":12,"gold_gain":0,"player_choice":"Heal","damage_taken":0,"max_hp_gain":0,"max_hp_loss":0,"event_name":"The Library","floor":20,"gold_loss":0},{"damage_healed":0,"gold_gain":0,"player_choice":"Paid Fearfully","damage_taken":0,"max_hp_gain":0,"max_hp_loss":0,"event_name":"Masked Bandits","floor":24,"gold_loss":205},{"damage_healed":0,"gold_gain":0,"player_choice":"Ignored","damage_taken":0,"max_hp_gain":0,"max_hp_loss":0,"event_name":"Beggar","floor":27,"gold_loss":0}],"is_beta":false,"boss_relics":[{"not_picked":["Orrery","Philosopher\u0027s Stone"],"picked":"Calling Bell"}],"items_purged_floors":[],"is_endless":false,"potions_floor_spawned":[2,7,8,11,16,28],"killed_by":"Centurion and Healer","ascension_level":11}