{"gold_per_floor":[113,188,188,200,216,216,226,196,244,194,194,194,194,207,207,207],"floor_reached":16,"playtime":490,"items_purged":[],"score":135,"play_id":"335cbc9c-5f4a-46a7-90fb-64ca60751dd0","local_time":"20190127140654","is_ascension_mode":true,"campfire_choices":[{"floor":6,"key":"DIG"},{"floor":12,"key":"DIG"},{"floor":15,"key":"DIG"}],"neow_cost":"PERCENT_DAMAGE","seed_source_timestamp":332747767816900,"circlet_count":0,"master_deck":["AscendersBane","Strike_R","Strike_R","Strike_R","Strike_R","Defend_R","Defend_R","Defend_R","Defend_R","Bash","Cleave","Shrug It Off","Flame Barrier","Infernal Blade","Body Slam","Injury","Seeing Red"],"relics":["Burning Blood","Shovel","Blood Vial","Gremlin Horn","Red Skull","Incense Burner","Regal Pillow","Golden Idol","FossilizedHelix"],"potions_floor_usage":[5],"damage_taken":[{"damage":2,"enemies":"Jaw Worm","floor":1,"turns":3},{"damage":0,"enemies":"Small Slimes","floor":4,"turns":3},{"damage":2,"enemies":"Cultist","floor":5,"turns":5},{"damage":7,"enemies":"Exordium Wildlife","floor":7,"turns":5},{"damage":1,"enemies":"Looter","floor":8,"turns":4},{"damage":2,"enemies":"2 Fungi Beasts","floor":14,"turns":3},{"damage":76,"enemies":"Hexaghost","floor":16,"turns":16}],"seed_played":"2101804601162889200","potions_obtained":[{"floor":1,"key":"Swift Potion"},{"floor":4,"key":"Block Potion"}],"is_trial":false,"path_per_floor":["M","?","?","M","M","R","M","M","T","?","?","R","?","M","R","B"],"character_chosen":"IRONCLAD","items_purchased":[],"campfire_rested":0,"item_purchase_floors":[],"current_hp_per_floor":[55,44,44,52,58,58,59,66,66,66,66,66,66,72,72,0],"gold":207,"neow_bonus":"ONE_RARE_RELIC","is_prod":false,"is_daily":false,"chose_seed":false,"campfire_upgraded":0,"win_rate":0,"timestamp":1548594414,"path_taken":["M","?","?","?","M","R","M","M","T","?","?","R","?","M","R","BOSS"],"build_version":"2019-01-23","purchased_purges":0,"victory":false,"max_hp_per_floor":[80,80,80,80,80,80,80,80,80,80,80,80,80,80,80,80],"card_choices":[{"not_picked":["Rage","Havoc"],"picked":"Cleave","floor":1},{"not_picked":["Thunderclap","Twin Strike"],"picked":"Shrug It Off","floor":4},{"not_picked":["True Grit","Shrug It Off"],"picked":"Flame Barrier","floor":5},{"not_picked":["True Grit","Shrug It Off"],"picked":"Infernal Blade","floor":7},{"not_picked":["Disarm","Rampage"],"picked":"Body Slam","floor":8},{"not_picked":["Carnage","Clash"],"picked":"Seeing Red","floor":14}],"player_experience":1333109,"relics_obtained":[{"floor":6,"key":"Gremlin Horn"},{"floor":9,"key":"Red Skull"},{"floor":12,"key":"Regal Pillow"},{"floor":15,"key":"FossilizedHelix"}],"event_choices":[{"damage_healed":0,"gold_gain":75,"player_choice":"Gather Gold","damage_taken":11,"max_hp_gain":0,"max_hp_loss":0,"event_name":"World of Goop","floor":2,"gold_loss":0},{"damage_healed":0,"gold_gain":0,"player_choice":"Gave Potion","damage_taken":0,"relics_obtained":["Blood Vial"],"max_hp_gain":0,"max_hp_loss":0,"event_name":"WeMeetAgain","floor":3,"gold_loss":0},{"cards_removed":["Strike_R"],"damage_healed":0,"gold_gain":0,"player_choice":"Card Removal","damage_taken":0,"max_hp_gain":0,"max_hp_loss":0,"event_name":"The Cleric","floor":10,"gold_loss":50},{"damage_healed":0,"gold_gain":0,"player_choice":"Searched \u00271\u0027 times","damage_taken":0,"relics_obtained":["Incense Burner"],"max_hp_gain":0,"max_hp_loss":0,"event_name":"Dead Adventurer","floor":11,"gold_loss":0},{"damage_healed":0,"gold_gain":0,"player_choice":"Take Wound","damage_taken":0,"relics_obtained":["Golden Idol"],"max_hp_gain":0,"max_hp_loss":0,"event_name":"Golden Idol","floor":13,"gold_loss":0,"cards_obtained":["Injury"]}],"is_beta":false,"boss_relics":[],"items_purged_floors":[],"is_endless":false,"potions_floor_spawned":[1,4],"killed_by":"Hexaghost","ascension_level":10}