{"gold_per_floor":[111,5,5,180,180,206,222,222,222,222,240,190,211,223,223,321,321,335,52,0,0,11,11,31,31,79,79,79,98,6,6,6,6],"floor_reached":33,"playtime":2387,"items_purged":["Doubt"],"score":386,"play_id":"4c7d8509-bfb4-440e-9c65-a59c175b1f02","local_time":"20190423113010","is_ascension_mode":true,"campfire_choices":[{"data":"Flechettes","floor":8,"key":"SMITH"},{"data":"Backstab","floor":10,"key":"SMITH"},{"data":"Infinite Blades","floor":15,"key":"SMITH"},{"floor":23,"key":"REST"},{"floor":28,"key":"REST"},{"data":"Malaise","floor":32,"key":"SMITH"}],"neow_cost":"NONE","seed_source_timestamp":15435544564518,"circlet_count":0,"master_deck":["Defend_G+1","Defend_G+1","Defend_G+1","Defend_G+1","Defend_G+1","Strike_G+1","Strike_G+1","Strike_G+1","Strike_G+1","Survivor","Neutralize","Backstab+1","Tactician","Flechettes+1","Catalyst","Poisoned Stab","Poisoned Stab","Infinite Blades","Infinite Blades+1","Backflip","Malaise+1","Footwork","Predator+1","Distraction+1","Crippling Poison","Writhe","Shame","Leg Sweep","Dark Shackles"],"relics":["Ring of the Snake","NeowsBlessing","WarpedTongs","Calipers","Sundial","Odd Mushroom","Eternal Feather","Toolbox","Darkstone Periapt","Oddly Smooth Stone","Dodecahedron"],"potions_floor_usage":[13,16,16,33,33],"damage_taken":[{"damage":0,"enemies":"Jaw Worm","floor":1,"turns":1},{"damage":0,"enemies":"Gremlin Nob","floor":6,"turns":1},{"damage":0,"enemies":"Small Slimes","floor":7,"turns":1},{"damage":4,"enemies":"Cultist","floor":11,"turns":3},{"damage":7,"enemies":"The Mushroom Lair","floor":13,"turns":5},{"damage":0,"enemies":"2 Fungi Beasts","floor":14,"turns":3},{"damage":23,"enemies":"The Guardian","floor":16,"turns":11},{"damage":16,"enemies":"Shell Parasite","floor":18,"turns":8},{"damage":5,"enemies":"2 Thieves","floor":20,"turns":4},{"damage":19,"enemies":"Chosen and Byrds","floor":22,"turns":8},{"damage":17,"enemies":"Snake Plant","floor":24,"turns":7},{"damage":17,"enemies":"Sentry and Sphere","floor":29,"turns":6},{"damage":95,"enemies":"Collector","floor":33,"turns":15}],"seed_played":"7142846008218354407","potions_obtained":[{"floor":1,"key":"Weak Potion"},{"floor":7,"key":"Regen Potion"},{"floor":14,"key":"Block Potion"},{"floor":24,"key":"Fire Potion"},{"floor":29,"key":"Regen Potion"}],"is_trial":false,"path_per_floor":["M","$","?","?","?","E","M","R","T","R","M","?","?","M","R","B",null,"M","$","M","?","M","R","M","?","T","?","R","M","$","$","R","B"],"character_chosen":"THE_SILENT","items_purchased":["Tactician","Flechettes","Toolbox","Dark Shackles"],"campfire_rested":2,"item_purchase_floors":[2,2,19,30],"current_hp_per_floor":[63,63,63,63,63,63,63,63,63,63,59,59,52,52,52,44,64,48,48,43,43,24,57,40,46,46,52,82,65,65,65,80,0],"gold":6,"neow_bonus":"THREE_ENEMY_KILL","is_prod":false,"is_daily":false,"chose_seed":false,"campfire_upgraded":4,"win_rate":0,"timestamp":1556044210,"path_taken":["M","$","?","?","?","E","M","R","T","R","?","?","?","M","R","BOSS","M","$","M","?","M","R","M","?","T","?","R","M","?","$","R","BOSS"],"build_version":"2019-01-23","purchased_purges":1,"victory":false,"max_hp_per_floor":[70,70,70,70,70,70,70,70,70,70,70,70,70,70,70,70,70,70,70,70,70,70,70,70,76,76,82,82,82,82,82,82,82],"card_choices":[{"not_picked":["Quick Slash","Deadly Poison"],"picked":"Backstab","floor":1},{"not_picked":["All Out Attack","Blade Dance"],"picked":"Poisoned Stab","floor":6},{"not_picked":["Setup","Blade Dance"],"picked":"Poisoned Stab","floor":7},{"not_picked":["All Out Attack","Sucker Punch"],"picked":"Infinite Blades","floor":11},{"not_picked":["Blade Dance","Terror"],"picked":"Infinite Blades","floor":13},{"not_picked":["Caltrops","Catalyst"],"picked":"Backflip","floor":14},{"not_picked":["Glass Knife","Wraith Form v2"],"picked":"Malaise","floor":16},{"not_picked":["Setup","Acrobatics+1"],"picked":"Footwork","floor":18},{"not_picked":["Backflip","Deflect"],"picked":"Predator+1","floor":20},{"not_picked":["Concentrate","Deadly Poison"],"picked":"Distraction+1","floor":22},{"not_picked":["Prepared","Bane"],"picked":"Crippling Poison","floor":24},{"not_picked":["Backflip","Slice"],"picked":"Leg Sweep","floor":29}],"player_experience":1431842,"relics_obtained":[{"floor":6,"key":"Calipers"},{"floor":9,"key":"Sundial"},{"floor":13,"key":"Odd Mushroom"},{"floor":26,"key":"Oddly Smooth Stone"}],"event_choices":[{"damage_healed":0,"gold_gain":0,"cards_transformed":["Strike_G"],"player_choice":"Change","damage_taken":0,"max_hp_gain":0,"max_hp_loss":0,"event_name":"Living Wall","floor":3,"gold_loss":0,"cards_obtained":["Catalyst"]},{"damage_healed":0,"gold_gain":175,"player_choice":"AGREE","damage_taken":0,"max_hp_gain":0,"max_hp_loss":0,"event_name":"Liars Game","floor":4,"gold_loss":0,"cards_obtained":["Doubt"]},{"damage_healed":0,"gold_gain":0,"player_choice":"Rummage","damage_taken":0,"relics_obtained":["WarpedTongs"],"max_hp_gain":0,"max_hp_loss":0,"event_name":"Accursed Blacksmith","floor":5,"gold_loss":0,"cards_obtained":["Pain"]},{"cards_removed":["Pain"],"damage_healed":0,"gold_gain":0,"player_choice":"Card Removal","damage_taken":0,"max_hp_gain":0,"max_hp_loss":0,"event_name":"The Cleric","floor":12,"gold_loss":50},{"damage_healed":0,"gold_gain":0,"player_choice":"Fought Mushrooms","damage_taken":0,"max_hp_gain":0,"max_hp_loss":0,"event_name":"Mushrooms","floor":13,"gold_loss":0},{"damage_healed":0,"gold_gain":0,"player_choice":"Simplicity","damage_taken":0,"max_hp_gain":0,"max_hp_loss":0,"event_name":"Back to Basics","floor":21,"gold_loss":0,"cards_upgraded":["Defend_G","Defend_G","Defend_G","Defend_G","Defend_G","Strike_G","Strike_G","Strike_G","Strike_G"]},{"damage_healed":0,"gold_gain":0,"player_choice":"Opened","damage_taken":0,"relics_obtained":["Darkstone Periapt"],"max_hp_gain":0,"max_hp_loss":0,"event_name":"The Mausoleum","floor":25,"gold_loss":0,"cards_obtained":["Writhe"]},{"damage_healed":0,"gold_gain":0,"player_choice":"Stole Relic","damage_taken":0,"relics_obtained":["Dodecahedron"],"max_hp_gain":0,"max_hp_loss":0,"event_name":"Addict","floor":27,"gold_loss":0,"cards_obtained":["Shame"]}],"is_beta":false,"boss_relics":[{"not_picked":["Empty Cage","Snecko Eye"],"picked":"Eternal Feather"}],"items_purged_floors":[19],"is_endless":false,"potions_floor_spawned":[1,7,14,24,29],"killed_by":"Collector","ascension_level":9}