{"gold_per_floor":[219,394,394,74,157,192,192,192,192,210,229,243,47,58,58,153,153,166,6,17,17,17,17,45,63,137,137,154,164,180,190,190,190],"floor_reached":33,"playtime":1877,"items_purged":[],"score":442,"play_id":"09441dbd-bd3d-410b-99c0-b8406522f12d","local_time":"20190414215157","is_ascension_mode":true,"campfire_choices":[{"floor":7,"key":"REST"},{"floor":15,"key":"REST"},{"floor":23,"key":"REST"},{"floor":32,"key":"REST"}],"neow_cost":"NONE","seed_source_timestamp":334481151402000,"circlet_count":0,"master_deck":["AscendersBane","Defend_G","Defend_G","Defend_G","Defend_G","Defend_G","Strike_G","Strike_G","Strike_G","Survivor","Neutralize","Dagger Throw","Mayhem","Glass Knife","Masterful Stab","Venomology","Mayhem","Blur+1","Shame","Well Laid Plans+1","Concentrate"],"relics":["Ring of the Snake","Vajra","Tiny Chest","Bag of Preparation","Kunai","Singing Bowl","Membership Card","Empty Cage","Orichalcum","Bag of Marbles","Torii","Molten Egg 2"],"potions_floor_usage":[12,16,16,18,18,20,20,24,25,28,29,30,30,31,33],"damage_taken":[{"damage":2,"enemies":"Jaw Worm","floor":1,"turns":6},{"damage":49,"enemies":"3 Sentries","floor":6,"turns":14},{"damage":0,"enemies":"2 Louse","floor":10,"turns":2},{"damage":1,"enemies":"Small Slimes","floor":11,"turns":3},{"damage":0,"enemies":"Red Slaver","floor":12,"turns":1},{"damage":0,"enemies":"Exordium Wildlife","floor":14,"turns":4},{"damage":12,"enemies":"Slime Boss","floor":16,"turns":8},{"damage":25,"enemies":"3 Byrds","floor":18,"turns":5},{"damage":5,"enemies":"Spheric Guardian","floor":20,"turns":5},{"damage":54,"enemies":"Book of Stabbing","floor":24,"turns":7},{"damage":1,"enemies":"Centurion and Healer","floor":25,"turns":9},{"damage":37,"enemies":"Shelled Parasite and Fungi","floor":28,"turns":8},{"damage":35,"enemies":"Snake Plant","floor":29,"turns":9},{"damage":23,"enemies":"Chosen and Byrds","floor":30,"turns":7},{"damage":3,"enemies":"Snecko","floor":31,"turns":7},{"damage":71,"enemies":"Automaton","floor":33,"turns":8}],"seed_played":"-2915456884935216969","potions_obtained":[{"floor":6,"key":"GamblersBrew"},{"floor":11,"key":"SneckoOil"},{"floor":12,"key":"Block Potion"},{"floor":14,"key":"FairyPotion"},{"floor":16,"key":"SpeedPotion"},{"floor":18,"key":"Ancient Potion"},{"floor":28,"key":"Regen Potion"},{"floor":29,"key":"PowerPotion"},{"floor":30,"key":"Fire Potion"}],"is_trial":false,"path_per_floor":["M","?","?","$","T","E","R","?","T","M","M","M","$","M","R","B",null,"M","$","M","?","?","R","E","M","T","?","M","M","M","M","R","B"],"character_chosen":"THE_SILENT","items_purchased":["Vajra","Mayhem","Membership Card","Orichalcum","Mayhem"],"campfire_rested":4,"item_purchase_floors":[4,4,13,19,19],"current_hp_per_floor":[61,61,61,61,61,12,33,33,33,33,34,34,34,36,58,46,67,44,44,39,39,39,61,9,10,10,90,55,35,14,11,39,0],"gold":190,"neow_bonus":"HUNDRED_GOLD","is_prod":false,"is_daily":false,"chose_seed":false,"campfire_upgraded":0,"win_rate":0,"timestamp":1555271517,"path_taken":["M","?","?","$","?","E","R","?","T","M","M","?","?","M","R","BOSS","M","$","M","?","?","R","E","M","T","?","M","M","?","M","R","BOSS"],"build_version":"2019-01-23","purchased_purges":0,"victory":false,"max_hp_per_floor":[70,70,70,70,70,70,70,70,70,70,72,72,72,74,74,74,74,76,76,76,76,76,76,78,80,80,90,92,92,94,94,94,94],"card_choices":[{"not_picked":["Dodge and Roll","Predator"],"picked":"Dagger Throw","floor":1},{"not_picked":["PiercingWail","Deadly Poison"],"picked":"Glass Knife","floor":6},{"not_picked":["Acrobatics","Accuracy"],"picked":"Masterful Stab","floor":10},{"not_picked":["Dodge and Roll","Noxious Fumes","Bouncing Flask"],"picked":"Singing Bowl","floor":11},{"not_picked":["Blade Dance","Heel Hook"],"picked":"Venomology","floor":12},{"not_picked":["Backflip","Outmaneuver","Blade Dance"],"picked":"Singing Bowl","floor":14},{"not_picked":["Doppelganger","Malaise"],"picked":"Glass Knife","floor":16},{"not_picked":["Backflip","Distraction","Poisoned Stab"],"picked":"Singing Bowl","floor":18},{"not_picked":["Acrobatics","Terror+1"],"picked":"Blur+1","floor":20},{"not_picked":["Crippling Poison+1","Dodge and Roll+1","Noxious Fumes"],"picked":"Singing Bowl","floor":24},{"not_picked":["Flying Knee","Acrobatics","Infinite Blades+1"],"picked":"Singing Bowl","floor":25},{"not_picked":["Outmaneuver","Deflect+1","Sucker Punch+1"],"picked":"Singing Bowl","floor":28},{"not_picked":["Flechettes+1","Deflect+1"],"picked":"Well Laid Plans+1","floor":29},{"not_picked":["Blade Dance","Underhanded Strike+1","Dagger Throw+1"],"picked":"Singing Bowl","floor":30},{"not_picked":["Catalyst","Underhanded Strike+1"],"picked":"Concentrate","floor":31}],"player_experience":1702346,"relics_obtained":[{"floor":5,"key":"Tiny Chest"},{"floor":6,"key":"Bag of Preparation"},{"floor":9,"key":"Singing Bowl"},{"floor":24,"key":"Torii"},{"floor":26,"key":"Molten Egg 2"}],"event_choices":[{"damage_healed":0,"gold_gain":175,"player_choice":"AGREE","damage_taken":0,"max_hp_gain":0,"max_hp_loss":0,"event_name":"Liars Game","floor":2,"gold_loss":0,"cards_obtained":["Doubt"]},{"cards_removed":["Doubt"],"damage_healed":0,"gold_gain":0,"player_choice":"Forget","damage_taken":0,"max_hp_gain":0,"max_hp_loss":0,"event_name":"Living Wall","floor":3,"gold_loss":0},{"damage_healed":0,"gold_gain":0,"player_choice":"Gave Potion","damage_taken":0,"relics_obtained":["Kunai"],"max_hp_gain":0,"max_hp_loss":0,"event_name":"WeMeetAgain","floor":8,"gold_loss":0},{"damage_healed":0,"gold_gain":0,"player_choice":"Ignored","damage_taken":0,"max_hp_gain":0,"max_hp_loss":0,"event_name":"Beggar","floor":21,"gold_loss":0},{"damage_healed":0,"gold_gain":0,"player_choice":"Stole Relic","damage_taken":0,"relics_obtained":["Bag of Marbles"],"max_hp_gain":0,"max_hp_loss":0,"event_name":"Addict","floor":22,"gold_loss":0,"cards_obtained":["Shame"]},{"cards_removed":["Glass Knife"],"damage_healed":70,"gold_gain":0,"player_choice":"Offered Rare","damage_taken":0,"max_hp_gain":10,"max_hp_loss":0,"event_name":"Bonfire Elementals","floor":27,"gold_loss":0}],"is_beta":false,"boss_relics":[{"not_picked":["Ring of the Serpent","Runic Dome"],"picked":"Empty Cage"}],"items_purged_floors":[],"is_endless":false,"potions_floor_spawned":[6,11,12,14,16,18,28,29,30],"killed_by":"Automaton","ascension_level":11}