{"gold_per_floor":[111,111,36,36,36,63,75,17,17,17,17,45,19,51,51,127,127,142,142,30,30,45,45,62,62,107,107,125,152,152,164,164,235,235,247,247,308,358,428,428],"floor_reached":40,"playtime":1255,"items_purged":["Strike_B"],"score":925,"play_id":"ac55fc0f-3516-4228-b914-27e01c691899","local_time":"20190513201726","is_ascension_mode":true,"campfire_choices":[{"data":"Coolheaded","floor":11.0,"key":"SMITH"},{"data":"Defragment","floor":15.0,"key":"SMITH"},{"data":"Coolheaded","floor":23.0,"key":"SMITH"},{"floor":25.0,"key":"REST"},{"data":"Defend_B","floor":27.0,"key":"PURGE"},{"floor":32.0,"key":"REST"}],"neow_cost":"NONE","seed_source_timestamp":276148349646080,"circlet_count":0,"master_deck":["AscendersBane","Zap","Dualcast","Tempest","All For One","Coolheaded+1","Defragment+1","Ball Lightning","White Noise","Multi-Cast","Ball Lightning","Coolheaded+1","White Noise","Defragment+1","Go for the Eyes+1","Loop+1","Creative AI","Recycle+1","Machine Learning+1","Reinforced Body+1","Undo","Force Field+1"],"special_seed":0,"relics":["Snecko Eye","Boot","Peace Pipe","Gambling Chip","Gremlin Horn","Orrery","Bag of Preparation","Red Mask","Astrolabe","SsserpentHead"],"potions_floor_usage":[],"damage_taken":[{"damage":6.0,"enemies":"2 Louse","floor":1.0,"turns":3.0},{"damage":0.0,"enemies":"Lagavulin","floor":6.0,"turns":4.0},{"damage":0.0,"enemies":"Small Slimes","floor":7.0,"turns":3.0},{"damage":49.0,"enemies":"Gremlin Nob","floor":12.0,"turns":5.0},{"damage":0.0,"enemies":"Lagavulin","floor":14.0,"turns":3.0},{"damage":1.0,"enemies":"Hexaghost","floor":16.0,"turns":9.0},{"damage":17.0,"enemies":"Shell Parasite","floor":18.0,"turns":3.0},{"damage":13.0,"enemies":"2 Thieves","floor":22.0,"turns":3.0},{"damage":0.0,"enemies":"Snecko","floor":24.0,"turns":6.0},{"damage":14.0,"enemies":"Shelled Parasite and Fungi","floor":28.0,"turns":5.0},{"damage":0.0,"enemies":"Masked Bandits","floor":29.0,"turns":3.0},{"damage":0.0,"enemies":"Snake Plant","floor":31.0,"turns":3.0},{"damage":27.0,"enemies":"Collector","floor":33.0,"turns":9.0},{"damage":11.0,"enemies":"3 Darklings","floor":35.0,"turns":3.0},{"damage":4.0,"enemies":"Orb Walker","floor":37.0,"turns":5.0},{"damage":19.0,"enemies":"Jaw Worm Horde","floor":39.0,"turns":2.0},{"damage":2,"enemies":"Reptomancer","floor":40,"turns":2}],"seed_played":"5289187588495454712","potions_obtained":[{"floor":1.0,"key":"Block Potion"},{"floor":6.0,"key":"Weak Potion"},{"floor":12.0,"key":"Fire Potion"},{"floor":22.0,"key":"FearPotion"},{"floor":24.0,"key":"PowerPotion"},{"floor":37.0,"key":"Ancient Potion"},{"floor":38.0,"key":"Fruit Juice"},{"floor":38.0,"key":"Ancient Potion"}],"is_trial":false,"path_per_floor":["M","?","?","?","$","E","M","$","T","T","R","E","$","E","R","B",null,"M","?","$","?","M","R","M","R","T","R","M","?","?","M","R","B",null,"M","?","M","?","M","E"],"character_chosen":"DEFECT","items_purchased":["Coolheaded","Ball Lightning","Defragment"],"campfire_rested":2,"item_purchase_floors":[8,13,20],"current_hp_per_floor":[58,51,51,51,51,51,51,51,51,51,51,2,2,2,2,1,54,37,37,37,37,24,24,24,45,45,45,31,31,11,11,33,6,59,48,48,44,49,30,28],"gold":428,"neow_bonus":"BOSS_RELIC","is_prod":false,"is_daily":false,"chose_seed":false,"campfire_upgraded":3,"win_rate":0,"timestamp":1557749846,"path_taken":["M","?","?","?","$","E","M","?","T","?","R","E","$","E","R","BOSS","M","?","$","?","M","R","?","R","T","R","?","?","?","M","R","BOSS","M","?","?","?","?","E"],"build_version":"2019-01-23","purchased_purges":1,"victory":false,"max_hp_per_floor":[71,71,71,71,71,71,71,71,71,71,71,71,71,71,71,71,71,71,71,71,71,71,71,71,71,71,71,71,71,76,76,76,76,76,76,76,76,81,81,81],"card_choices":[{"not_picked":["Capacitor","Steam"],"picked":"Tempest","floor":1.0},{"not_picked":["Compile Driver","Blizzard","Stack"],"picked":"SKIP","floor":6.0},{"not_picked":["Redo","Sweeping Beam","Rebound"],"picked":"SKIP","floor":7.0},{"not_picked":["Electrodynamics","Coolheaded"],"picked":"Defragment","floor":12.0},{"not_picked":["Static Discharge","Leap"],"picked":"White Noise","floor":14.0},{"not_picked":["Seek","Fission"],"picked":"Multi-Cast","floor":16.0},{"not_picked":["Compile Driver","FTL"],"picked":"Ball Lightning","floor":17.0},{"not_picked":["Beam Cell","Stack"],"picked":"Coolheaded","floor":17.0},{"not_picked":["Hello World","Storm"],"picked":"White Noise","floor":17.0},{"not_picked":["Steam Power","Turbo","Melter"],"picked":"SKIP","floor":18.0},{"not_picked":["FTL+1","Rebound","Go for the Eyes"],"picked":"SKIP","floor":22.0},{"not_picked":["BootSequence","Compile Driver","Gash+1"],"picked":"SKIP","floor":24.0},{"not_picked":["Gash","Hyperbeam"],"picked":"Go for the Eyes+1","floor":28.0},{"not_picked":["Storm","Barrage+1"],"picked":"Loop+1","floor":31.0},{"not_picked":["Buffer","Seek"],"picked":"Creative AI","floor":33.0},{"not_picked":["Redo","Steam","Rebound"],"picked":"SKIP","floor":35.0},{"not_picked":["Go for the Eyes","Gash"],"picked":"Undo","floor":37.0},{"not_picked":["Steam","Leap"],"picked":"Force Field+1","floor":39.0}],"player_experience":1650360,"relics_obtained":[{"floor":6.0,"key":"Boot"},{"floor":9.0,"key":"Peace Pipe"},{"floor":12.0,"key":"Gambling Chip"},{"floor":14.0,"key":"Gremlin Horn"},{"floor":26.0,"key":"Bag of Preparation"},{"floor":29.0,"key":"Red Mask"}],"event_choices":[{"cards_removed":["Strike_B"],"damage_healed":0.0,"max_hp_gain":0.0,"max_hp_loss":0.0,"gold_gain":0.0,"event_name":"Golden Wing","player_choice":"Card Removal","floor":2.0,"gold_loss":0.0,"damage_taken":7.0},{"cards_removed":["Strike_B"],"damage_healed":0.0,"max_hp_gain":0.0,"max_hp_loss":0.0,"gold_gain":0.0,"event_name":"The Cleric","player_choice":"Card Removal","floor":3.0,"gold_loss":75.0,"damage_taken":0.0},{"damage_healed":0.0,"max_hp_gain":0.0,"max_hp_loss":0.0,"gold_gain":0.0,"cards_transformed":["Strike_B"],"event_name":"Living Wall","player_choice":"Change","floor":4.0,"gold_loss":0.0,"damage_taken":0.0,"cards_obtained":["All For One"]},{"damage_healed":0.0,"max_hp_gain":0.0,"max_hp_loss":0.0,"gold_gain":0.0,"event_name":"Vampires","player_choice":"Ignored","floor":19.0,"gold_loss":0.0,"damage_taken":0.0},{"damage_healed":0.0,"max_hp_gain":0.0,"max_hp_loss":0.0,"gold_gain":0.0,"event_name":"Accursed Blacksmith","player_choice":"Forge","floor":21.0,"gold_loss":0.0,"damage_taken":0.0,"cards_upgraded":["Defragment"]},{"damage_healed":0.0,"max_hp_gain":0.0,"max_hp_loss":0.0,"gold_gain":0.0,"event_name":"Masked Bandits","player_choice":"Fought Bandits","floor":29.0,"gold_loss":0.0,"damage_taken":0.0},{"damage_healed":0.0,"max_hp_gain":5.0,"max_hp_loss":0.0,"gold_gain":0.0,"event_name":"Forgotten Altar","player_choice":"Shed Blood","floor":30.0,"gold_loss":0.0,"damage_taken":25.0},{"damage_healed":0.0,"max_hp_gain":0.0,"max_hp_loss":0.0,"gold_gain":0.0,"event_name":"FaceTrader","player_choice":"Trade","floor":36.0,"gold_loss":0.0,"damage_taken":0.0,"relics_obtained":["SsserpentHead"]},{"damage_healed":0.0,"max_hp_gain":0.0,"max_hp_loss":0.0,"gold_gain":0.0,"event_name":"Lab","player_choice":"Got Potions","floor":38.0,"gold_loss":0.0,"damage_taken":0.0}],"is_beta":false,"boss_relics":[{"not_picked":["Busted Crown","Fusion Hammer"],"picked":"Orrery"},{"not_picked":["Eternal Feather","Pandora\u0027s Box"],"picked":"Astrolabe"}],"items_purged_floors":[20],"is_endless":false,"potions_floor_spawned":[1,6,12,22,24,31,37,39],"killed_by":"Reptomancer","ascension_level":20}