{"gold_per_floor":[11,29,29,29,42,42,74,74,101,121,121,148,168,193,193,290,290,306,177,177,188,208,208,236,249,249,249,0,0,30,30,30,126,126,139,157,157,172,185,185,202,202,228,257,257,257],"floor_reached":46,"playtime":2847,"items_purged":["Strike_R","Strike_R+1"],"score":635,"play_id":"7874278a-7ace-46c0-8143-aae856a4d51c","local_time":"20190420223450","is_ascension_mode":true,"campfire_choices":[{"data":"Fiend Fire","floor":6,"key":"SMITH"},{"data":"Inflame","floor":8,"key":"SMITH"},{"data":"Shrug It Off","floor":15,"key":"SMITH"},{"data":"Feel No Pain","floor":23,"key":"SMITH"},{"data":"Barricade","floor":32,"key":"SMITH"},{"data":"Limit Break","floor":40,"key":"SMITH"},{"data":"True Grit","floor":42,"key":"SMITH"},{"data":"Anger","floor":45,"key":"SMITH"}],"neow_cost":"NO_GOLD","seed_source_timestamp":825566869335000,"circlet_count":0,"master_deck":["Strike_R+1","Strike_R+1","Strike_R+1","Defend_R+1","Defend_R+1","Defend_R+1","Defend_R+1","Bash","Fiend Fire+1","Dropkick","Feel No Pain+1","Inflame+1","Barricade+1","Shrug It Off+1","Anger+1","Cleave","Feed","True Grit+1","Shrug It Off+1","Sword Boomerang","Metallicize","Armaments+1","Thunderclap","Shame","Limit Break+1","Ghostly Armor+1","Dramatic Entrance","Heavy Blade","Shockwave+1","Rage"],"relics":["Burning Blood","Vajra","Anchor","PreservedInsect","Bird Faced Urn","Coffee Dripper","Pen Nib","Matryoshka","Oddly Smooth Stone","Tiny Chest","Mark of Pain","Juzu Bracelet","Lantern","Bottled Tornado"],"potions_floor_usage":[16,41,41,44,46],"damage_taken":[{"damage":5,"enemies":"Cultist","floor":1,"turns":4},{"damage":7,"enemies":"Small Slimes","floor":2,"turns":3},{"damage":11,"enemies":"Jaw Worm","floor":5,"turns":4},{"damage":20,"enemies":"Gremlin Nob","floor":7,"turns":4},{"damage":9,"enemies":"3 Louse","floor":10,"turns":3},{"damage":8,"enemies":"3 Sentries","floor":12,"turns":8},{"damage":9,"enemies":"Red Slaver","floor":13,"turns":3},{"damage":13,"enemies":"Gremlin Nob","floor":14,"turns":3},{"damage":35,"enemies":"Hexaghost","floor":16,"turns":9},{"damage":0,"enemies":"Chosen","floor":18,"turns":4},{"damage":1,"enemies":"2 Thieves","floor":21,"turns":4},{"damage":22,"enemies":"Shelled Parasite and Fungi","floor":22,"turns":8},{"damage":30,"enemies":"Book of Stabbing","floor":24,"turns":5},{"damage":9,"enemies":"Snake Plant","floor":25,"turns":4},{"damage":36,"enemies":"Automaton","floor":33,"turns":16},{"damage":10,"enemies":"Orb Walker","floor":35,"turns":4},{"damage":6,"enemies":"3 Darklings","floor":36,"turns":6},{"damage":31,"enemies":"Jaw Worm Horde","floor":38,"turns":6},{"damage":71,"enemies":"4 Shapes","floor":39,"turns":11},{"damage":0,"enemies":"Spire Growth","floor":41,"turns":3},{"damage":21,"enemies":"Reptomancer","floor":44,"turns":6},{"damage":21,"enemies":"Sphere and 2 Shapes","floor":46,"turns":7}],"seed_played":"-6301306488355565138","potions_obtained":[{"floor":2,"key":"Swift Potion"},{"floor":7,"key":"GamblersBrew"},{"floor":13,"key":"Fire Potion"},{"floor":16,"key":"PowerPotion"},{"floor":25,"key":"EssenceOfSteel"},{"floor":41,"key":"AttackPotion"}],"is_trial":false,"path_per_floor":["M","M","$","?","M","R","E","R","T","M","?","E","M","E","R","B",null,"M","$","?","M","M","R","E","M","T","?","$","?","?","$","R","B",null,"M","M","?","M","M","R","M","R","T","E","R","M"],"character_chosen":"IRONCLAD","items_purchased":["True Grit","Oddly Smooth Stone"],"campfire_rested":0,"item_purchase_floors":[19,28],"current_hp_per_floor":[80,79,79,84,79,79,65,65,65,62,62,60,57,50,50,25,70,78,78,78,88,72,72,54,55,55,55,55,55,55,55,55,37,78,78,84,84,70,11,11,21,21,21,12,12,0],"gold":257,"neow_bonus":"THREE_RARE_CARDS","is_prod":false,"is_daily":false,"chose_seed":false,"campfire_upgraded":8,"win_rate":0,"timestamp":1555824890,"path_taken":["M","?","?","?","M","R","E","R","T","M","?","E","M","E","R","BOSS","M","$","?","M","?","R","E","M","T","?","$","?","?","?","R","BOSS","M","M","?","M","M","R","M","R","T","E","R","M"],"build_version":"2019-01-23","purchased_purges":2,"victory":false,"max_hp_per_floor":[80,80,80,85,85,85,85,85,85,85,85,85,85,85,85,85,85,85,85,85,88,88,88,88,88,88,88,88,88,88,88,88,92,92,92,92,92,95,95,95,95,95,95,95,95,98],"card_choices":[{"not_picked":["Double Tap","Dark Embrace"],"picked":"Fiend Fire","floor":0},{"not_picked":["Body Slam","Fire Breathing"],"picked":"Dropkick","floor":1},{"not_picked":["Flex","Body Slam"],"picked":"Feel No Pain","floor":2},{"not_picked":["Battle Trance","Uppercut"],"picked":"Inflame","floor":5},{"not_picked":["Sever Soul","Clash","Rupture"],"picked":"SKIP","floor":7},{"not_picked":["Infernal Blade","Shockwave"],"picked":"Barricade","floor":10},{"not_picked":["Armaments","Spot Weakness"],"picked":"Shrug It Off","floor":12},{"not_picked":["Fire Breathing","Combust"],"picked":"Anger","floor":13},{"not_picked":["Armaments","Second Wind"],"picked":"Cleave","floor":14},{"not_picked":["Fiend Fire","Offering"],"picked":"Feed","floor":16},{"not_picked":["Sever Soul","Dual Wield","Cleave"],"picked":"SKIP","floor":18},{"not_picked":["Flex","Shrug It Off"],"picked":"Sword Boomerang","floor":21},{"not_picked":["Rupture","Armaments"],"picked":"Metallicize","floor":22},{"not_picked":["True Grit","Clash"],"picked":"Armaments+1","floor":24},{"not_picked":["Clash","Shrug It Off"],"picked":"Thunderclap","floor":25},{"not_picked":["Bludgeon","Juggernaut"],"picked":"Limit Break","floor":33},{"not_picked":["Rampage+1","Corruption","Hemokinesis"],"picked":"SKIP","floor":35},{"not_picked":["Corruption+1","Thunderclap+1"],"picked":"Ghostly Armor+1","floor":36},{"not_picked":["Violence","Jack Of All Trades"],"picked":"Dramatic Entrance","floor":37},{"not_picked":["Hemokinesis","Rupture"],"picked":"Heavy Blade","floor":38},{"not_picked":["Cleave","Anger+1","Wild Strike+1"],"picked":"SKIP","floor":39},{"not_picked":["Iron Wave+1","Cleave+1"],"picked":"Shockwave+1","floor":41},{"not_picked":["Pummel+1","Perfected Strike+1"],"picked":"Rage","floor":44}],"player_experience":347807,"relics_obtained":[{"floor":7,"key":"Vajra"},{"floor":9,"key":"Anchor"},{"floor":12,"key":"PreservedInsect"},{"floor":14,"key":"Bird Faced Urn"},{"floor":24,"key":"Pen Nib"},{"floor":26,"key":"Matryoshka"},{"floor":43,"key":"Juzu Bracelet"},{"floor":43,"key":"Lantern"},{"floor":44,"key":"Bottled Tornado"}],"event_choices":[{"damage_healed":0,"gold_gain":0,"player_choice":"Donut","damage_taken":0,"max_hp_gain":5,"max_hp_loss":0,"event_name":"Big Fish","floor":4,"gold_loss":0},{"damage_healed":0,"gold_gain":0,"player_choice":"Ignored","damage_taken":0,"max_hp_gain":0,"max_hp_loss":0,"event_name":"Liars Game","floor":11,"gold_loss":0},{"damage_healed":0,"gold_gain":0,"player_choice":"Copied","damage_taken":0,"max_hp_gain":0,"max_hp_loss":0,"event_name":"Duplicator","floor":20,"gold_loss":0,"cards_obtained":["Shrug It Off"]},{"damage_healed":0,"gold_gain":0,"player_choice":"Simplicity","damage_taken":0,"max_hp_gain":0,"max_hp_loss":0,"event_name":"Back to Basics","floor":27,"gold_loss":0,"cards_upgraded":["Strike_R","Strike_R","Strike_R","Strike_R","Defend_R","Defend_R","Defend_R","Defend_R"]},{"damage_healed":0,"gold_gain":0,"player_choice":"Stole Relic","damage_taken":0,"relics_obtained":["Tiny Chest"],"max_hp_gain":0,"max_hp_loss":0,"event_name":"Addict","floor":30,"gold_loss":0,"cards_obtained":["Shame"]},{"damage_healed":0,"gold_gain":0,"player_choice":"Memory 1","damage_taken":0,"max_hp_gain":0,"max_hp_loss":0,"event_name":"SensoryStone","floor":37,"gold_loss":0}],"is_beta":false,"boss_relics":[{"not_picked":["Lizard Tail","Astrolabe"],"picked":"Coffee Dripper"},{"not_picked":["Busted Crown","Runic Dome"],"picked":"Mark of Pain"}],"items_purged_floors":[19,28],"is_endless":false,"potions_floor_spawned":[2,7,13,14,16,21,22,25,35,36,41],"killed_by":"Sphere and 2 Shapes","ascension_level":5}