{"gold_per_floor":[115,127,137,137,137,137,312,30,30,53,391,404,404,418,418,418],"floor_reached":16,"playtime":816,"items_purged":["Doubt"],"score":122,"play_id":"fc308f13-37e4-43e6-93e7-c97c9e6391c0","local_time":"20181230212801","is_ascension_mode":true,"campfire_choices":[{"data":"FTL","floor":6,"key":"SMITH"},{"data":"White Noise","floor":13,"key":"SMITH"},{"data":"Hologram","floor":15,"key":"SMITH"}],"neow_cost":"NONE","seed_source_timestamp":287748474690308,"circlet_count":0,"master_deck":["Strike_B","Strike_B","Strike_B","Defend_B","Defend_B","Defend_B","Defend_B","Zap","Dualcast","FTL+1","Rebound","FTL","Injury","Seek","Rebound","Hologram+1","White Noise+1","Redo","Steam"],"relics":["Cracked Core","NeowsBlessing","Golden Idol","Old Coin"],"potions_floor_usage":[11,11,16],"damage_taken":[{"damage":0,"enemies":"Jaw Worm","floor":1,"turns":1},{"damage":0,"enemies":"Small Slimes","floor":2,"turns":1},{"damage":0,"enemies":"2 Louse","floor":3,"turns":1},{"damage":0,"enemies":"Large Slime","floor":10,"turns":4},{"damage":16,"enemies":"Lagavulin","floor":11,"turns":5},{"damage":0,"enemies":"2 Fungi Beasts","floor":12,"turns":2},{"damage":7,"enemies":"Looter","floor":14,"turns":3},{"damage":56,"enemies":"Slime Boss","floor":16,"turns":7}],"seed_played":"-2860238449333823752","potions_obtained":[{"floor":1,"key":"PowerPotion"},{"floor":2,"key":"EssenceOfSteel"},{"floor":12,"key":"EssenceOfSteel"}],"is_trial":false,"path_per_floor":["M","M","M","?","?","R","?","$","T","M","E","M","R","M","R","B"],"character_chosen":"DEFECT","items_purchased":["Seek","Rebound"],"campfire_rested":0,"item_purchase_floors":[8,8],"current_hp_per_floor":[75,75,75,68,68,68,68,68,68,68,52,52,52,45,45,0],"gold":418,"neow_bonus":"THREE_ENEMY_KILL","is_prod":false,"is_daily":false,"chose_seed":false,"campfire_upgraded":3,"win_rate":0,"timestamp":1546234081,"path_taken":["M","M","M","?","?","R","?","$","T","M","E","?","R","M","R","BOSS"],"build_version":"2018-12-20","purchased_purges":1,"victory":false,"max_hp_per_floor":[75,75,75,75,75,75,75,75,75,75,75,75,75,75,75,75],"card_choices":[{"not_picked":["Recycle","Turbo"],"picked":"FTL","floor":1},{"not_picked":["Compile Driver","Barrage"],"picked":"Rebound","floor":2},{"not_picked":["Beam Cell","Undo"],"picked":"FTL","floor":3},{"not_picked":["Genetic Algorithm","Glacier"],"picked":"Hologram","floor":10},{"not_picked":["Stack","Echo Form"],"picked":"White Noise","floor":11},{"not_picked":["Stack","Cold Snap"],"picked":"Redo","floor":12},{"not_picked":["Go for the Eyes","Glacier"],"picked":"Steam","floor":14}],"player_experience":275555,"relics_obtained":[{"floor":11,"key":"Old Coin"}],"event_choices":[{"cards_removed":["Strike_B"],"damage_healed":0,"gold_gain":0,"player_choice":"Card Removal","damage_taken":7,"max_hp_gain":0,"max_hp_loss":0,"event_name":"Golden Wing","floor":4,"gold_loss":0},{"damage_healed":0,"gold_gain":0,"player_choice":"Take Wound","damage_taken":0,"relics_obtained":["Golden Idol"],"max_hp_gain":0,"max_hp_loss":0,"event_name":"Golden Idol","floor":5,"gold_loss":0,"cards_obtained":["Injury"]},{"damage_healed":0,"gold_gain":175,"player_choice":"AGREE","damage_taken":0,"max_hp_gain":0,"max_hp_loss":0,"event_name":"Liars Game","floor":7,"gold_loss":0,"cards_obtained":["Doubt"]}],"is_beta":false,"boss_relics":[],"items_purged_floors":[8],"is_endless":false,"potions_floor_spawned":[1,2,12],"killed_by":"Slime Boss","ascension_level":4}