{"gold_per_floor":[111,125,125,125,144,144,170,170,195,195,50,80,97,59,59,161,161,178,194,213,57,57,57,237,237],"floor_reached":25,"playtime":812,"items_purged":["Strike_R"],"score":351,"play_id":"12fd1a99-728c-4c28-8b53-ef529d3bdba0","local_time":"20190513114914","is_ascension_mode":true,"campfire_choices":[{"data":"Cleave","floor":6,"key":"SMITH"},{"data":"Bash","floor":8,"key":"SMITH"},{"data":"Demon Form","floor":10,"key":"SMITH"},{"floor":15,"key":"REST"},{"floor":23,"key":"REST"}],"neow_cost":"TEN_PERCENT_HP_LOSS","seed_source_timestamp":787513019694400,"circlet_count":0,"master_deck":["AscendersBane","Strike_R","Strike_R","Strike_R","Strike_R","Defend_R","Defend_R","Defend_R","Defend_R","Bash+1","Demon Form+1","Shrug It Off","Cleave+1","Feel No Pain","Evolve","Heavy Blade","True Grit","Feel No Pain","Offering","True Grit","Iron Wave","Uppercut"],"relics":["Burning Blood","CultistMask","Bag of Preparation","Boot","Sundial","Mark of Pain","Strawberry","Shovel"],"potions_floor_usage":[19,20],"damage_taken":[{"damage":1,"enemies":"Cultist","floor":1,"turns":4},{"damage":10,"enemies":"2 Louse","floor":2,"turns":3},{"damage":8,"enemies":"Jaw Worm","floor":5,"turns":5},{"damage":31,"enemies":"Gremlin Nob","floor":7,"turns":5},{"damage":12,"enemies":"Lagavulin","floor":12,"turns":6},{"damage":1,"enemies":"Exordium Thugs","floor":13,"turns":3},{"damage":31,"enemies":"Hexaghost","floor":16,"turns":8},{"damage":36,"enemies":"Spheric Guardian","floor":18,"turns":4},{"damage":26,"enemies":"2 Thieves","floor":19,"turns":4},{"damage":22,"enemies":"3 Cultists","floor":20,"turns":6},{"damage":22,"enemies":"Book of Stabbing","floor":25,"turns":3}],"seed_played":"287851526460980606","potions_obtained":[{"floor":5,"key":"SpeedPotion"},{"floor":13,"key":"GamblersBrew"},{"floor":16,"key":"FairyPotion"},{"floor":20,"key":"Energy Potion"}],"is_trial":false,"path_per_floor":["M","M","?","?","M","R","E","R","T","R","$","E","M","$","R","B",null,"M","M","M","$","T","R","?","E"],"character_chosen":"IRONCLAD","items_purchased":["Evolve","Feel No Pain","Strawberry"],"campfire_rested":2,"item_purchase_floors":[11,14,21],"current_hp_per_floor":[72,68,68,68,66,66,41,41,41,41,41,35,40,40,61,36,63,33,13,13,20,20,43,22,0],"gold":237,"neow_bonus":"THREE_RARE_CARDS","is_prod":false,"is_daily":false,"chose_seed":false,"campfire_upgraded":3,"win_rate":0,"timestamp":1557773354,"path_taken":["M","M","?","?","M","R","E","R","T","R","$","E","M","$","R","BOSS","M","M","M","$","?","R","?","E"],"build_version":"2019-01-23","purchased_purges":1,"victory":false,"max_hp_per_floor":[72,72,72,72,72,72,72,72,72,72,72,72,72,72,72,72,72,72,72,72,79,79,79,79,79],"card_choices":[{"not_picked":["Double Tap","Juggernaut"],"picked":"Demon Form","floor":0},{"not_picked":["Anger","Corruption"],"picked":"Shrug It Off","floor":1},{"not_picked":["Heavy Blade","Clash"],"picked":"Cleave","floor":2},{"not_picked":["Thunderclap","Iron Wave"],"picked":"Feel No Pain","floor":5},{"not_picked":["Rampage","Clash","Flex"],"picked":"SKIP","floor":7},{"not_picked":["Sever Soul","Searing Blow"],"picked":"Heavy Blade","floor":12},{"not_picked":["Shrug It Off","Rampage"],"picked":"True Grit","floor":13},{"not_picked":["Brutality","Double Tap"],"picked":"Offering","floor":16},{"not_picked":["Pummel+1","Cleave"],"picked":"True Grit","floor":18},{"not_picked":["Rampage+1","Hemokinesis+1"],"picked":"Iron Wave","floor":19},{"not_picked":["Disarm","Headbutt+1"],"picked":"Uppercut","floor":20}],"player_experience":469440,"relics_obtained":[{"floor":7,"key":"Bag of Preparation"},{"floor":9,"key":"Boot"},{"floor":12,"key":"Sundial"},{"floor":22,"key":"Shovel"}],"event_choices":[{"damage_healed":0,"gold_gain":0,"player_choice":"Ignored","damage_taken":0,"max_hp_gain":0,"max_hp_loss":0,"event_name":"Liars Game","floor":3,"gold_loss":0},{"damage_healed":0,"gold_gain":0,"player_choice":"Trade","damage_taken":0,"relics_obtained":["CultistMask"],"max_hp_gain":0,"max_hp_loss":0,"event_name":"FaceTrader","floor":4,"gold_loss":0},{"damage_healed":0,"gold_gain":180,"player_choice":"GOLD GOLD ","damage_taken":21,"max_hp_gain":0,"max_hp_loss":0,"event_name":"Knowing Skull","floor":24,"potions_obtained":[],"gold_loss":0,"cards_obtained":[]}],"is_beta":false,"boss_relics":[{"not_picked":["Lizard Tail","Cursed Key"],"picked":"Mark of Pain"}],"items_purged_floors":[11],"is_endless":false,"potions_floor_spawned":[5,13,16,18,20],"killed_by":"Book of Stabbing","ascension_level":10}