{"gold_per_floor":[116,116,116,135,210,241,255,10,10,10,46,46,60,99,99,195,195,214,24,47,70,70,70,70],"floor_reached":24,"playtime":958,"items_purged":["Regret"],"score":394,"play_id":"ee77c8a6-0c30-4259-8bad-9b560933ee14","local_time":"20190510201409","is_ascension_mode":true,"campfire_choices":[{"floor":10,"key":"REST"},{"data":"Discovery","floor":12,"key":"SMITH"},{"floor":15,"key":"REST"},{"floor":23,"key":"REST"}],"neow_cost":"NONE","seed_source_timestamp":263529405803999,"circlet_count":0,"master_deck":["AscendersBane","Strike_B","Strike_B","Strike_B","Strike_B","Defend_B","Defend_B","Defend_B","Defend_B","Zap","Dualcast","Heatsinks","Injury","Melter","Conserve Battery","Reinforced Body","Discovery+1","Static Discharge","Reinforced Body","Capacitor","Streamline","Creative AI","Heatsinks","Conserve Battery","Turbo"],"relics":["Cracked Core","NeowsBlessing","Ice Cream","Golden Idol","Letter Opener","Gremlin Horn","Mercury Hourglass","Dream Catcher","Lizard Tail","Lee\u0027s Waffle"],"potions_floor_usage":[11,20],"damage_taken":[{"damage":0,"enemies":"2 Louse","floor":1,"turns":1},{"damage":0,"enemies":"Small Slimes","floor":4,"turns":1},{"damage":0,"enemies":"3 Sentries","floor":6,"turns":1},{"damage":12,"enemies":"Jaw Worm","floor":7,"turns":3},{"damage":9,"enemies":"Lagavulin","floor":11,"turns":5},{"damage":6,"enemies":"Looter","floor":13,"turns":2},{"damage":31,"enemies":"Gremlin Nob","floor":14,"turns":5},{"damage":10,"enemies":"The Guardian","floor":16,"turns":9},{"damage":30,"enemies":"Chosen","floor":18,"turns":6},{"damage":46,"enemies":"Shell Parasite","floor":20,"turns":6},{"damage":28,"enemies":"Snake Plant","floor":21,"turns":4},{"damage":50,"enemies":"Colosseum Slavers","floor":22,"turns":5},{"damage":33,"enemies":"Centurion and Healer","floor":24,"turns":4}],"seed_played":"-633174879383817654","potions_obtained":[{"floor":1,"key":"PowerPotion"},{"floor":11,"key":"Dexterity Potion"},{"floor":14,"key":"Ancient Potion"},{"floor":20,"key":"Explosive Potion"}],"is_trial":false,"path_per_floor":["M","?","?","M","?","E","M","$","T","R","E","R","M","E","R","B",null,"M","$","M","M","?","R","M"],"character_chosen":"DEFECT","items_purchased":["Discovery","Static Discharge","Lee\u0027s Waffle"],"campfire_rested":3,"item_purchase_floors":[8,8,19],"current_hp_per_floor":[68,68,68,68,57,57,45,45,45,67,58,58,52,21,43,33,65,35,82,36,8,6,30,0],"gold":70,"neow_bonus":"THREE_ENEMY_KILL","is_prod":false,"is_daily":false,"chose_seed":false,"campfire_upgraded":1,"win_rate":0,"timestamp":1557512049,"path_taken":["M","?","?","M","?","E","M","$","T","R","E","R","M","E","R","BOSS","M","$","M","M","?","R","M"],"build_version":"2019-01-23","purchased_purges":1,"victory":false,"max_hp_per_floor":[75,75,75,75,75,75,75,75,75,75,75,75,75,75,75,75,75,75,82,82,82,82,82,82],"card_choices":[{"not_picked":["Reprogram","Sweeping Beam"],"picked":"Heatsinks","floor":1},{"not_picked":["Cold Snap","Beam Cell"],"picked":"Melter","floor":4},{"not_picked":["Genetic Algorithm","Cold Snap"],"picked":"Conserve Battery","floor":6},{"not_picked":["Genetic Algorithm","Gash"],"picked":"Reinforced Body","floor":7},{"not_picked":["Auto Shields","Steam"],"picked":"Reinforced Body","floor":11},{"not_picked":["Steam Power","Cold Snap"],"picked":"Capacitor","floor":13},{"not_picked":["Ball Lightning","Compile Driver","FTL"],"picked":"SKIP","floor":14},{"not_picked":["Stack","Leap"],"picked":"Streamline","floor":15},{"not_picked":["Rainbow","Biased Cognition"],"picked":"Creative AI","floor":16},{"not_picked":["Rip and Tear","Coolheaded"],"picked":"Heatsinks","floor":18},{"not_picked":["Leap","Darkness"],"picked":"Conserve Battery","floor":20},{"not_picked":["Steam","Static Discharge"],"picked":"Turbo","floor":21}],"player_experience":1834799,"relics_obtained":[{"floor":6,"key":"Letter Opener"},{"floor":9,"key":"Gremlin Horn"},{"floor":11,"key":"Mercury Hourglass"},{"floor":14,"key":"Dream Catcher"}],"event_choices":[{"damage_healed":0,"gold_gain":0,"player_choice":"Box","damage_taken":0,"relics_obtained":["Ice Cream"],"max_hp_gain":0,"max_hp_loss":0,"event_name":"Big Fish","floor":2,"gold_loss":0,"cards_obtained":["Regret"]},{"damage_healed":0,"gold_gain":0,"player_choice":"Take Wound","damage_taken":0,"relics_obtained":["Golden Idol"],"max_hp_gain":0,"max_hp_loss":0,"event_name":"Golden Idol","floor":3,"gold_loss":0,"cards_obtained":["Injury"]},{"damage_healed":0,"gold_gain":75,"player_choice":"Gather Gold","damage_taken":11,"max_hp_gain":0,"max_hp_loss":0,"event_name":"World of Goop","floor":5,"gold_loss":0},{"damage_healed":0,"gold_gain":0,"player_choice":"Fight","damage_taken":0,"max_hp_gain":0,"max_hp_loss":0,"event_name":"Colosseum","floor":22,"gold_loss":0},{"damage_healed":0,"gold_gain":0,"player_choice":"Fled From Nobs","damage_taken":0,"max_hp_gain":0,"max_hp_loss":0,"event_name":"Colosseum","floor":22,"gold_loss":0}],"is_beta":false,"boss_relics":[{"not_picked":["Tiny House","Snecko Eye"],"picked":"Lizard Tail"}],"items_purged_floors":[8],"is_endless":false,"potions_floor_spawned":[1,11,14,20,21],"killed_by":"Centurion and Healer","ascension_level":13}