{"gold_per_floor":[118,68,143,143,162,190,190,225,225,252,263,288,288,288,288,386,386,398,416,341,354,354,354,388,388,441,461,472,484,484,518,518,620,620,640,691,691,691,691,718,96,122,149,177,177,177,209,61,61,61],"floor_reached":51,"playtime":3623,"items_purged":["Writhe","Strike_G+1"],"score":1115,"play_id":"d2d4b425-5efa-4bfa-bbad-11509fc0a574","local_time":"20181123235848","is_ascension_mode":true,"campfire_choices":[{"floor":7,"key":"REST"},{"floor":13,"key":"REST"},{"floor":15,"key":"REST"},{"floor":23,"key":"REST"},{"data":"Footwork","floor":32,"key":"SMITH"},{"data":"Catalyst","floor":46,"key":"SMITH"},{"floor":49,"key":"REST"}],"neow_cost":"NONE","seed_source_timestamp":796505005820500,"circlet_count":0,"master_deck":["Defend_G+1","Defend_G+1","Defend_G+1","Defend_G+1","Defend_G+1","Strike_G+1","Survivor+1","Neutralize+1","Flying Knee+1","Blur+1","Dagger Spray+1","After Image+1","Blur+1","Riddle With Holes+1","Caltrops+1","Quick Slash+1","Die Die Die+1","Footwork+1","Flying Knee+1","Necronomicurse","Quick Slash+1","Concentrate+1","Crippling Poison+1","Tools of the Trade+1","Doppelganger+1","Footwork+1","Outmaneuver+1","Ghostly+1","Ghostly+1","Ghostly+1","Ghostly+1","Ghostly+1","Flechettes+1","Burst+1","Dash+1","Corpse Explosion","Noxious Fumes","Catalyst+1","The Bomb","Tactician+1"],"relics":["Ring of the Snake","Orichalcum","Calipers","Mercury Hourglass","Dream Catcher","Gremlin Horn","Odd Mushroom","War Paint","Velvet Choker","Necronomicon","Ice Cream","Strawberry","Ancient Tea Set","Philosopher\u0027s Stone","Pocketwatch","Mark of the Bloom","WingedGreaves","Membership Card","Mango","Thread and Needle","Molten Egg 2","PreservedInsect","Anchor","Turnip"],"potions_floor_usage":[8,12,12,16,31,40,42,50,50],"damage_taken":[{"damage":1,"enemies":"Cultist","floor":1,"turns":3},{"damage":0,"enemies":"Jaw Worm","floor":5,"turns":3},{"damage":33,"enemies":"3 Sentries","floor":6,"turns":15},{"damage":3,"enemies":"Gremlin Nob","floor":8,"turns":5},{"damage":10,"enemies":"The Mushroom Lair","floor":10,"turns":4},{"damage":2,"enemies":"Small Slimes","floor":11,"turns":2},{"damage":20,"enemies":"3 Sentries","floor":12,"turns":6},{"damage":17,"enemies":"The Guardian","floor":16,"turns":12},{"damage":0,"enemies":"3 Byrds","floor":18,"turns":3},{"damage":13,"enemies":"Spheric Guardian","floor":19,"turns":5},{"damage":2,"enemies":"Centurion and Healer","floor":21,"turns":13},{"damage":9,"enemies":"Book of Stabbing","floor":24,"turns":7},{"damage":5,"enemies":"Shelled Parasite and Fungi","floor":27,"turns":6},{"damage":15,"enemies":"Snake Plant","floor":28,"turns":5},{"damage":0,"enemies":"Sentry and Sphere","floor":29,"turns":4},{"damage":0,"enemies":"Gremlin Leader","floor":31,"turns":7},{"damage":0,"enemies":"Champ","floor":33,"turns":21},{"damage":0,"enemies":"Orb Walker","floor":35,"turns":5},{"damage":0,"enemies":"2 Orb Walkers","floor":36,"turns":8},{"damage":0,"enemies":"Giant Head","floor":40,"turns":12},{"damage":6,"enemies":"Nemesis","floor":42,"turns":7},{"damage":10,"enemies":"Reptomancer","floor":44,"turns":5},{"damage":0,"enemies":"Giant Head","floor":47,"turns":8},{"damage":0,"enemies":"Time Eater","floor":50,"turns":12}],"seed_played":"-7354857224415639047","potions_obtained":[{"floor":6,"key":"EssenceOfSteel"},{"floor":10,"key":"Swift Potion"},{"floor":11,"key":"EssenceOfSteel"},{"floor":12,"key":"LiquidBronze"},{"floor":16,"key":"Regen Potion"},{"floor":19,"key":"SpeedPotion"},{"floor":29,"key":"PowerPotion"},{"floor":31,"key":"GhostInAJar"}],"is_trial":false,"path_per_floor":["M","?","?","?","M","E","R","E","T","?","M","E","R","?","R","B",null,"M","M","?","M","?","R","E","?","T","M","M","M","?","E","R","B",null,"M","?","?","?","?","E","$","E","T","E","?","R","E","$","R","B",null],"character_chosen":"THE_SILENT","items_purchased":["Membership Card","Mango","Thread and Needle","Noxious Fumes","PowerPotion","The Bomb"],"campfire_rested":5,"item_purchase_floors":[41,41,41,41,41,48],"current_hp_per_floor":[69,69,58,58,58,25,46,43,43,33,31,11,32,32,53,36,70,70,57,57,55,39,60,51,51,58,53,38,38,38,38,38,38,38,38,38,38,38,38,38,38,32,32,22,22,22,22,22,22,22],"gold":61,"neow_bonus":"RANDOM_COMMON_RELIC","is_prod":false,"is_daily":false,"chose_seed":false,"campfire_upgraded":2,"win_rate":0,"timestamp":1543013928,"path_taken":["M","?","?","?","?","E","R","E","T","?","M","E","R","?","R","BOSS","M","M","?","M","?","R","E","?","T","M","M","M","?","E","R","BOSS","M","?","?","?","?","E","$","E","T","E","?","R","E","$","R","BOSS"],"build_version":"2018-11-15","purchased_purges":2,"victory":true,"max_hp_per_floor":[70,70,70,70,70,70,70,70,70,70,70,70,70,70,70,70,70,70,70,70,70,70,70,70,70,77,77,77,77,38,38,38,38,38,38,38,38,38,38,38,52,52,52,52,52,52,52,52,52,52],"card_choices":[{"not_picked":["Predator","Footwork"],"picked":"Flying Knee","floor":1},{"not_picked":["Outmaneuver","Poisoned Stab"],"picked":"Blur","floor":5},{"not_picked":["Quick Slash","Calculated Gamble"],"picked":"Dagger Spray","floor":6},{"not_picked":["Cloak And Dagger","PiercingWail"],"picked":"After Image","floor":8},{"not_picked":["All Out Attack","Dagger Throw"],"picked":"Blur","floor":10},{"not_picked":["Blade Dance","Backflip"],"picked":"Riddle With Holes","floor":11},{"not_picked":["Prepared","Blur","Leg Sweep"],"picked":"SKIP","floor":12},{"not_picked":["Sucker Punch","Blade Dance"],"picked":"Caltrops","floor":13},{"not_picked":["Choke","Dash"],"picked":"Quick Slash","floor":15},{"not_picked":["Storm of Steel","Glass Knife"],"picked":"Die Die Die","floor":16},{"not_picked":["Deadly Poison","Cloak And Dagger"],"picked":"Footwork","floor":18},{"not_picked":["Poisoned Stab+1","Acrobatics","Underhanded Strike"],"picked":"SKIP","floor":19},{"not_picked":["Tactician","Bullet Time"],"picked":"Flying Knee+1","floor":21},{"not_picked":["Acrobatics","Setup"],"picked":"Quick Slash","floor":23},{"not_picked":["Deflect","Poisoned Stab+1"],"picked":"Concentrate","floor":24},{"not_picked":["Dagger Throw","PiercingWail"],"picked":"Doppelganger","floor":27},{"not_picked":["Bane+1","Finisher"],"picked":"Footwork","floor":28},{"not_picked":["Finisher","Blade Dance+1"],"picked":"Outmaneuver+1","floor":29},{"not_picked":["Blade Dance+1","Dodge and Roll"],"picked":"Flechettes","floor":31},{"not_picked":["Storm of Steel","Adrenaline"],"picked":"Burst","floor":33},{"not_picked":["Blade Dance","Acrobatics+1","Deflect"],"picked":"SKIP","floor":35},{"not_picked":["Masterful Stab","Underhanded Strike"],"picked":"Dash","floor":36},{"not_picked":["Deadly Poison","Bane"],"picked":"Corpse Explosion","floor":40},{"not_picked":["Underhanded Strike+1","Sucker Punch+1"],"picked":"Catalyst","floor":42},{"not_picked":["Slice+1","Finisher+1","Deadly Poison+1"],"picked":"SKIP","floor":44},{"not_picked":["Sucker Punch+1","Flechettes+1","Infinite Blades"],"picked":"SKIP","floor":47},{"not_picked":["Escape Plan","Masterful Stab+1"],"picked":"Tactician+1","floor":49}],"player_experience":1025818,"relics_obtained":[{"floor":6,"key":"Mercury Hourglass"},{"floor":8,"key":"Dream Catcher"},{"floor":9,"key":"Gremlin Horn"},{"floor":10,"key":"Odd Mushroom"},{"floor":12,"key":"War Paint"},{"floor":22,"key":"Necronomicon"},{"floor":24,"key":"Ice Cream"},{"floor":26,"key":"Strawberry"},{"floor":31,"key":"Ancient Tea Set"},{"floor":36,"key":"Pocketwatch"},{"floor":40,"key":"WingedGreaves"},{"floor":42,"key":"Molten Egg 2"},{"floor":43,"key":"PreservedInsect"},{"floor":44,"key":"Anchor"},{"floor":47,"key":"Turnip"}],"event_choices":[{"cards_removed":["Strike_G"],"damage_healed":0,"gold_gain":0,"player_choice":"Card Removal","damage_taken":0,"max_hp_gain":0,"max_hp_loss":0,"event_name":"The Cleric","floor":2,"gold_loss":50},{"damage_healed":0,"gold_gain":75,"player_choice":"Gather Gold","damage_taken":11,"max_hp_gain":0,"max_hp_loss":0,"event_name":"World of Goop","floor":3,"gold_loss":0},{"damage_healed":0,"gold_gain":0,"player_choice":"Box","damage_taken":0,"relics_obtained":["Calipers"],"max_hp_gain":0,"max_hp_loss":0,"event_name":"Big Fish","floor":4,"gold_loss":0,"cards_obtained":["Regret"]},{"damage_healed":0,"gold_gain":0,"player_choice":"Fought Mushrooms","damage_taken":0,"max_hp_gain":0,"max_hp_loss":0,"event_name":"Mushrooms","floor":10,"gold_loss":0},{"damage_healed":0,"gold_gain":0,"player_choice":"Fled","damage_taken":0,"max_hp_gain":0,"max_hp_loss":0,"event_name":"Scrap Ooze","floor":14,"gold_loss":0},{"cards_removed":["Regret"],"damage_healed":0,"gold_gain":0,"player_choice":"Gave Gold","damage_taken":0,"max_hp_gain":0,"max_hp_loss":0,"event_name":"Beggar","floor":20,"gold_loss":75},{"damage_healed":0,"gold_gain":0,"player_choice":"Obtained Book","damage_taken":16,"max_hp_gain":0,"max_hp_loss":0,"event_name":"Cursed Tome","floor":22,"gold_loss":0},{"damage_healed":0,"gold_gain":0,"cards_transformed":["Strike_G","Strike_G"],"player_choice":"Became Test Subject","damage_taken":0,"max_hp_gain":0,"max_hp_loss":0,"event_name":"Drug Dealer","floor":25,"gold_loss":0,"cards_obtained":["Crippling Poison","Tools of the Trade"]},{"damage_healed":0,"gold_gain":0,"player_choice":"Became a Ghost","damage_taken":0,"max_hp_gain":0,"max_hp_loss":39,"event_name":"Ghosts","floor":30,"gold_loss":0,"cards_obtained":["Ghostly","Ghostly","Ghostly","Ghostly","Ghostly"]},{"damage_healed":0,"gold_gain":0,"player_choice":"Fight","damage_taken":0,"max_hp_gain":0,"max_hp_loss":0,"event_name":"Mysterious Sphere","floor":36,"gold_loss":0},{"damage_healed":0,"gold_gain":0,"player_choice":"Ignored","damage_taken":0,"max_hp_gain":0,"max_hp_loss":0,"event_name":"Tomb of Lord Red Mask","floor":37,"gold_loss":0},{"damage_healed":0,"gold_gain":0,"player_choice":"Upgrade","damage_taken":0,"relics_obtained":["Mark of the Bloom"],"max_hp_gain":0,"max_hp_loss":0,"event_name":"MindBloom","floor":38,"gold_loss":0,"cards_upgraded":["Defend_G","Defend_G","Defend_G","Strike_G","Strike_G","Survivor","Neutralize","Flying Knee","Blur","Dagger Spray","After Image","Blur","Riddle With Holes","Caltrops","Quick Slash","Die Die Die","Quick Slash","Concentrate","Crippling Poison","Tools of the Trade","Doppelganger","Footwork","Ghostly","Ghostly","Ghostly","Ghostly","Ghostly","Flechettes","Burst","Dash"]},{"damage_healed":10,"gold_gain":0,"player_choice":"Writhe","damage_taken":0,"max_hp_gain":0,"max_hp_loss":0,"event_name":"Winding Halls","floor":39,"gold_loss":0,"cards_obtained":["Writhe"]},{"damage_healed":0,"gold_gain":0,"player_choice":"Ignored","damage_taken":0,"max_hp_gain":0,"max_hp_loss":0,"event_name":"The Moai Head","floor":45,"gold_loss":0}],"is_beta":false,"boss_relics":[{"not_picked":["Sozu","Snecko Eye"],"picked":"Velvet Choker"},{"not_picked":["Ring of the Serpent","Coffee Dripper"],"picked":"Philosopher\u0027s Stone"}],"items_purged_floors":[41,48],"is_endless":false,"potions_floor_spawned":[6,10,11,12,16,19,29,31,36],"ascension_level":1}