{"gold_per_floor":[112,127,57,232,232,232,249,77,127,94,120,120,152,152,152,255,255,273,286,286,37,37,37],"floor_reached":23,"playtime":846,"items_purged":[],"score":321,"play_id":"1d27f6c6-d6be-4cf5-8e25-981aaa8e7b00","local_time":"20190318232955","is_ascension_mode":true,"campfire_choices":[{"data":"Chaos","floor":6,"key":"SMITH"},{"floor":12,"key":"REST"},{"floor":15,"key":"REST"}],"neow_cost":"NONE","seed_source_timestamp":363565448157600,"circlet_count":0,"master_deck":["AscendersBane","Strike_B","Strike_B","Strike_B","Strike_B","Defend_B","Defend_B","Defend_B","Defend_B","Zap","Dualcast","Chaos+1","White Noise","Mayhem","Stack","Amplify","Compile Driver+1","Apotheosis","Turbo","Ghostly","Ghostly","Ghostly","Ghostly","Ghostly"],"relics":["FrozenCore","NeowsBlessing","Potion Belt","Gremlin Horn","Singing Bowl","Sundial"],"potions_floor_usage":[10,11,18,18,23],"damage_taken":[{"damage":0,"enemies":"Small Slimes","floor":1,"turns":1},{"damage":0,"enemies":"Jaw Worm","floor":2,"turns":1},{"damage":0,"enemies":"Cultist","floor":7,"turns":1},{"damage":23,"enemies":"Exordium Thugs","floor":10,"turns":5},{"damage":6,"enemies":"Lagavulin","floor":11,"turns":5},{"damage":36,"enemies":"Gremlin Nob","floor":13,"turns":5},{"damage":44,"enemies":"The Guardian","floor":16,"turns":12},{"damage":46,"enemies":"3 Byrds","floor":18,"turns":7},{"damage":3,"enemies":"Shell Parasite","floor":19,"turns":7},{"damage":48,"enemies":"Slavers","floor":23,"turns":9}],"seed_played":"-5784499048783590205","potions_obtained":[{"floor":2,"key":"GamblersBrew"},{"floor":7,"key":"Fire Potion"},{"floor":13,"key":"FearPotion"},{"floor":16,"key":"SteroidPotion"},{"floor":19,"key":"Fire Potion"}],"is_trial":false,"path_per_floor":["M","M","$","?","?","R","M","$","T","M","E","R","E","T","R","B",null,"M","M","?","$","?","E"],"character_chosen":"DEFECT","items_purchased":["White Noise","Mayhem","Apotheosis","Turbo"],"campfire_rested":2,"item_purchase_floors":[3,8,21,21],"current_hp_per_floor":[68,68,68,68,68,68,68,68,68,45,39,61,27,27,50,6,59,13,12,38,38,38,0],"gold":37,"neow_bonus":"THREE_ENEMY_KILL","is_prod":false,"is_daily":false,"chose_seed":false,"campfire_upgraded":1,"win_rate":0,"timestamp":1552948195,"path_taken":["M","M","$","?","?","R","?","$","T","M","E","R","E","?","R","BOSS","M","?","?","$","?","E"],"build_version":"2019-01-23","purchased_purges":0,"victory":false,"max_hp_per_floor":[75,75,75,75,75,75,75,75,75,75,75,75,77,77,77,77,77,77,79,79,79,39,39],"card_choices":[{"not_picked":["Beam Cell","Rebound"],"picked":"Chaos","floor":1},{"not_picked":["Reinforced Body","Reprogram","Beam Cell"],"picked":"SKIP","floor":2},{"not_picked":["Steam","Reprogram","Gash"],"picked":"SKIP","floor":7},{"not_picked":["Sweeping Beam","Barrage","Streamline"],"picked":"SKIP","floor":10},{"not_picked":["Gash","Skim"],"picked":"Stack","floor":11},{"not_picked":["Fission","Streamline","Thunder Strike"],"picked":"Singing Bowl","floor":13},{"not_picked":["Rainbow","Multi-Cast"],"picked":"Amplify","floor":16},{"not_picked":["Rebound+1","Steam Power"],"picked":"Compile Driver+1","floor":18},{"not_picked":["Barrage","Steam Power+1","Beam Cell+1"],"picked":"Singing Bowl","floor":19}],"player_experience":1545539,"relics_obtained":[{"floor":9,"key":"Potion Belt"},{"floor":11,"key":"Gremlin Horn"},{"floor":13,"key":"Singing Bowl"},{"floor":14,"key":"Sundial"}],"event_choices":[{"damage_healed":0,"gold_gain":175,"player_choice":"AGREE","damage_taken":0,"max_hp_gain":0,"max_hp_loss":0,"event_name":"Liars Game","floor":4,"gold_loss":0,"cards_obtained":["Doubt"]},{"cards_removed":["Doubt"],"damage_healed":0,"gold_gain":0,"player_choice":"Card Removal","damage_taken":0,"max_hp_gain":0,"max_hp_loss":0,"event_name":"Wheel of Change","floor":5,"gold_loss":0},{"damage_healed":26,"gold_gain":0,"player_choice":"Heal","damage_taken":0,"max_hp_gain":0,"max_hp_loss":0,"event_name":"The Library","floor":20,"gold_loss":0},{"damage_healed":0,"gold_gain":0,"player_choice":"Became a Ghost","damage_taken":0,"max_hp_gain":0,"max_hp_loss":40,"event_name":"Ghosts","floor":22,"gold_loss":0,"cards_obtained":["Ghostly","Ghostly","Ghostly","Ghostly","Ghostly"]}],"is_beta":false,"boss_relics":[{"not_picked":["Ectoplasm","Orrery"],"picked":"FrozenCore"}],"items_purged_floors":[],"is_endless":false,"potions_floor_spawned":[2,7,13,16,19],"killed_by":"Slavers","ascension_level":10}