{"gold_per_floor":[113,130,130,55,72,107,107,107,107,107,126,153,153,176,176,305,305,326,326,326,241,241,241,251,270,270,19,33,33,33,63,63,165,165,183,195,214,231,331,331,349,11,36,46,46,46,66,79,79,79],"floor_reached":51,"playtime":7618,"items_purged":["Strike_B","Strike_B"],"score":729,"play_id":"a4fe97d6-594c-4756-93a5-2b6470114c17","local_time":"20181125015424","is_ascension_mode":false,"campfire_choices":[{"floor":10.0,"key":"REST"},{"floor":15.0,"key":"REST"},{"floor":23,"key":"REST"},{"floor":30,"key":"REST"},{"floor":32,"key":"REST"},{"data":"Defragment","floor":40,"key":"SMITH"},{"floor":45,"key":"REST"},{"floor":49,"key":"REST"}],"neow_cost":"NONE","seed_source_timestamp":170144301190398,"circlet_count":0,"master_deck":["Strike_B","Defend_B+1","Defend_B","Defend_B+1","Defend_B","Zap","Dualcast","Amplify","Cold Snap","FTL","Steam","Chaos+1","Capacitor","Multi-Cast+1","Self Repair","Self Repair","Hologram+1","Consume+1","Defragment+1","FTL+1","Reprogram+1","BootSequence+1","Cold Snap","Hologram+1","Chill+1","Biased Cognition","Hologram+1","Consume+1","Glacier+1","Chill+1","Apotheosis+1","Capacitor+1","Conserve Battery+1","Defragment+1","Parasite","Redo+1"],"special_seed":0,"relics":["Cracked Core","Calipers","Toxic Egg 2","Oddly Smooth Stone","Bloody Idol","Orrery","War Paint","Ice Cream","Dream Catcher","Question Card","Inserter","Juzu Bracelet","Regal Pillow"],"potions_floor_usage":[33,41,50],"damage_taken":[{"damage":5.0,"enemies":"Cultist","floor":1.0,"turns":4.0},{"damage":3.0,"enemies":"Small Slimes","floor":2.0,"turns":4.0},{"damage":1.0,"enemies":"2 Louse","floor":5.0,"turns":3.0},{"damage":20.0,"enemies":"Lagavulin","floor":6.0,"turns":9.0},{"damage":13.0,"enemies":"Exordium Wildlife","floor":11.0,"turns":6.0},{"damage":9.0,"enemies":"3 Sentries","floor":12.0,"turns":7.0},{"damage":1.0,"enemies":"Blue Slaver","floor":14.0,"turns":3.0},{"damage":49.0,"enemies":"Hexaghost","floor":16.0,"turns":14.0},{"damage":26.0,"enemies":"2 Thieves","floor":18.0,"turns":3.0},{"damage":33,"enemies":"Colosseum Slavers","floor":20,"turns":3},{"damage":9,"enemies":"3 Byrds","floor":24,"turns":8},{"damage":35,"enemies":"Snecko","floor":25,"turns":6},{"damage":25,"enemies":"Chosen and Byrds","floor":28,"turns":9},{"damage":63,"enemies":"Gremlin Leader","floor":31,"turns":12},{"damage":37,"enemies":"Automaton","floor":33,"turns":11},{"damage":17,"enemies":"3 Shapes","floor":35,"turns":6},{"damage":14,"enemies":"3 Darklings","floor":36,"turns":9},{"damage":2,"enemies":"Sphere and 2 Shapes","floor":37,"turns":9},{"damage":53,"enemies":"Writhing Mass","floor":38,"turns":6},{"damage":10,"enemies":"Maw","floor":41,"turns":12},{"damage":7,"enemies":"Spire Growth","floor":44,"turns":6},{"damage":40,"enemies":"4 Shapes","floor":47,"turns":13},{"damage":15,"enemies":"Writhing Mass","floor":48,"turns":8},{"damage":0,"enemies":"Donu and Deca","floor":50,"turns":19}],"seed_played":"-4435579176702522415","potions_obtained":[{"floor":3.0,"key":"SneckoOil"},{"floor":3.0,"key":"EntropicBrew"},{"floor":3.0,"key":"FairyPotion"},{"floor":5.0,"key":"SkillPotion"},{"floor":11.0,"key":"Explosive Potion"},{"floor":14.0,"key":"Dexterity Potion"},{"floor":24,"key":"SteroidPotion"},{"floor":31,"key":"Strength Potion"},{"floor":35,"key":"EssenceOfSteel"},{"floor":41,"key":"Explosive Potion"}],"is_trial":false,"path_per_floor":["M","M","?","$","M","E","?","?","T","R","M","E","?","M","R","B",null,"M","?","?","?","?","R","M","M","T","$","M","$","R","E","R","B",null,"M","M","M","M","?","R","M","$","T","M","R","$","M","M","R","B",null],"character_chosen":"DEFECT","items_purchased":["Dream Catcher","Juzu Bracelet","Apotheosis+1"],"campfire_rested":7,"item_purchase_floors":[27,42,42],"current_hp_per_floor":[70,67,67,67,66,46,46,46,46,68,55,46,46,45,65,16,69,50,50,31,31,31,51,69,53,53,53,54,54,69,25,45,20,69,69,69,69,42,47,47,63,63,68,66,69,69,58,68,69,69],"gold":79,"neow_bonus":"ONE_RANDOM_RARE_CARD","is_prod":false,"is_daily":false,"chose_seed":false,"campfire_upgraded":1,"win_rate":0.0,"timestamp":1543078464,"path_taken":["M","M","?","?","M","E","?","?","T","R","?","E","?","M","R","BOSS","M","?","?","?","?","R","M","M","T","$","?","?","R","E","R","BOSS","M","M","?","?","?","R","M","?","T","M","R","$","M","M","R","BOSS"],"build_version":"2018-11-15","purchased_purges":2,"victory":true,"max_hp_per_floor":[75,75,75,75,75,75,75,75,75,75,75,75,69,69,69,69,69,69,69,69,69,69,69,69,69,69,69,69,69,69,69,69,69,69,69,69,69,69,69,69,69,69,69,69,69,69,69,69,69,69],"card_choices":[{"not_picked":["Steam","Melter","Go for the Eyes"],"picked":"SKIP","floor":1.0},{"not_picked":["Coolheaded","Beam Cell"],"picked":"Cold Snap","floor":2.0},{"not_picked":["Fusion","Leap","Blizzard"],"picked":"SKIP","floor":5.0},{"not_picked":["Force Field","Beam Cell"],"picked":"FTL","floor":6.0},{"not_picked":["Go for the Eyes","Steam+1","Sweeping Beam"],"picked":"SKIP","floor":11.0},{"not_picked":["Skim+1","Capacitor"],"picked":"Chaos+1","floor":12.0},{"not_picked":["Steam+1","Static Discharge"],"picked":"Capacitor","floor":14.0},{"not_picked":["Reboot+1","Machine Learning"],"picked":"Multi-Cast+1","floor":16.0},{"not_picked":["Redo+1","Glacier+1"],"picked":"Self Repair","floor":17.0},{"not_picked":["Cold Snap","Gash"],"picked":"Self Repair","floor":17.0},{"not_picked":["Static Discharge","Stack+1"],"picked":"Hologram+1","floor":17.0},{"not_picked":["Sweeping Beam","Barrage"],"picked":"Consume+1","floor":17.0},{"not_picked":["White Noise+1","Go for the Eyes"],"picked":"Defragment","floor":17.0},{"not_picked":["Heatsinks+1","Machine Learning"],"picked":"FTL+1","floor":18.0},{"not_picked":["Compile Driver+1","Skim+1"],"picked":"Reprogram+1","floor":24},{"not_picked":["Sweeping Beam","Scrape"],"picked":"BootSequence+1","floor":25},{"not_picked":["Streamline","Compile Driver","Stack+1"],"picked":"SKIP","floor":28},{"not_picked":["Leap+1","Melter"],"picked":"Cold Snap","floor":30},{"not_picked":["All For One","Steam+1"],"picked":"Hologram+1","floor":31},{"not_picked":["Tempest+1","Coolheaded+1","Sweeping Beam"],"picked":"Chill+1","floor":32},{"not_picked":["Machine Learning","Seek+1","Reboot+1"],"picked":"Biased Cognition","floor":33},{"not_picked":["Melter","Beam Cell","Barrage","Coolheaded+1"],"picked":"SKIP","floor":35},{"not_picked":["Lockon+1","Steam+1","Cold Snap+1"],"picked":"Hologram+1","floor":36},{"not_picked":["Beam Cell","Coolheaded+1","Hologram+1"],"picked":"Consume+1","floor":37},{"not_picked":["Hologram+1","White Noise+1","Ball Lightning+1"],"picked":"Glacier+1","floor":38},{"not_picked":["Cold Snap+1","Melter","Amplify+1"],"picked":"Chill+1","floor":41},{"not_picked":["FTL","Steam+1","Melter"],"picked":"Capacitor+1","floor":44},{"not_picked":["Stack+1","Coolheaded+1","Aggregate+1"],"picked":"Conserve Battery+1","floor":45},{"not_picked":["Go for the Eyes+1","Barrage","Loop"],"picked":"Defragment+1","floor":47},{"not_picked":["Doom and Gloom+1","Gash+1","Leap+1","Fission+1"],"picked":"SKIP","floor":48},{"not_picked":["Beam Cell","Steam+1","Sweeping Beam+1"],"picked":"Redo+1","floor":49}],"player_experience":68228,"relics_obtained":[{"floor":6.0,"key":"Calipers"},{"floor":9.0,"key":"Toxic Egg 2"},{"floor":12.0,"key":"Oddly Smooth Stone"},{"floor":26,"key":"Ice Cream"},{"floor":31,"key":"Question Card"},{"floor":43,"key":"Regal Pillow"}],"event_choices":[{"damage_healed":0.0,"max_hp_gain":0.0,"max_hp_loss":0.0,"gold_gain":0.0,"event_name":"Lab","player_choice":"Got Potions","floor":3.0,"gold_loss":0.0,"damage_taken":0.0},{"damage_healed":0.0,"max_hp_gain":0.0,"max_hp_loss":0.0,"gold_gain":0.0,"event_name":"Dead Adventurer","player_choice":"Searched \u00270\u0027 times","floor":7.0,"gold_loss":0.0,"damage_taken":0.0},{"damage_healed":0.0,"max_hp_gain":0.0,"max_hp_loss":0.0,"gold_gain":0.0,"cards_transformed":["Strike_B"],"event_name":"Living Wall","player_choice":"Change","floor":8.0,"gold_loss":0.0,"damage_taken":0.0,"cards_obtained":["Steam"]},{"damage_healed":0.0,"max_hp_gain":0.0,"max_hp_loss":6.0,"gold_gain":0.0,"event_name":"Golden Idol","player_choice":"Lose Max HP","floor":13.0,"gold_loss":0.0,"damage_taken":0.0,"relics_obtained":["Golden Idol"]},{"damage_healed":0.0,"max_hp_gain":0.0,"max_hp_loss":0.0,"gold_gain":0.0,"event_name":"Forgotten Altar","player_choice":"Gave Idol","floor":19.0,"relics_lost":["Golden Idol"],"gold_loss":0.0,"damage_taken":0.0,"relics_obtained":["Bloody Idol"]},{"damage_healed":0,"gold_gain":0,"player_choice":"Fight","damage_taken":0,"max_hp_gain":0,"max_hp_loss":0,"event_name":"Colosseum","floor":20,"gold_loss":0},{"damage_healed":0,"gold_gain":0,"player_choice":"Fled From Nobs","damage_taken":0,"max_hp_gain":0,"max_hp_loss":0,"event_name":"Colosseum","floor":20,"gold_loss":0},{"damage_healed":0,"gold_gain":0,"player_choice":"Obtained Relic","damage_taken":0,"relics_obtained":["War Paint"],"max_hp_gain":0,"max_hp_loss":0,"event_name":"Addict","floor":21,"gold_loss":85},{"damage_healed":0,"gold_gain":0,"player_choice":"Ignored","damage_taken":0,"max_hp_gain":0,"max_hp_loss":0,"event_name":"Ghosts","floor":22,"gold_loss":0},{"damage_healed":0,"gold_gain":100,"player_choice":"Pray","damage_taken":0,"max_hp_gain":0,"max_hp_loss":0,"event_name":"Golden Shrine","floor":39,"gold_loss":0}],"is_beta":false,"boss_relics":[{"not_picked":["Runic Pyramid","Lizard Tail"],"picked":"Orrery"},{"not_picked":["Cursed Key","Calling Bell"],"picked":"Inserter"}],"items_purged_floors":[4,27],"is_endless":false,"potions_floor_spawned":[5,11,14,24,25,31,35,41,44],"ascension_level":0}