{"gold_per_floor":[18,18,18,29,29,72,72,107,107,107,127,146,162,175,175,175],"floor_reached":16,"playtime":543,"items_purged":[],"score":190,"play_id":"07d49e32-5ea1-4ff7-a9fb-e8e8099b0c0d","local_time":"20190412224426","is_ascension_mode":true,"campfire_choices":[{"floor":7,"key":"REST"},{"floor":10,"key":"REST"},{"floor":15,"key":"REST"}],"neow_cost":"NO_GOLD","seed_source_timestamp":166164400899000,"circlet_count":0,"master_deck":["AscendersBane","Strike_R","Strike_R","Strike_R","Strike_R","Defend_R","Defend_R","Defend_R","Defend_R","Bash","Limit Break","Dropkick","Pommel Strike","Injury","Flex","Blood for Blood","Burning Pact","Spot Weakness","Anger"],"relics":["Burning Blood","Golden Idol","Bottled Lightning","Gremlin Horn","Regal Pillow"],"potions_floor_usage":[6,12,12,13],"damage_taken":[{"damage":19,"enemies":"Small Slimes","floor":1,"turns":4},{"damage":7,"enemies":"2 Louse","floor":4,"turns":3},{"damage":32,"enemies":"Gremlin Nob","floor":6,"turns":4},{"damage":55,"enemies":"Lagavulin","floor":8,"turns":8},{"damage":2,"enemies":"Jaw Worm","floor":11,"turns":3},{"damage":6,"enemies":"Gremlin Gang","floor":12,"turns":3},{"damage":13,"enemies":"Blue Slaver","floor":13,"turns":3},{"damage":12,"enemies":"Looter","floor":14,"turns":3},{"damage":82,"enemies":"Hexaghost","floor":16,"turns":9}],"seed_played":"7409939183275247953","potions_obtained":[{"floor":4,"key":"Fruit Juice"},{"floor":8,"key":"SkillPotion"},{"floor":11,"key":"SteroidPotion"},{"floor":12,"key":"Weak Potion"}],"is_trial":false,"path_per_floor":["M","?","?","M","?","E","R","E","T","R","M","M","M","M","R","B"],"character_chosen":"IRONCLAD","items_purchased":[],"campfire_rested":3,"item_purchase_floors":[],"current_hp_per_floor":[55,60,53,52,52,31,56,7,7,47,51,51,44,38,78,0],"gold":175,"neow_bonus":"THREE_RARE_CARDS","is_prod":false,"is_daily":false,"chose_seed":false,"campfire_upgraded":0,"win_rate":0,"timestamp":1555101866,"path_taken":["M","?","?","M","?","E","R","E","T","R","?","M","M","M","R","BOSS"],"build_version":"2019-01-23","purchased_purges":0,"victory":false,"max_hp_per_floor":[75,80,80,80,80,85,85,85,85,85,85,85,85,85,85,85],"card_choices":[{"not_picked":["Barricade","Exhume"],"picked":"Limit Break","floor":0},{"not_picked":["Body Slam","Warcry"],"picked":"Dropkick","floor":1},{"not_picked":["Havoc","Carnage"],"picked":"Pommel Strike","floor":4},{"not_picked":["Inflame","Heavy Blade"],"picked":"Flex","floor":6},{"not_picked":["Body Slam","Blood for Blood","Iron Wave"],"picked":"SKIP","floor":8},{"not_picked":["Body Slam","Iron Wave"],"picked":"Blood for Blood","floor":8},{"not_picked":["Twin Strike","Sentinel"],"picked":"Burning Pact","floor":11},{"not_picked":["Dark Embrace","Warcry"],"picked":"Spot Weakness","floor":12},{"not_picked":["Armaments","Perfected Strike","Fire Breathing"],"picked":"SKIP","floor":13},{"not_picked":["Combust","Corruption"],"picked":"Anger","floor":14}],"player_experience":1640065,"relics_obtained":[{"floor":6,"key":"Bottled Lightning"},{"floor":8,"key":"Gremlin Horn"},{"floor":9,"key":"Regal Pillow"}],"event_choices":[{"damage_healed":0,"gold_gain":0,"player_choice":"Donut","damage_taken":0,"max_hp_gain":5,"max_hp_loss":0,"event_name":"Big Fish","floor":2,"gold_loss":0},{"cards_removed":["Strike_R"],"damage_healed":0,"gold_gain":0,"player_choice":"Card Removal","damage_taken":7,"max_hp_gain":0,"max_hp_loss":0,"event_name":"Golden Wing","floor":3,"gold_loss":0},{"damage_healed":0,"gold_gain":0,"player_choice":"Take Wound","damage_taken":0,"relics_obtained":["Golden Idol"],"max_hp_gain":0,"max_hp_loss":0,"event_name":"Golden Idol","floor":5,"gold_loss":0,"cards_obtained":["Injury"]}],"is_beta":false,"boss_relics":[],"items_purged_floors":[],"is_endless":false,"potions_floor_spawned":[4,8,11,12],"killed_by":"Hexaghost","ascension_level":14}