{"gold_per_floor":[19,0,0,175,31,59,59,9,9,21,31,31,43,54,54,153,153,171,86,59,70,70,70,103,119,144,478,186,386,386,413,413,513,513,526,526,102,116,116,116,116,116,116,116,142,0,13,25,25,25],"floor_reached":50,"playtime":3111,"items_purged":["Doubt","Writhe"],"score":736,"play_id":"90985e84-44fd-4b4d-a293-82fdba00a1c6","local_time":"20181105235601","is_ascension_mode":true,"campfire_choices":[{"floor":7,"key":"REST"},{"floor":12,"key":"REST"},{"data":"Footwork","floor":15,"key":"SMITH"},{"floor":23,"key":"REST"},{"floor":30,"key":"REST"},{"floor":32,"key":"REST"},{"floor":40,"key":"REST"},{"floor":44,"key":"REST"},{"floor":49,"key":"REST"}],"neow_cost":"NO_GOLD","seed_source_timestamp":612032446668600,"circlet_count":0,"master_deck":["Defend_G+1","Defend_G+1","Defend_G+1","Defend_G+1","Defend_G+1","Strike_G+1","Strike_G+1","Strike_G+1","Survivor","Neutralize","Burst","Backstab","Cloak And Dagger","Blade Dance","Backstab","Footwork+1","Flechettes","Malaise","Backflip","Blade Dance","Acrobatics+1","Slice+1","Accuracy","Footwork","Accuracy","Mayhem","Setup+1","Storm of Steel","Magnetism","Finisher+1","Madness","Madness","Mind Blast","Impatience","Metamorphosis","Regret","Injury","Deflect+1"],"relics":["Ring of the Snake","Vajra","Blood Vial","Potion Belt","WristBlade","Matryoshka","Strawberry","Anchor","Pen Nib","Old Coin","Orichalcum","Cursed Key","Bag of Preparation","Meat on the Bone","PreservedInsect","Happy Flower","Torii","Smiling Mask","Red Mask"],"potions_floor_usage":[6,16,21,24,24,27,45,50],"damage_taken":[{"damage":10,"enemies":"Small Slimes","floor":1,"turns":3},{"damage":50,"enemies":"Lagavulin","floor":6,"turns":13},{"damage":0,"enemies":"Jaw Worm","floor":10,"turns":4},{"damage":0,"enemies":"2 Louse","floor":11,"turns":2},{"damage":0,"enemies":"Looter","floor":13,"turns":1},{"damage":0,"enemies":"2 Fungi Beasts","floor":14,"turns":3},{"damage":7,"enemies":"Slime Boss","floor":16,"turns":12},{"damage":14,"enemies":"Spheric Guardian","floor":18,"turns":4},{"damage":3,"enemies":"2 Thieves","floor":21,"turns":3},{"damage":0,"enemies":"Slavers","floor":24,"turns":6},{"damage":14,"enemies":"Sentry and Sphere","floor":25,"turns":4},{"damage":30,"enemies":"Gremlin Leader","floor":27,"turns":7},{"damage":24,"enemies":"Book of Stabbing","floor":31,"turns":6},{"damage":67,"enemies":"Automaton","floor":33,"turns":13},{"damage":0,"enemies":"3 Shapes","floor":35,"turns":3},{"damage":3,"enemies":"3 Darklings","floor":38,"turns":6},{"damage":23,"enemies":"Nemesis","floor":45,"turns":3},{"damage":21,"enemies":"Spire Growth","floor":47,"turns":4},{"damage":21,"enemies":"Maw","floor":48,"turns":7},{"damage":83,"enemies":"Donu and Deca","floor":50,"turns":5}],"seed_played":"3485989209442921074","potions_obtained":[{"floor":1,"key":"Fire Potion"},{"floor":14,"key":"Strength Potion"},{"floor":16,"key":"EssenceOfSteel"},{"floor":21,"key":"Fire Potion"},{"floor":24,"key":"GamblersBrew"},{"floor":38,"key":"Poison Potion"},{"floor":47,"key":"Energy Potion"}],"is_trial":false,"path_per_floor":["M","?","?","?","$","E","R","$","T","M","M","R","M","M","R","B",null,"M","?","$","M","?","R","E","M","T","E","$","?","R","E","R","B",null,"M","T","$","M","?","R","?","T","T","R","E","?","M","M","R","B"],"character_chosen":"THE_SILENT","items_purchased":["Vajra","PowerPotion","Blade Dance","Accuracy","Mayhem","PreservedInsect","Magnetism"],"campfire_rested":8,"item_purchase_floors":[5,8,20,28,28,37,37],"current_hp_per_floor":[60,60,65,65,65,15,37,37,37,39,41,63,65,67,67,62,72,60,60,60,59,59,75,82,68,68,40,40,40,64,42,66,1,62,64,64,64,63,53,77,67,67,67,82,59,59,52,45,69,0],"gold":25,"neow_bonus":"TRANSFORM_TWO_CARDS","is_prod":false,"is_daily":false,"chose_seed":false,"campfire_upgraded":1,"win_rate":0,"timestamp":1541458561,"path_taken":["M","?","?","?","?","E","R","?","T","M","M","R","M","M","R","BOSS","M","?","$","M","?","R","E","M","T","E","$","?","R","E","R","BOSS","M","?","$","?","?","R","?","?","T","R","E","?","M","M","R","BOSS"],"build_version":"2018-11-01","purchased_purges":2,"victory":false,"max_hp_per_floor":[70,70,75,75,75,75,75,75,75,75,75,75,75,75,75,75,75,75,75,75,75,75,75,82,82,82,82,82,82,82,82,82,82,82,82,82,82,82,82,82,82,82,82,82,82,82,82,82,82,82],"card_choices":[{"not_picked":["Concentrate","Outmaneuver"],"picked":"Cloak And Dagger","floor":1},{"not_picked":["A Thousand Cuts","Outmaneuver"],"picked":"Blade Dance","floor":6},{"not_picked":["Flechettes","Dagger Spray"],"picked":"Backstab","floor":10},{"not_picked":["Distraction","PiercingWail"],"picked":"Footwork","floor":11},{"not_picked":["Concentrate","Dodge and Roll"],"picked":"Flechettes","floor":13},{"not_picked":["Underhanded Strike","Deadly Poison","Outmaneuver"],"picked":"SKIP","floor":14},{"not_picked":["Tools of the Trade","Envenom"],"picked":"Malaise","floor":16},{"not_picked":["Predator+1","Riddle With Holes"],"picked":"Backflip","floor":18},{"not_picked":["Bane","Deadly Poison"],"picked":"Acrobatics+1","floor":21},{"not_picked":["Underhanded Strike+1","Predator"],"picked":"Slice+1","floor":24},{"not_picked":["Poisoned Stab","Deflect"],"picked":"Accuracy","floor":25},{"not_picked":["Night Terror","Flying Knee+1"],"picked":"Footwork","floor":27},{"not_picked":["All Out Attack+1","Dagger Spray"],"picked":"Setup+1","floor":31},{"not_picked":["Tools of the Trade","Corpse Explosion"],"picked":"Storm of Steel","floor":33},{"not_picked":["Heel Hook","Dagger Spray","Deflect"],"picked":"SKIP","floor":35},{"not_picked":["Tactician","Poisoned Stab"],"picked":"Finisher+1","floor":38},{"not_picked":["Flash of Steel","Panacea"],"picked":"Mind Blast","floor":41},{"not_picked":["Magnetism","Mind Blast"],"picked":"Impatience","floor":41},{"not_picked":["Thinking Ahead","Purity"],"picked":"Metamorphosis","floor":41},{"not_picked":["Dagger Spray","Acrobatics+1","Quick Slash"],"picked":"SKIP","floor":45},{"not_picked":["Underhanded Strike","Expertise+1"],"picked":"Deflect+1","floor":47},{"not_picked":["Bane","Quick Slash","Blade Dance"],"picked":"SKIP","floor":48}],"player_experience":856132,"relics_obtained":[{"floor":6,"key":"Blood Vial"},{"floor":9,"key":"Potion Belt"},{"floor":24,"key":"Strawberry"},{"floor":26,"key":"Anchor"},{"floor":26,"key":"Pen Nib"},{"floor":27,"key":"Old Coin"},{"floor":31,"key":"Orichalcum"},{"floor":36,"key":"Bag of Preparation"},{"floor":36,"key":"Meat on the Bone"},{"floor":42,"key":"Happy Flower"},{"floor":43,"key":"Torii"},{"floor":45,"key":"Smiling Mask"}],"event_choices":[{"damage_healed":0,"gold_gain":0,"player_choice":"Left Gold","damage_taken":0,"max_hp_gain":0,"max_hp_loss":0,"event_name":"World of Goop","floor":2,"gold_loss":19},{"damage_healed":0,"gold_gain":0,"player_choice":"Donut","damage_taken":0,"max_hp_gain":5,"max_hp_loss":0,"event_name":"Big Fish","floor":3,"gold_loss":0},{"damage_healed":0,"gold_gain":175,"player_choice":"AGREE","damage_taken":0,"max_hp_gain":0,"max_hp_loss":0,"event_name":"Liars Game","floor":4,"gold_loss":0,"cards_obtained":["Doubt"]},{"damage_healed":0,"gold_gain":0,"player_choice":"Obtained Relic","damage_taken":0,"relics_obtained":["Matryoshka"],"max_hp_gain":0,"max_hp_loss":0,"event_name":"Addict","floor":19,"gold_loss":85},{"damage_healed":0,"gold_gain":0,"player_choice":"Simplicity","damage_taken":0,"max_hp_gain":0,"max_hp_loss":0,"event_name":"Back to Basics","floor":22,"gold_loss":0,"cards_upgraded":["Defend_G","Defend_G","Defend_G","Defend_G","Defend_G","Strike_G","Strike_G","Strike_G"]},{"damage_healed":0,"gold_gain":200,"player_choice":"Gold","damage_taken":0,"max_hp_gain":0,"max_hp_loss":0,"event_name":"Wheel of Change","floor":29,"gold_loss":0},{"damage_healed":0,"gold_gain":0,"player_choice":"Embrace Madness","damage_taken":10,"max_hp_gain":0,"max_hp_loss":0,"event_name":"Winding Halls","floor":39,"gold_loss":0,"cards_obtained":["Madness","Madness"]},{"damage_healed":0,"gold_gain":0,"player_choice":"Memory 3","damage_taken":10,"max_hp_gain":0,"max_hp_loss":0,"event_name":"SensoryStone","floor":41,"gold_loss":0},{"damage_healed":0,"gold_gain":0,"player_choice":"Paid","damage_taken":0,"relics_obtained":["Red Mask"],"max_hp_gain":0,"max_hp_loss":0,"event_name":"Tomb of Lord Red Mask","floor":46,"gold_loss":142}],"is_beta":false,"boss_relics":[{"not_picked":["Ectoplasm","Ring of the Serpent"],"picked":"WristBlade"},{"not_picked":["HoveringKite","Snecko Eye"],"picked":"Cursed Key"}],"items_purged_floors":[28,37],"is_endless":false,"potions_floor_spawned":[1,14,16,21,24,38,47],"killed_by":"Donu and Deca","ascension_level":5}