{"gold_per_floor":[116,116,116,128,128,128,162,162,162,162,174,24,44,219,219,314,314,329,96,96,96,82,82,112,125,149,149,149,0,14,14],"floor_reached":31,"playtime":1356,"items_purged":["Regret"],"score":373,"play_id":"73794dd2-d6d9-434b-9cd5-19db20f39160","local_time":"20181115195224","is_ascension_mode":true,"campfire_choices":[{"data":"Deadly Poison","floor":6,"key":"SMITH"},{"data":"Die Die Die","floor":8,"key":"SMITH"},{"data":"Neutralize","floor":10,"key":"SMITH"},{"data":"Dash","floor":15,"key":"SMITH"},{"floor":23,"key":"REST"},{"floor":28,"key":"REST"}],"neow_cost":"NONE","seed_source_timestamp":92794808441100,"circlet_count":0,"master_deck":["Defend_G","Defend_G","Defend_G","Defend_G","Defend_G","Strike_G","Strike_G","Strike_G","Survivor","Neutralize+1","Deadly Poison","Deadly Poison+1","Die Die Die+1","Dash+1","Footwork","Flying Knee","Doubt","Burst","Concentrate","Catalyst","Predator","Footwork","Catalyst","Bouncing Flask","Footwork+1","Shame","Flechettes"],"relics":["Ring of the Serpent","NeowsBlessing","Bird Faced Urn","NlothsMask","StoneCalendar","Darkstone Periapt","Regal Pillow","Paper Crane","Pen Nib","Peace Pipe"],"potions_floor_usage":[22,24,24,31],"damage_taken":[{"damage":0,"enemies":"2 Louse","floor":1,"turns":1},{"damage":0,"enemies":"Small Slimes","floor":4,"turns":1},{"damage":0,"enemies":"3 Sentries","floor":7,"turns":1},{"damage":4,"enemies":"Cultist","floor":11,"turns":2},{"damage":0,"enemies":"2 Fungi Beasts","floor":13,"turns":2},{"damage":58,"enemies":"Hexaghost","floor":16,"turns":13},{"damage":6,"enemies":"Chosen","floor":18,"turns":4},{"damage":15,"enemies":"2 Thieves","floor":22,"turns":4},{"damage":34,"enemies":"Gremlin Leader","floor":24,"turns":5},{"damage":39,"enemies":"Snake Plant","floor":25,"turns":5},{"damage":34,"enemies":"Shelled Parasite and Fungi","floor":30,"turns":7},{"damage":45,"enemies":"3 Cultists","floor":31,"turns":5}],"seed_played":"1822044735581516332","potions_obtained":[{"floor":16,"key":"Weak Potion"},{"floor":18,"key":"Swift Potion"},{"floor":22,"key":"FearPotion"},{"floor":30,"key":"Energy Potion"}],"is_trial":false,"path_per_floor":["M","?","?","M","?","R","E","R","T","R","M","$","M","?","R","B",null,"M","$","?","?","M","R","E","M","T","?","R","?","M","M"],"character_chosen":"THE_SILENT","items_purchased":["Footwork","Regal Pillow","Catalyst"],"campfire_rested":2,"item_purchase_floors":[12,19,19],"current_hp_per_floor":[63,63,63,63,60,60,60,60,60,60,56,56,58,64,64,8,59,55,55,55,55,44,76,44,9,9,15,54,54,26,0],"gold":14,"neow_bonus":"THREE_ENEMY_KILL","is_prod":false,"is_daily":false,"chose_seed":false,"campfire_upgraded":4,"win_rate":0,"timestamp":1542307944,"path_taken":["M","?","?","?","?","R","E","R","T","R","M","$","M","?","R","BOSS","M","$","?","?","?","R","E","M","T","?","R","?","M","M"],"build_version":"2018-11-08","purchased_purges":1,"victory":false,"max_hp_per_floor":[70,70,70,70,70,70,70,70,70,70,70,70,70,76,76,76,76,76,76,76,76,76,76,76,76,76,82,82,82,82,82],"card_choices":[{"not_picked":["Dodge and Roll","PiercingWail"],"picked":"Deadly Poison","floor":1},{"not_picked":["Choke","Backflip"],"picked":"Deadly Poison","floor":4},{"not_picked":["Deadly Poison","Outmaneuver"],"picked":"Die Die Die","floor":7},{"not_picked":["Endless Agony","Deadly Poison"],"picked":"Dash","floor":11},{"not_picked":["Slice","All Out Attack"],"picked":"Flying Knee","floor":13},{"not_picked":["Corpse Explosion","Unload"],"picked":"Burst","floor":16},{"not_picked":["Flying Knee","Cloak And Dagger+1"],"picked":"Concentrate","floor":18},{"not_picked":["Infinite Blades","Sucker Punch"],"picked":"Bouncing Flask","floor":22},{"not_picked":["Cloak And Dagger","Underhanded Strike","Prepared"],"picked":"SKIP","floor":24},{"not_picked":["Cloak And Dagger","Backflip"],"picked":"Footwork+1","floor":25},{"not_picked":["Prepared","Dagger Throw"],"picked":"Flechettes","floor":30}],"player_experience":913548,"relics_obtained":[{"floor":7,"key":"Darkstone Periapt"},{"floor":24,"key":"Paper Crane"},{"floor":26,"key":"Pen Nib"}],"event_choices":[{"damage_healed":0,"gold_gain":0,"player_choice":"Box","damage_taken":0,"relics_obtained":["Bird Faced Urn"],"max_hp_gain":0,"max_hp_loss":0,"event_name":"Big Fish","floor":2,"gold_loss":0,"cards_obtained":["Regret"]},{"damage_healed":0,"gold_gain":0,"player_choice":"Trade","damage_taken":0,"relics_obtained":["NlothsMask"],"max_hp_gain":0,"max_hp_loss":0,"event_name":"FaceTrader","floor":3,"gold_loss":0},{"damage_healed":0,"gold_gain":0,"player_choice":"Success","damage_taken":3,"relics_obtained":["StoneCalendar"],"max_hp_gain":0,"max_hp_loss":0,"event_name":"Scrap Ooze","floor":5,"gold_loss":0},{"damage_healed":0,"gold_gain":175,"player_choice":"AGREE","damage_taken":0,"max_hp_gain":0,"max_hp_loss":0,"event_name":"Liars Game","floor":14,"gold_loss":0,"cards_obtained":["Doubt"]},{"damage_healed":0,"gold_gain":0,"cards_transformed":["Strike_G","Strike_G"],"player_choice":"Became Test Subject","damage_taken":0,"max_hp_gain":0,"max_hp_loss":0,"event_name":"Drug Dealer","floor":20,"gold_loss":0,"cards_obtained":["Predator","Footwork"]},{"damage_healed":0,"gold_gain":0,"player_choice":"Copied","damage_taken":0,"max_hp_gain":0,"max_hp_loss":0,"event_name":"Duplicator","floor":21,"gold_loss":0,"cards_obtained":["Catalyst"]},{"damage_healed":0,"gold_gain":0,"player_choice":"Stole Relic","damage_taken":0,"relics_obtained":["Peace Pipe"],"max_hp_gain":0,"max_hp_loss":0,"event_name":"Addict","floor":27,"gold_loss":0,"cards_obtained":["Shame"]},{"damage_healed":0,"gold_gain":0,"player_choice":"Paid Fearfully","damage_taken":0,"max_hp_gain":0,"max_hp_loss":0,"event_name":"Masked Bandits","floor":29,"gold_loss":149}],"is_beta":false,"boss_relics":[{"not_picked":["Sozu","White Beast Statue"],"picked":"Ring of the Serpent"}],"items_purged_floors":[12],"is_endless":false,"potions_floor_spawned":[16,18,22,30],"killed_by":"3 Cultists","ascension_level":7}