{"gold_per_floor":[110,110,5,5,19,19,50,65,144,160,160,188,198,215,215,287,287,304,229,229,241,251,251,277,277,300,300,328,346,346,364,364,438,438,456,476,476,530,553,553,583,595,634,204,204,239,122,147,147,147,147,147,147,22,47,47],"floor_reached":57,"playtime":2032,"items_purged":["Strike_B","Defend_B","Zap+1"],"score":3047,"play_id":"8e33534a-ff84-41a6-8634-d1ce4741c406","local_time":"20190514043505","is_ascension_mode":true,"campfire_choices":[{"data":"Sunder","floor":6.0,"key":"SMITH"},{"data":"Zap","floor":11.0,"key":"SMITH"},{"data":"Turbo","floor":15.0,"key":"SMITH"},{"data":"Consume","floor":23.0,"key":"SMITH"},{"data":"Heatsinks","floor":25.0,"key":"SMITH"},{"data":"Defragment","floor":30.0,"key":"SMITH"},{"data":"Fission","floor":32.0,"key":"SMITH"},{"data":"Sunder","floor":40,"key":"SMITH"},{"data":"Loop","floor":45,"key":"SMITH"},{"floor":49,"key":"RECALL"},{"data":"Capacitor","floor":53,"key":"SMITH"}],"neow_cost":"NONE","seed_source_timestamp":0,"circlet_count":0,"master_deck":["AscendersBane","Dualcast","Melter+1","Sunder+1","Turbo+1","Self Repair","Compile Driver","Conserve Battery","Heatsinks+1","Consume+1","Skim","Meteor Strike","Fission+1","Tempest","Loop+1","Buffer","Sunder+1","Cold Snap+1","Defragment+1","Stack+1","Sunder","Capacitor+1","All For One","Double Energy+1","Core Surge","Fusion+1","Steam Power+1","Static Discharge+1","Coolheaded+1","Reinforced Body+1","Meteor Strike","Coolheaded+1","Sunder+1","Hologram+1","Discovery+1","All For One"],"special_seed":0,"relics":["Cracked Core","NeowsBlessing","Blood Vial","Tiny Chest","Anchor","Snecko Eye","Toxic Egg 2","Pen Nib","Singing Bowl","Astrolabe","Thread and Needle","Centennial Puzzle","MawBank","DollysMirror","Pantograph","Shuriken","Mango"],"potions_floor_usage":[38,46,56,56],"damage_taken":[{"damage":0.0,"enemies":"Jaw Worm","floor":1.0,"turns":1.0},{"damage":0.0,"enemies":"Small Slimes","floor":5.0,"turns":1.0},{"damage":0.0,"enemies":"Gremlin Nob","floor":7.0,"turns":1.0},{"damage":6.0,"enemies":"Cultist","floor":8.0,"turns":3.0},{"damage":14.0,"enemies":"Large Slime","floor":10.0,"turns":5.0},{"damage":30.0,"enemies":"3 Sentries","floor":12.0,"turns":6.0},{"damage":0.0,"enemies":"Red Slaver","floor":13.0,"turns":2.0},{"damage":9.0,"enemies":"3 Louse","floor":14.0,"turns":3.0},{"damage":13.0,"enemies":"Slime Boss","floor":16.0,"turns":6.0},{"damage":0.0,"enemies":"Spheric Guardian","floor":18.0,"turns":1.0},{"damage":0.0,"enemies":"3 Byrds","floor":21.0,"turns":4.0},{"damage":9.0,"enemies":"Centurion and Healer","floor":22.0,"turns":3.0},{"damage":17.0,"enemies":"Slavers","floor":24.0,"turns":6.0},{"damage":39.0,"enemies":"Book of Stabbing","floor":28.0,"turns":4.0},{"damage":0.0,"enemies":"Chosen and Byrds","floor":29.0,"turns":4.0},{"damage":18.0,"enemies":"3 Cultists","floor":31.0,"turns":5.0},{"damage":6.0,"enemies":"Collector","floor":33.0,"turns":5.0},{"damage":0,"enemies":"3 Shapes","floor":35,"turns":4},{"damage":1,"enemies":"Orb Walker","floor":36,"turns":2},{"damage":46,"enemies":"2 Orb Walkers","floor":38,"turns":4},{"damage":37,"enemies":"Nemesis","floor":41,"turns":7},{"damage":0,"enemies":"Giant Head","floor":46,"turns":4},{"damage":26,"enemies":"Reptomancer","floor":48,"turns":3},{"damage":0,"enemies":"Awakened One","floor":50,"turns":8},{"damage":30,"enemies":"Donu and Deca","floor":51,"turns":6},{"damage":40,"enemies":"Shield and Spear","floor":55,"turns":3},{"damage":42,"enemies":"The Heart","floor":56,"turns":8}],"seed_played":"4653046991952524518","potions_obtained":[{"floor":1.0,"key":"Fruit Juice"},{"floor":5.0,"key":"Poison Potion"},{"floor":12.0,"key":"Weak Potion"},{"floor":14.0,"key":"Strength Potion"},{"floor":18.0,"key":"FocusPotion"},{"floor":22.0,"key":"LiquidBronze"},{"floor":29.0,"key":"AttackPotion"},{"floor":46,"key":"LiquidBronze"}],"is_trial":false,"path_per_floor":["M","?","$","?","M","R","E","M","T","M","R","E","M","M","R","B",null,"M","$","?","M","M","R","E","R","T","?","E","M","R","M","R","B",null,"M","M","?","?","T","R","E","?","T","$","R","E","$","E","R","B","B",null,"R","$","E","B",null],"character_chosen":"DEFECT","items_purchased":["Sunder","Turbo","DollysMirror","Coolheaded+1","Regen Potion","Hologram+1","Discovery+1"],"campfire_rested":0,"item_purchase_floors":[3,3,44,44,44,47,47],"current_hp_per_floor":[64,43,43,43,43,43,43,46,46,34,34,18,20,20,20,16,61,63,63,63,72,72,72,64,64,64,64,34,43,43,34,34,37,66,75,77,77,39,39,39,13,13,13,13,13,34,34,10,10,44,48,72,72,72,57,49],"gold":47,"neow_bonus":"THREE_ENEMY_KILL","is_prod":false,"is_daily":false,"chose_seed":false,"campfire_upgraded":10,"win_rate":0,"timestamp":1557779705,"path_taken":["M","?","$","?","M","R","E","M","T","M","R","E","M","M","R","BOSS","M","?","?","M","?","R","E","R","T","?","E","M","R","M","R","BOSS","M","M","?","?","?","R","E","?","T","$","R","E","$","E","R","BOSS","BOSS","R","$","E","BOSS"],"build_version":"2019-01-23","purchased_purges":3,"victory":true,"max_hp_per_floor":[71,71,71,71,71,71,71,71,71,71,71,76,76,76,76,76,76,76,76,76,76,76,76,76,76,76,76,76,76,76,76,76,76,76,76,78,78,78,78,78,80,80,80,80,80,80,80,80,80,80,80,80,80,80,96,96],"card_choices":[{"not_picked":["Hologram","Sweeping Beam"],"picked":"Melter","floor":1.0},{"not_picked":["Turbo","Capacitor"],"picked":"Self Repair","floor":5.0},{"not_picked":["Force Field","Gash"],"picked":"Compile Driver","floor":7.0},{"not_picked":["Sweeping Beam","Go for the Eyes"],"picked":"Conserve Battery","floor":8.0},{"not_picked":["Consume","Scrape"],"picked":"Heatsinks","floor":10.0},{"not_picked":["Undo","Force Field"],"picked":"Consume","floor":12.0},{"not_picked":["Cold Snap","Sweeping Beam"],"picked":"Skim","floor":13.0},{"not_picked":["Turbo","Barrage"],"picked":"Meteor Strike","floor":14.0},{"not_picked":["Machine Learning","Seek"],"picked":"Fission","floor":16.0},{"not_picked":["Sweeping Beam+1","Barrage"],"picked":"Tempest","floor":18.0},{"not_picked":["Double Energy","Hologram"],"picked":"Sunder","floor":21.0},{"not_picked":["Gash+1","Rip and Tear"],"picked":"Cold Snap+1","floor":22.0},{"not_picked":["Rebound","Coolheaded"],"picked":"Defragment","floor":24.0},{"not_picked":["Coolheaded+1","Compile Driver"],"picked":"Capacitor","floor":28.0},{"not_picked":["Force Field+1","Coolheaded+1"],"picked":"All For One","floor":29.0},{"not_picked":["Stack+1","Ball Lightning"],"picked":"Double Energy+1","floor":31.0},{"not_picked":["Seek+1","Amplify+1"],"picked":"Core Surge","floor":33.0},{"not_picked":["Compile Driver","Chill+1"],"picked":"Coolheaded+1","floor":35},{"not_picked":["Hello World","FTL+1","Redo+1"],"picked":"Singing Bowl","floor":36},{"not_picked":["Genetic Algorithm+1","Ball Lightning+1"],"picked":"Reinforced Body+1","floor":38},{"not_picked":["Ball Lightning+1","Cold Snap","Chaos+1"],"picked":"Singing Bowl","floor":41},{"not_picked":["Stack+1","Streamline"],"picked":"Sunder+1","floor":46},{"not_picked":["Double Energy+1","Stack+1"],"picked":"All For One","floor":48},{"not_picked":["Streamline","Reboot+1","Go for the Eyes"],"picked":"Singing Bowl","floor":55}],"player_experience":1672221,"relics_obtained":[{"floor":7.0,"key":"Blood Vial"},{"floor":9.0,"key":"Tiny Chest"},{"floor":12.0,"key":"Anchor"},{"floor":24.0,"key":"Toxic Egg 2"},{"floor":26.0,"key":"Pen Nib"},{"floor":28.0,"key":"Singing Bowl"},{"floor":38,"key":"Thread and Needle"},{"floor":39,"key":"Centennial Puzzle"},{"floor":41,"key":"MawBank"},{"floor":46,"key":"Pantograph"},{"floor":48,"key":"Shuriken"},{"floor":55,"key":"Mango"}],"event_choices":[{"damage_healed":0.0,"max_hp_gain":0.0,"max_hp_loss":0.0,"gold_gain":0.0,"event_name":"Shining Light","player_choice":"Entered Light","floor":2.0,"gold_loss":0.0,"damage_taken":21.0,"cards_upgraded":["Melter","Strike_B"]},{"cards_removed":["Strike_B"],"damage_healed":0.0,"max_hp_gain":0.0,"max_hp_loss":0.0,"gold_gain":0.0,"event_name":"Wheel of Change","player_choice":"Card Removal","floor":4.0,"gold_loss":0.0,"damage_taken":0.0},{"damage_healed":0.0,"max_hp_gain":0.0,"max_hp_loss":0.0,"gold_gain":0.0,"event_name":"Match and Keep!","player_choice":"2 cards matched","floor":20.0,"gold_loss":0.0,"damage_taken":0.0,"cards_obtained":["Loop","Buffer"]},{"damage_healed":0.0,"max_hp_gain":0.0,"max_hp_loss":0.0,"gold_gain":0.0,"cards_transformed":["Strike_B","Strike_B"],"event_name":"Drug Dealer","player_choice":"Became Test Subject","floor":27.0,"gold_loss":0.0,"damage_taken":0.0,"cards_obtained":["Stack","Sunder"]},{"damage_healed":0,"gold_gain":0,"player_choice":"Ignored","damage_taken":0,"max_hp_gain":0,"max_hp_loss":0,"event_name":"Tomb of Lord Red Mask","floor":37,"gold_loss":0},{"damage_healed":0,"gold_gain":0,"player_choice":"Fight","damage_taken":0,"max_hp_gain":0,"max_hp_loss":0,"event_name":"Mysterious Sphere","floor":38,"gold_loss":0},{"damage_healed":0,"gold_gain":0,"player_choice":"Ignored","damage_taken":0,"max_hp_gain":0,"max_hp_loss":0,"event_name":"SecretPortal","floor":42,"gold_loss":0}],"is_beta":false,"boss_relics":[{"not_picked":["Coffee Dripper","Sozu"],"picked":"Snecko Eye"},{"not_picked":["Eternal Feather","Philosopher\u0027s Stone"],"picked":"Astrolabe"}],"items_purged_floors":[19,44,54],"is_endless":false,"potions_floor_spawned":[1,5,12,14,18,22,29,31,33,35,36,46,48],"ascension_level":20}