{"gold_per_floor":[210,115,290,290,308,335,346,346,428,441,459,476,496,461,461,561,561,573,773,333,345,100,100,125,125,125,125,125,139,14,34,34,136,136,156,166,16,36,0,0,0,35,110,123,133,133,133],"floor_reached":47,"playtime":2772,"items_purged":["Strike_R","Strike_R","Strike_R","Strike_R"],"score":574,"play_id":"1a1ef979-f9f9-4d9f-a582-3148798ca7db","local_time":"20190404000637","is_ascension_mode":true,"campfire_choices":[{"data":"Armaments","floor":8,"key":"SMITH"},{"data":"Carnage","floor":15,"key":"SMITH"},{"data":"Shrug It Off","floor":23,"key":"SMITH"},{"data":"Rage","floor":25,"key":"SMITH"},{"data":"Shrug It Off","floor":28,"key":"SMITH"},{"floor":32,"key":"REST"},{"data":"Limit Break","floor":40,"key":"SMITH"}],"neow_cost":"NONE","seed_source_timestamp":268987718026800,"circlet_count":0,"master_deck":["Strike_R","Defend_R","Defend_R","Defend_R","Defend_R","Bash","Battle Trance","Shrug It Off+1","Armaments+1","Power Through","Clothesline","Shrug It Off+1","Carnage+1","Pommel Strike","Spot Weakness","Twin Strike","Offering","Heavy Blade","Rage+1","Wild Strike","Combust","Shockwave","Limit Break+1","Rage+1","Twin Strike+1","Inflame+1","Fiend Fire","Twin Strike+1","Whirlwind+1","Dramatic Entrance"],"relics":["Burning Blood","Omamori","Paper Frog","Runic Cube","Charon\u0027s Ashes","Boot","Mercury Hourglass","Letter Opener","Cursed Key","Red Mask","Prayer Wheel","Pear"],"potions_floor_usage":[6,12,33,33,33,47],"damage_taken":[{"damage":8,"enemies":"2 Louse","floor":1,"turns":3},{"damage":0,"enemies":"Jaw Worm","floor":5,"turns":5},{"damage":62,"enemies":"Gremlin Nob","floor":6,"turns":5},{"damage":3,"enemies":"Cultist","floor":7,"turns":4},{"damage":3,"enemies":"Looter","floor":10,"turns":5},{"damage":6,"enemies":"Blue Slaver","floor":11,"turns":5},{"damage":19,"enemies":"Exordium Thugs","floor":12,"turns":5},{"damage":2,"enemies":"2 Fungi Beasts","floor":13,"turns":3},{"damage":14,"enemies":"The Guardian","floor":16,"turns":12},{"damage":21,"enemies":"Shell Parasite","floor":18,"turns":9},{"damage":28,"enemies":"3 Byrds","floor":21,"turns":8},{"damage":27,"enemies":"Gremlin Leader","floor":24,"turns":11},{"damage":15,"enemies":"Snake Plant","floor":29,"turns":3},{"damage":26,"enemies":"Sentry and Sphere","floor":31,"turns":6},{"damage":42,"enemies":"Collector","floor":33,"turns":11},{"damage":25,"enemies":"3 Shapes","floor":35,"turns":3},{"damage":6,"enemies":"Orb Walker","floor":36,"turns":3},{"damage":5,"enemies":"Sphere and 2 Shapes","floor":38,"turns":5},{"damage":42,"enemies":"Giant Head","floor":42,"turns":8},{"damage":8,"enemies":"Writhing Mass","floor":44,"turns":5},{"damage":25,"enemies":"Transient","floor":45,"turns":5},{"damage":15,"enemies":"3 Darklings","floor":47,"turns":3}],"seed_played":"3596923646697022186","potions_obtained":[{"floor":1,"key":"Energy Potion"},{"floor":5,"key":"AttackPotion"},{"floor":12,"key":"Explosive Potion"},{"floor":18,"key":"LiquidBronze"},{"floor":31,"key":"Dexterity Potion"},{"floor":35,"key":"GamblersBrew"},{"floor":38,"key":"Fire Potion"},{"floor":45,"key":"GamblersBrew"}],"is_trial":false,"path_per_floor":["M","$","?","?","M","E","M","R","T","M","M","M","M","?","R","B",null,"M","?","$","M","$","R","E","R","T","?","R","M","$","M","R","B",null,"M","M","$","M","?","R","$","E","T","M","M","?","M"],"character_chosen":"IRONCLAD","items_purchased":["Shrug It Off","Armaments","Rage","Charon\u0027s Ashes","Boot"],"campfire_rested":1,"item_purchase_floors":[2,2,20,20,22],"current_hp_per_floor":[78,78,78,78,80,24,27,27,27,30,30,17,21,41,41,33,80,65,65,65,43,43,43,22,22,22,48,48,39,39,19,43,7,80,61,61,61,62,62,62,62,26,36,34,15,15,0],"gold":133,"neow_bonus":"HUNDRED_GOLD","is_prod":false,"is_daily":false,"chose_seed":false,"campfire_upgraded":6,"win_rate":0,"timestamp":1554361597,"path_taken":["M","$","?","?","M","E","M","R","T","?","M","M","M","?","R","BOSS","M","?","$","M","?","R","E","R","T","?","R","M","?","M","R","BOSS","M","M","$","M","?","R","$","E","T","M","M","?","M"],"build_version":"2019-01-23","purchased_purges":4,"victory":false,"max_hp_per_floor":[80,80,80,80,80,80,80,80,80,80,80,80,80,80,80,80,80,80,80,80,80,80,80,80,80,80,80,80,80,80,80,80,80,80,80,80,80,80,80,80,80,80,90,90,90,90,90],"card_choices":[{"not_picked":["Thunderclap","Cleave"],"picked":"Battle Trance","floor":1},{"not_picked":["Iron Wave","Clash"],"picked":"Power Through","floor":5},{"not_picked":["True Grit","Berserk"],"picked":"Clothesline","floor":6},{"not_picked":["Reckless Charge","Fire Breathing"],"picked":"Shrug It Off","floor":7},{"not_picked":["Cleave","Flex"],"picked":"Carnage","floor":10},{"not_picked":["Dropkick","Thunderclap"],"picked":"Pommel Strike","floor":11},{"not_picked":["Thunderclap","Iron Wave"],"picked":"Spot Weakness","floor":12},{"not_picked":["Heavy Blade","Burning Pact"],"picked":"Twin Strike","floor":13},{"not_picked":["Reaper","Impervious"],"picked":"Offering","floor":16},{"not_picked":["Power Through","Burning Pact"],"picked":"Heavy Blade","floor":18},{"not_picked":["Corruption","Clothesline"],"picked":"Wild Strike","floor":21},{"not_picked":["Intimidate","Carnage"],"picked":"Combust","floor":24},{"not_picked":["Uppercut","Burning Pact"],"picked":"Shockwave","floor":29},{"not_picked":["Second Wind","Infernal Blade","Ghostly Armor"],"picked":"SKIP","floor":31},{"not_picked":["Brutality","Fiend Fire"],"picked":"Limit Break","floor":33},{"not_picked":["Infernal Blade","Warcry+1"],"picked":"Rage+1","floor":35},{"not_picked":["Headbutt","Havoc+1"],"picked":"Twin Strike+1","floor":36},{"not_picked":["True Grit","Anger+1"],"picked":"Inflame+1","floor":38},{"not_picked":["Dropkick+1","Sentinel"],"picked":"Fiend Fire","floor":42},{"not_picked":["Armaments+1","Wild Strike"],"picked":"Twin Strike+1","floor":44},{"not_picked":["Power Through+1","Wild Strike","Sentinel+1"],"picked":"SKIP","floor":44},{"not_picked":["Wild Strike","Pommel Strike+1"],"picked":"Whirlwind+1","floor":45},{"not_picked":["Sword Boomerang","Carnage","Havoc"],"picked":"SKIP","floor":45},{"not_picked":["Flash of Steel","Secret Technique"],"picked":"Dramatic Entrance","floor":46}],"player_experience":274997,"relics_obtained":[{"floor":6,"key":"Omamori"},{"floor":9,"key":"Paper Frog"},{"floor":24,"key":"Mercury Hourglass"},{"floor":26,"key":"Letter Opener"},{"floor":42,"key":"Prayer Wheel"},{"floor":43,"key":"Pear"}],"event_choices":[{"damage_healed":0,"gold_gain":175,"player_choice":"AGREE","damage_taken":0,"max_hp_gain":0,"max_hp_loss":0,"event_name":"Liars Game","floor":3,"gold_loss":0,"cards_obtained":["Doubt"]},{"cards_removed":["Doubt"],"damage_healed":0,"gold_gain":0,"player_choice":"Removed Curses","damage_taken":0,"max_hp_gain":0,"max_hp_loss":0,"event_name":"Fountain of Cleansing","floor":4,"gold_loss":0},{"damage_healed":20,"gold_gain":0,"player_choice":"Healed","damage_taken":0,"max_hp_gain":0,"max_hp_loss":0,"event_name":"The Cleric","floor":14,"gold_loss":35},{"damage_healed":0,"gold_gain":200,"player_choice":"Gold","damage_taken":0,"max_hp_gain":0,"max_hp_loss":0,"event_name":"Wheel of Change","floor":19,"gold_loss":0},{"damage_healed":26,"gold_gain":0,"player_choice":"Heal","damage_taken":0,"max_hp_gain":0,"max_hp_loss":0,"event_name":"The Library","floor":27,"gold_loss":0},{"damage_healed":0,"gold_gain":0,"player_choice":"Paid","damage_taken":0,"relics_obtained":["Red Mask"],"max_hp_gain":0,"max_hp_loss":0,"event_name":"Tomb of Lord Red Mask","floor":39,"gold_loss":36},{"damage_healed":0,"gold_gain":0,"player_choice":"Memory 1","damage_taken":0,"max_hp_gain":0,"max_hp_loss":0,"event_name":"SensoryStone","floor":46,"gold_loss":0}],"is_beta":false,"boss_relics":[{"not_picked":["White Beast Statue","Fusion Hammer"],"picked":"Runic Cube"},{"not_picked":["Mark of Pain","Astrolabe"],"picked":"Cursed Key"}],"items_purged_floors":[20,22,30,37],"is_endless":false,"potions_floor_spawned":[1,5,12,18,31,35,38,45],"killed_by":"3 Darklings","ascension_level":3}