{"gold_per_floor":[115,115,190,33,49,49,83,83,155,181,146,110,130,130,130,201,201,216,25,43,43],"floor_reached":21,"playtime":770,"items_purged":[],"score":315,"play_id":"59126eac-1c1b-4512-b01b-8dcf16b268bc","local_time":"20190412203028","is_ascension_mode":true,"campfire_choices":[{"floor":6,"key":"REST"},{"floor":8,"key":"REST"},{"data":"Inflame","floor":15,"key":"SMITH"}],"neow_cost":"NONE","seed_source_timestamp":157897718648200,"circlet_count":0,"master_deck":["AscendersBane","Bash","Rampage","Whirlwind","Purity","Blood for Blood","Inflame+1","Infernal Blade","Seeing Red","Headbutt","Barricade","Wild Strike","Carnage","Pommel Strike","Cleave","Carnage","Cleave","Disarm","Reaper","True Grit","Shrug It Off","Mayhem","Burning Pact"],"relics":["Burning Blood","Lantern","Blue Candle","Kunai","Darkstone Periapt","Pandora\u0027s Box"],"potions_floor_usage":[7,16,18,20],"damage_taken":[{"damage":2,"enemies":"Jaw Worm","floor":1,"turns":3},{"damage":7,"enemies":"2 Louse","floor":5,"turns":2},{"damage":22,"enemies":"3 Sentries","floor":7,"turns":6},{"damage":40,"enemies":"Lagavulin","floor":10,"turns":5},{"damage":0,"enemies":"Small Slimes","floor":13,"turns":2},{"damage":25,"enemies":"Slime Boss","floor":16,"turns":10},{"damage":43,"enemies":"Shell Parasite","floor":18,"turns":4},{"damage":26,"enemies":"2 Thieves","floor":20,"turns":3},{"damage":33,"enemies":"Cultist and Chosen","floor":21,"turns":3}],"seed_played":"-4070181180239352881","potions_obtained":[{"floor":1,"key":"AttackPotion"},{"floor":10,"key":"SneckoOil"},{"floor":13,"key":"Weak Potion"},{"floor":18,"key":"Strength Potion"}],"is_trial":false,"path_per_floor":["M","?","?","$","M","R","E","R","T","E","?","$","M","?","R","B",null,"M","$","M","M"],"character_chosen":"IRONCLAD","items_purchased":["Whirlwind","Purity","Seeing Red","Shrug It Off","Mayhem"],"campfire_rested":2,"item_purchase_floors":[4,4,12,19,19],"current_hp_per_floor":[72,57,46,46,45,67,51,73,73,39,57,57,63,63,63,44,67,37,37,17,0],"gold":43,"neow_bonus":"RANDOM_COMMON_RELIC","is_prod":false,"is_daily":false,"chose_seed":false,"campfire_upgraded":1,"win_rate":0,"timestamp":1555093828,"path_taken":["M","?","?","?","?","R","E","R","T","E","?","?","M","?","R","BOSS","M","$","M","M"],"build_version":"2019-01-23","purchased_purges":0,"victory":false,"max_hp_per_floor":[75,75,75,75,75,75,75,75,75,75,75,75,75,75,75,75,75,75,75,75,75],"card_choices":[{"not_picked":["Wild Strike","Armaments"],"picked":"Rampage","floor":1},{"not_picked":["True Grit","Reckless Charge"],"picked":"Blood for Blood","floor":5},{"not_picked":["Bloodletting","Warcry"],"picked":"Inflame","floor":7},{"not_picked":["Sword Boomerang","Twin Strike"],"picked":"Infernal Blade","floor":10},{"not_picked":["Wild Strike","Twin Strike"],"picked":"Headbutt","floor":13},{"not_picked":["Dark Embrace","Impervious"],"picked":"Barricade","floor":16},{"not_picked":["Cleave","Clash"],"picked":"True Grit","floor":18},{"not_picked":["Body Slam","Combust"],"picked":"Burning Pact","floor":20}],"player_experience":1638735,"relics_obtained":[{"floor":7,"key":"Blue Candle"},{"floor":9,"key":"Kunai"},{"floor":10,"key":"Darkstone Periapt"}],"event_choices":[{"damage_healed":0,"gold_gain":0,"player_choice":"Entered Light","damage_taken":15,"max_hp_gain":0,"max_hp_loss":0,"event_name":"Shining Light","floor":2,"gold_loss":0,"cards_upgraded":["Defend_R","Defend_R"]},{"damage_healed":0,"gold_gain":75,"player_choice":"Gather Gold","damage_taken":11,"max_hp_gain":0,"max_hp_loss":0,"event_name":"World of Goop","floor":3,"gold_loss":0},{"damage_healed":18,"gold_gain":0,"player_choice":"Healed","damage_taken":0,"max_hp_gain":0,"max_hp_loss":0,"event_name":"The Cleric","floor":11,"gold_loss":35},{"cards_removed":["Strike_R"],"damage_healed":0,"gold_gain":0,"player_choice":"Offered Basic","damage_taken":0,"max_hp_gain":0,"max_hp_loss":0,"event_name":"Bonfire Elementals","floor":14,"gold_loss":0}],"is_beta":false,"boss_relics":[{"not_picked":["Busted Crown","Velvet Choker"],"picked":"Pandora\u0027s Box"}],"items_purged_floors":[],"is_endless":false,"potions_floor_spawned":[1,10,13,18],"killed_by":"Cultist and Chosen","ascension_level":14}