{"gold_per_floor":[118,118,48,68,68,68,94,94,94,94,107,107,107,140,140,240,240,254,254,28,28,27,27,42,42,42,42,72,84,195,217,229,344,356,382,304,332,19,34,34,65,115,115,115],"floor_reached":44,"playtime":1919,"items_purged":["Pain","Normality"],"score":740,"play_id":"114c6c7d-2fb5-4506-a19d-3ce829f24984","local_time":"20190319140230","is_ascension_mode":true,"campfire_choices":[{"data":"Loop","floor":6,"key":"SMITH"},{"floor":10,"key":"REST"},{"data":"Ball Lightning","floor":15,"key":"SMITH"},{"floor":23,"key":"REST"},{"data":"Discovery","floor":29,"key":"SMITH"},{"floor":32,"key":"REST"},{"floor":40,"key":"REST"}],"neow_cost":"NONE","seed_source_timestamp":414845654972300,"circlet_count":0,"master_deck":["AscendersBane","Strike_B","Strike_B","Strike_B","Defend_B","Defend_B","Defend_B","Defend_B","Zap","Dualcast+1","Conserve Battery","Loop+1","Ball Lightning+1","Self Repair","Static Discharge+1","Loop+1","Thunder Strike+1","Writhe","Self Repair+1","Defragment+1","Discovery+1","Chill","Chill+1","Core Surge+1","Echo Form+1","Defragment+1","Chill+1","Double Energy"],"relics":["Cracked Core","Singing Bowl","Molten Egg 2","Frozen Egg 2","Anchor","WarpedTongs","Matryoshka","Calling Bell","Bag of Preparation","Turnip","Pear","Boot","DataDisk","MawBank","Lizard Tail","OrangePellets","Mummified Hand","Pocketwatch","Mercury Hourglass","Ornamental Fan"],"potions_floor_usage":[4,7,11,14,16,24,24,31,33,33,39],"damage_taken":[{"damage":1,"enemies":"Cultist","floor":1,"turns":4},{"damage":0,"enemies":"Jaw Worm","floor":4,"turns":3},{"damage":46,"enemies":"Gremlin Nob","floor":7,"turns":5},{"damage":10,"enemies":"2 Louse","floor":11,"turns":5},{"damage":15,"enemies":"3 Sentries","floor":14,"turns":6},{"damage":36,"enemies":"Slime Boss","floor":16,"turns":7},{"damage":12,"enemies":"Chosen","floor":18,"turns":4},{"damage":26,"enemies":"2 Thieves","floor":22,"turns":4},{"damage":3,"enemies":"Centurion and Healer","floor":24,"turns":7},{"damage":0,"enemies":"Colosseum Slavers","floor":27,"turns":8},{"damage":17,"enemies":"Gremlin Leader","floor":28,"turns":5},{"damage":27,"enemies":"Shelled Parasite and Fungi","floor":31,"turns":6},{"damage":59,"enemies":"Champ","floor":33,"turns":10},{"damage":42,"enemies":"Orb Walker","floor":35,"turns":5},{"damage":0,"enemies":"3 Shapes","floor":37,"turns":6},{"damage":42,"enemies":"Jaw Worm Horde","floor":39,"turns":4},{"damage":77,"enemies":"Reptomancer","floor":41,"turns":6},{"damage":50,"enemies":"2 Orb Walkers","floor":42,"turns":6},{"damage":51,"enemies":"Giant Head","floor":44,"turns":7}],"seed_played":"-2989517160435575606","potions_obtained":[{"floor":0,"key":"Energy Potion"},{"floor":0,"key":"GamblersBrew"},{"floor":0,"key":"Block Potion"},{"floor":7,"key":"FearPotion"},{"floor":8,"key":"PowerPotion"},{"floor":8,"key":"Regen Potion"},{"floor":14,"key":"Swift Potion"},{"floor":16,"key":"Poison Potion"},{"floor":24,"key":"Dexterity Potion"},{"floor":28,"key":"Weak Potion"},{"floor":31,"key":"Strength Potion"},{"floor":37,"key":"Weak Potion"},{"floor":42,"key":"Explosive Potion"}],"is_trial":false,"path_per_floor":["M","T","$","M","$","R","E","?","T","R","M","T","?","E","R","B",null,"M","?","$","?","M","R","M","?","T","?","E","R","?","M","R","B",null,"M","?","M","$","M","R","E","?","T","E"],"character_chosen":"DEFECT","items_purchased":["Loop","Defragment+1","Discovery","Defragment+1","OrangePellets"],"campfire_rested":4,"item_purchase_floors":[3,20,20,38,38],"current_hp_per_floor":[67,67,67,67,67,67,21,21,21,43,52,52,52,51,51,22,72,60,44,44,44,35,62,71,71,71,88,88,88,88,70,94,55,84,64,64,86,86,44,73,59,31,31,0],"gold":115,"neow_bonus":"THREE_SMALL_POTIONS","is_prod":false,"is_daily":false,"chose_seed":false,"campfire_upgraded":3,"win_rate":0,"timestamp":1553000550,"path_taken":["M","?","$","M","?","R","E","?","T","R","?","?","?","E","R","BOSS","M","?","$","?","?","R","M","?","T","?","E","R","?","M","R","BOSS","M","?","M","$","?","R","E","?","T","E"],"build_version":"2019-01-23","purchased_purges":2,"victory":false,"max_hp_per_floor":[75,75,75,75,75,75,75,75,75,75,75,75,75,75,75,75,85,85,90,90,90,90,90,92,92,92,92,92,92,92,94,94,94,94,96,96,98,98,98,98,98,100,100,100],"card_choices":[{"not_picked":["Lockon","Compile Driver"],"picked":"Conserve Battery","floor":1},{"not_picked":["Reinforced Body","Redo"],"picked":"Ball Lightning","floor":4},{"not_picked":["Force Field","Rip and Tear"],"picked":"Self Repair","floor":7},{"not_picked":["Force Field","Melter+1"],"picked":"Static Discharge+1","floor":11},{"not_picked":["Rainbow","Gash+1"],"picked":"Loop+1","floor":14},{"not_picked":["Machine Learning+1","Creative AI+1"],"picked":"Thunder Strike+1","floor":16},{"not_picked":["Go for the Eyes+1","Fusion"],"picked":"Self Repair+1","floor":18},{"not_picked":["Sweeping Beam+1","Consume"],"picked":"Chill+1","floor":22},{"not_picked":["Compile Driver+1","Gash+1","Reprogram+1"],"picked":"Singing Bowl","floor":24},{"not_picked":["Leap","Hologram"],"picked":"Core Surge+1","floor":28},{"not_picked":["Leap+1","Coolheaded","Conserve Battery"],"picked":"Singing Bowl","floor":31},{"not_picked":["Seek","Core Surge+1"],"picked":"Echo Form+1","floor":33},{"not_picked":["Blizzard+1","Leap+1","Tempest"],"picked":"Singing Bowl","floor":35},{"not_picked":["Capacitor+1","Sweeping Beam+1","Go for the Eyes+1"],"picked":"Singing Bowl","floor":37},{"not_picked":["Steam","Beam Cell+1"],"picked":"Chill+1","floor":39},{"not_picked":["Glacier+1","Compile Driver+1"],"picked":"Double Energy","floor":41},{"not_picked":["Rip and Tear+1","Streamline+1","Conserve Battery+1"],"picked":"Singing Bowl","floor":42}],"player_experience":1546385,"relics_obtained":[{"floor":2,"key":"Singing Bowl"},{"floor":7,"key":"Molten Egg 2"},{"floor":9,"key":"Frozen Egg 2"},{"floor":12,"key":"Anchor"},{"floor":14,"key":"Matryoshka"},{"floor":17,"key":"Bag of Preparation"},{"floor":17,"key":"Turnip"},{"floor":17,"key":"Pear"},{"floor":26,"key":"Boot"},{"floor":26,"key":"DataDisk"},{"floor":28,"key":"MawBank"},{"floor":41,"key":"Mummified Hand"},{"floor":42,"key":"Pocketwatch"},{"floor":43,"key":"Mercury Hourglass"},{"floor":43,"key":"Ornamental Fan"}],"event_choices":[{"damage_healed":0,"gold_gain":0,"player_choice":"Got Potions","damage_taken":0,"max_hp_gain":0,"max_hp_loss":0,"event_name":"Lab","floor":8,"gold_loss":0},{"damage_healed":0,"gold_gain":0,"player_choice":"Rummage","damage_taken":0,"relics_obtained":["WarpedTongs"],"max_hp_gain":0,"max_hp_loss":0,"event_name":"Accursed Blacksmith","floor":13,"gold_loss":0,"cards_obtained":["Pain"]},{"damage_healed":0,"gold_gain":0,"player_choice":"Shed Blood","damage_taken":21,"max_hp_gain":5,"max_hp_loss":0,"event_name":"Forgotten Altar","floor":19,"gold_loss":0},{"damage_healed":0,"gold_gain":0,"cards_transformed":["Strike_B"],"player_choice":"Transformed","damage_taken":0,"max_hp_gain":0,"max_hp_loss":0,"event_name":"Transmorgrifier","floor":21,"gold_loss":0,"cards_obtained":["Chill"]},{"damage_healed":0,"gold_gain":0,"player_choice":"Ignored","damage_taken":0,"max_hp_gain":0,"max_hp_loss":0,"event_name":"Beggar","floor":25,"gold_loss":0},{"damage_healed":0,"gold_gain":0,"player_choice":"Fight","damage_taken":0,"max_hp_gain":0,"max_hp_loss":0,"event_name":"Colosseum","floor":27,"gold_loss":0},{"damage_healed":0,"gold_gain":0,"player_choice":"Fled From Nobs","damage_taken":0,"max_hp_gain":0,"max_hp_loss":0,"event_name":"Colosseum","floor":27,"gold_loss":0},{"damage_healed":0,"gold_gain":99,"player_choice":"Stole From Cult","damage_taken":0,"max_hp_gain":0,"max_hp_loss":0,"event_name":"Nest","floor":30,"gold_loss":0},{"cards_removed":["Normality"],"damage_healed":0,"gold_gain":0,"player_choice":"Upgrade and Remove","damage_taken":0,"max_hp_gain":0,"max_hp_loss":0,"event_name":"Designer","floor":36,"gold_loss":90,"cards_upgraded":["Dualcast"]},{"damage_healed":0,"gold_gain":0,"player_choice":"Fight","damage_taken":0,"max_hp_gain":0,"max_hp_loss":0,"event_name":"Mysterious Sphere","floor":42,"gold_loss":0}],"is_beta":false,"boss_relics":[{"not_picked":["FrozenCore","Empty Cage"],"picked":"Calling Bell"},{"not_picked":["Black Star","Philosopher\u0027s Stone"],"picked":"Lizard Tail"}],"items_purged_floors":[20,38],"is_endless":false,"potions_floor_spawned":[7,14,16,24,28,31,37,42],"killed_by":"Giant Head","ascension_level":10}