{"gold_per_floor":[144,144,189,234,279,279,369,369,369,414,414,459,549,594,594,894,894,939,868,913,958,1033,1123,1123,1168,1168,1258,1303,1348,1348,1348,1348,1648,1648,1693,1738,1783,1828,2128,2218,2218,2263,2263,2383,2383,2473,2533,2590,2602,2614],"floor_reached":51,"playtime":2323,"items_purged":[],"score":1243,"play_id":"65922721-493e-4de1-aca1-5f4fec026d64","local_time":"20181125133749","daily_mods":["Cursed Run","Hoarder","Midas"],"is_ascension_mode":false,"campfire_choices":[{"floor":6.0,"key":"REST"},{"floor":8.0,"key":"REST"},{"floor":15.0,"key":"REST"},{"floor":24.0,"key":"REST"},{"floor":30.0,"key":"REST"},{"floor":32.0,"key":"REST"},{"floor":45,"key":"REST"},{"floor":49,"key":"REST"}],"neow_cost":"","seed_source_timestamp":0,"circlet_count":0,"master_deck":["Strike_R","Strike_R","Strike_R","Strike_R","Strike_R+1","Defend_R","Defend_R","Defend_R","Defend_R","Bash+1","Perfected Strike","Perfected Strike","Perfected Strike","Jack Of All Trades","Jack Of All Trades","Jack Of All Trades","Spot Weakness","Spot Weakness","Spot Weakness","Parasite","Parasite","Parasite","Parasite","Parasite","Parasite","Reaper+1","Reaper+1","Reaper+1","Pain","Pain","Pain","Exhume","Exhume","Exhume","Heavy Blade+1","Heavy Blade+1","Heavy Blade+1","Inflame","Inflame","Inflame","Flex","Flex","Flex","Dual Wield+1","Dual Wield+1","Dual Wield+1","Heavy Blade+1","Heavy Blade+1","Heavy Blade+1","Pain","Pain","Pain","Heavy Blade+1","Heavy Blade+1","Heavy Blade+1","Pommel Strike+1","Pommel Strike+1","Pommel Strike+1","Heavy Blade+1","Heavy Blade+1","Heavy Blade+1","Parasite","Parasite","Parasite","Normality","Normality","Normality","Evolve+1","Evolve+1","Evolve+1","Flex","Flex","Flex","Secret Technique","Secret Technique","Secret Technique","Normality","Normality","Normality","Warcry+1","Warcry+1","Warcry+1","Pain","Pain","Pain"],"special_seed":17860,"relics":["Cursed Key","Darkstone Periapt","Du-Vu Doll","Molten Egg 2","Incense Burner","Mercury Hourglass","Sozu","Red Mask","Bag of Marbles","Red Skull","Paper Frog","Pear","Black Star","Thread and Needle","Blood Vial","Pen Nib","The Courier","Tiny Chest","Strawberry","MawBank","Whetstone","Mango"],"potions_floor_usage":[50,50,50],"damage_taken":[{"damage":0.0,"enemies":"Small Slimes","floor":1.0,"turns":3.0},{"damage":0.0,"enemies":"Cultist","floor":3.0,"turns":2.0},{"damage":1.0,"enemies":"Jaw Worm","floor":4.0,"turns":2.0},{"damage":3.0,"enemies":"2 Fungi Beasts","floor":5.0,"turns":3.0},{"damage":18.0,"enemies":"Lagavulin","floor":7.0,"turns":3.0},{"damage":12.0,"enemies":"Blue Slaver","floor":10.0,"turns":2.0},{"damage":0.0,"enemies":"Large Slime","floor":12.0,"turns":2.0},{"damage":1.0,"enemies":"Gremlin Nob","floor":13.0,"turns":3.0},{"damage":0.0,"enemies":"Exordium Thugs","floor":14.0,"turns":3.0},{"damage":23.0,"enemies":"Hexaghost","floor":16.0,"turns":6.0},{"damage":7.0,"enemies":"Shell Parasite","floor":18.0,"turns":2.0},{"damage":22.0,"enemies":"3 Byrds","floor":20.0,"turns":3.0},{"damage":3.0,"enemies":"Snecko","floor":21.0,"turns":1.0},{"damage":20.0,"enemies":"Masked Bandits","floor":22.0,"turns":4.0},{"damage":41.0,"enemies":"Slavers","floor":23.0,"turns":3.0},{"damage":0.0,"enemies":"3 Cultists","floor":25.0,"turns":2.0},{"damage":2.0,"enemies":"Gremlin Leader","floor":27.0,"turns":1.0},{"damage":6.0,"enemies":"Centurion and Healer","floor":28.0,"turns":2.0},{"damage":2.0,"enemies":"Snake Plant","floor":29.0,"turns":1.0},{"damage":25.0,"enemies":"Automaton","floor":33.0,"turns":3.0},{"damage":15.0,"enemies":"Orb Walker","floor":35.0,"turns":2.0},{"damage":16.0,"enemies":"3 Darklings","floor":36.0,"turns":3.0},{"damage":25.0,"enemies":"Maw","floor":37.0,"turns":3.0},{"damage":0.0,"enemies":"Spire Growth","floor":38.0,"turns":2.0},{"damage":70.0,"enemies":"Mind Bloom Boss Battle","floor":39.0,"turns":3.0},{"damage":20.0,"enemies":"Nemesis","floor":40.0,"turns":5.0},{"damage":5.0,"enemies":"Transient","floor":42.0,"turns":5.0},{"damage":1,"enemies":"Reptomancer","floor":44,"turns":1},{"damage":4,"enemies":"Nemesis","floor":46,"turns":3},{"damage":3,"enemies":"2 Orb Walkers","floor":47,"turns":2},{"damage":0,"enemies":"3 Darklings","floor":48,"turns":1},{"damage":67,"enemies":"Awakened One","floor":50,"turns":5}],"seed_played":"-1394780119887161805","potions_obtained":[{"floor":4.0,"key":"Strength Potion"},{"floor":10.0,"key":"LiquidBronze"},{"floor":12.0,"key":"SkillPotion"},{"floor":13.0,"key":"Regen Potion"}],"is_trial":false,"path_per_floor":["M","?","M","M","M","R","E","R","T","M","?","M","E","M","R","B",null,"M","$","M","M","?","E","R","M","T","E","M","M","R","T","R","B",null,"M","M","M","M","?","E","?","M","M","T","E","R","E","?","M","R","B",null],"character_chosen":"IRONCLAD","items_purchased":["Inflame"],"campfire_rested":8,"item_purchase_floors":[19],"current_hp_per_floor":[80,80,80,79,76,80,62,80,86,74,92,92,91,91,92,92,98,91,91,84,81,61,76,98,98,104,102,104,102,104,120,120,101,126,111,121,123,123,53,78,78,75,81,89,130,128,141,143,153,104],"gold":2626,"neow_bonus":"","is_prod":false,"is_daily":true,"chose_seed":false,"campfire_upgraded":0,"win_rate":0,"timestamp":1543120669,"path_taken":["M","?","?","M","M","R","E","R","T","M","?","M","E","M","R","BOSS","M","$","M","M","?","E","R","M","T","E","M","M","R","?","R","BOSS","M","M","M","M","?","E","?","M","T","E","R","E","?","M","R","BOSS"],"build_version":"2018-11-15","purchased_purges":0,"victory":true,"max_hp_per_floor":[80,80,80,80,80,80,80,80,86,86,92,92,92,92,92,98,98,98,98,98,98,98,98,98,98,104,104,104,104,104,120,120,126,126,126,126,126,126,126,126,126,126,132,139,139,139,153,153,153,159],"card_choices":[{"not_picked":["Headbutt","Dropkick"],"picked":"Perfected Strike","floor":1.0},{"not_picked":["Havoc","Ghostly Armor","Iron Wave"],"picked":"SKIP","floor":3.0},{"not_picked":["Armaments","Twin Strike","Juggernaut"],"picked":"SKIP","floor":4.0},{"not_picked":["Rage","Pummel"],"picked":"Spot Weakness","floor":5.0},{"not_picked":["Heavy Blade","Rupture","Headbutt"],"picked":"SKIP","floor":7.0},{"not_picked":["Armaments","Twin Strike+1","Sword Boomerang+1"],"picked":"SKIP","floor":10.0},{"not_picked":["Clash+1","Headbutt+1","Disarm"],"picked":"SKIP","floor":12.0},{"not_picked":["Clash+1","Flex"],"picked":"Reaper+1","floor":13.0},{"not_picked":["Combust","Rage","Wild Strike+1"],"picked":"SKIP","floor":14.0},{"not_picked":["Berserk","Impervious"],"picked":"Exhume","floor":16.0},{"not_picked":["Pommel Strike+1","Evolve"],"picked":"Heavy Blade+1","floor":18.0},{"not_picked":["Armaments","Havoc","Combust"],"picked":"SKIP","floor":20.0},{"not_picked":["Thunderclap+1","Twin Strike+1"],"picked":"Flex","floor":21.0},{"not_picked":["Rage","Thunderclap+1"],"picked":"Dual Wield+1","floor":22.0},{"not_picked":["Ghostly Armor","Brutality","Bloodletting"],"picked":"SKIP","floor":23.0},{"not_picked":["Warcry","Armaments"],"picked":"Heavy Blade+1","floor":25.0},{"not_picked":["Clash+1","Reaper+1"],"picked":"Heavy Blade+1","floor":27.0},{"not_picked":["Twin Strike+1","Clothesline+1"],"picked":"Pommel Strike+1","floor":28.0},{"not_picked":["Body Slam+1","Headbutt+1"],"picked":"Heavy Blade+1","floor":29.0},{"not_picked":["Thunderclap+1","Shrug It Off","Intimidate"],"picked":"SKIP","floor":35.0},{"not_picked":["Headbutt+1","Wild Strike+1"],"picked":"Evolve+1","floor":36.0},{"not_picked":["Body Slam+1","Second Wind+1","Dual Wield+1"],"picked":"SKIP","floor":37.0},{"not_picked":["Anger+1","Blood for Blood+1","Headbutt+1"],"picked":"SKIP","floor":38.0},{"not_picked":["Twin Strike+1","Burning Pact+1"],"picked":"Flex","floor":39.0},{"not_picked":["Disarm","Combust+1","Flex"],"picked":"SKIP","floor":40.0},{"not_picked":["The Bomb","PanicButton"],"picked":"Secret Technique","floor":41.0},{"not_picked":["Armaments+1","Rupture","Dual Wield+1"],"picked":"SKIP","floor":42},{"not_picked":["Body Slam+1","Reckless Charge+1"],"picked":"Warcry+1","floor":44},{"not_picked":["Sentinel","Metallicize","Ghostly Armor+1"],"picked":"SKIP","floor":46},{"not_picked":["Power Through","Dual Wield+1","Headbutt+1"],"picked":"SKIP","floor":48}],"player_experience":75846,"relics_obtained":[{"floor":7.0,"key":"Molten Egg 2"},{"floor":9.0,"key":"Incense Burner"},{"floor":13.0,"key":"Mercury Hourglass"},{"floor":22.0,"key":"Red Mask"},{"floor":23.0,"key":"Bag of Marbles"},{"floor":26.0,"key":"Red Skull"},{"floor":27.0,"key":"Paper Frog"},{"floor":31.0,"key":"Pear"},{"floor":39.0,"key":"Thread and Needle"},{"floor":40.0,"key":"Blood Vial"},{"floor":40.0,"key":"Pen Nib"},{"floor":43,"key":"The Courier"},{"floor":44,"key":"Tiny Chest"},{"floor":44,"key":"Strawberry"},{"floor":46,"key":"MawBank"},{"floor":46,"key":"Whetstone"},{"floor":47,"key":"Mango"}],"event_choices":[{"damage_healed":0.0,"max_hp_gain":0.0,"max_hp_loss":0.0,"gold_gain":0.0,"event_name":"Match and Keep!","player_choice":"1 cards matched","floor":2.0,"gold_loss":0.0,"damage_taken":0.0,"cards_obtained":["Jack Of All Trades"]},{"damage_healed":21.0,"max_hp_gain":0.0,"max_hp_loss":0.0,"gold_gain":0.0,"event_name":"Mushrooms","player_choice":"Healed and dodged fight","floor":11.0,"gold_loss":0.0,"damage_taken":0.0,"cards_obtained":["Parasite"]},{"damage_healed":0.0,"max_hp_gain":0.0,"max_hp_loss":0.0,"gold_gain":0.0,"event_name":"Masked Bandits","player_choice":"Fought Bandits","floor":22.0,"gold_loss":0.0,"damage_taken":0.0},{"damage_healed":0.0,"max_hp_gain":0.0,"max_hp_loss":0.0,"gold_gain":0.0,"event_name":"MindBloom","player_choice":"Fight","floor":39.0,"gold_loss":0.0,"damage_taken":0.0},{"damage_healed":0.0,"max_hp_gain":0.0,"max_hp_loss":0.0,"gold_gain":0.0,"event_name":"SensoryStone","player_choice":"Memory 1","floor":41.0,"gold_loss":0.0,"damage_taken":0.0},{"damage_healed":0,"gold_gain":0,"player_choice":"Fight","damage_taken":0,"max_hp_gain":0,"max_hp_loss":0,"event_name":"Mysterious Sphere","floor":47,"gold_loss":0}],"is_beta":false,"boss_relics":[{"not_picked":["Orrery","Mark of Pain"],"picked":"Sozu"},{"not_picked":["Snecko Eye","Pandora\u0027s Box"],"picked":"Black Star"}],"items_purged_floors":[],"is_endless":false,"potions_floor_spawned":[4,10,12,13,14,18,22,29,33,36,38,42,44],"ascension_level":0}