{"gold_per_floor":[113,113,127,127,30,30,49,49,76,94,114,145,145,72,72,175,175,189,38,48,67,167,167,167],"floor_reached":24,"playtime":2687,"items_purged":["Strike_G"],"score":196,"play_id":"1fd69377-b7ff-4f95-8d5b-a141be28351c","local_time":"20190512025211","is_ascension_mode":false,"campfire_choices":[{"data":"Deadly Poison","floor":6,"key":"SMITH"},{"data":"Neutralize","floor":8,"key":"SMITH"},{"floor":15,"key":"REST"},{"floor":23,"key":"REST"}],"neow_cost":"NONE","seed_source_timestamp":542505575625999,"circlet_count":0,"master_deck":["Defend_G","Defend_G","Defend_G","Defend_G","Defend_G","Strike_G","Strike_G","Strike_G","Survivor","Neutralize+1","Backflip","Deadly Poison+1","Crippling Poison","Poisoned Stab","Deflect","Cloak And Dagger","Escape Plan","Cloak And Dagger","Noxious Fumes+1","Noxious Fumes","Unload","Deadly Poison","Caltrops","Backflip+1","Backflip+1","Poisoned Stab"],"relics":["Ring of the Snake","Happy Flower","Ornamental Fan","Runic Pyramid","Tough Bandages","Bottled Tornado"],"potions_floor_usage":[16,16,22,22],"damage_taken":[{"damage":2,"enemies":"Cultist","floor":1,"turns":6},{"damage":0,"enemies":"2 Louse","floor":3,"turns":3},{"damage":6,"enemies":"Small Slimes","floor":7,"turns":6},{"damage":0,"enemies":"2 Fungi Beasts","floor":10,"turns":3},{"damage":3,"enemies":"Gremlin Gang","floor":11,"turns":5},{"damage":14,"enemies":"Gremlin Nob","floor":12,"turns":5},{"damage":30,"enemies":"Slime Boss","floor":16,"turns":9},{"damage":1,"enemies":"Chosen","floor":18,"turns":5},{"damage":2,"enemies":"Shell Parasite","floor":20,"turns":5},{"damage":6,"enemies":"Snecko","floor":21,"turns":6},{"damage":8,"enemies":"Colosseum Slavers","floor":22,"turns":5},{"damage":52,"enemies":"Colosseum Nobs","floor":22,"turns":5},{"damage":31,"enemies":"Slavers","floor":24,"turns":4}],"seed_played":"-6796489674331832920","potions_obtained":[{"floor":3,"key":"SteroidPotion"},{"floor":12,"key":"Dexterity Potion"},{"floor":20,"key":"Ancient Potion"},{"floor":21,"key":"SpeedPotion"}],"is_trial":false,"path_per_floor":["M","?","M","?","$","R","M","R","T","M","M","E","?","$","R","B",null,"M","$","M","M","?","R","E"],"character_chosen":"THE_SILENT","items_purchased":["Poisoned Stab","Deflect","Noxious Fumes","Caltrops"],"campfire_rested":2,"item_purchase_floors":[5,5,14,19],"current_hp_per_floor":[68,68,68,73,73,73,67,67,67,67,64,50,50,50,72,42,75,74,74,72,66,6,28,0],"gold":167,"neow_bonus":"TRANSFORM_CARD","is_prod":false,"is_daily":false,"chose_seed":false,"campfire_upgraded":2,"win_rate":0.0,"timestamp":1557643931,"path_taken":["M","?","?","?","$","R","M","R","T","M","M","E","?","$","R","BOSS","M","$","M","M","?","R","E"],"build_version":"2019-01-23","purchased_purges":1,"victory":false,"max_hp_per_floor":[70,70,70,75,75,75,75,75,75,75,75,75,75,75,75,75,75,75,75,75,75,75,75,75],"card_choices":[{"not_picked":["Cloak And Dagger","Masterful Stab"],"picked":"Deadly Poison","floor":1},{"not_picked":["Bane","Dodge and Roll"],"picked":"Crippling Poison","floor":3},{"not_picked":["Slice","Masterful Stab"],"picked":"Cloak And Dagger","floor":7},{"not_picked":["Poisoned Stab","Outmaneuver"],"picked":"Escape Plan","floor":10},{"not_picked":["Infinite Blades","Dodge and Roll"],"picked":"Cloak And Dagger","floor":11},{"not_picked":["Envenom","Masterful Stab"],"picked":"Noxious Fumes","floor":12},{"not_picked":["Wraith Form v2","Night Terror"],"picked":"Unload","floor":16},{"not_picked":["Slice","Bane"],"picked":"Deadly Poison","floor":18},{"not_picked":["Dash+1","Sucker Punch+1"],"picked":"Backflip+1","floor":20},{"not_picked":["Finisher","Sucker Punch"],"picked":"Backflip+1","floor":21},{"not_picked":["Deflect","Bane"],"picked":"Poisoned Stab","floor":22}],"player_experience":77452,"relics_obtained":[{"floor":9,"key":"Happy Flower"},{"floor":12,"key":"Ornamental Fan"},{"floor":22,"key":"Tough Bandages"},{"floor":22,"key":"Bottled Tornado"}],"event_choices":[{"damage_healed":0,"gold_gain":0,"player_choice":"Ignored","damage_taken":0,"max_hp_gain":0,"max_hp_loss":0,"event_name":"NoteForYourself","floor":2,"gold_loss":0},{"damage_healed":0,"gold_gain":0,"player_choice":"Donut","damage_taken":0,"max_hp_gain":5,"max_hp_loss":0,"event_name":"Big Fish","floor":4,"gold_loss":0},{"damage_healed":0,"gold_gain":0,"player_choice":"Grow","damage_taken":0,"max_hp_gain":0,"max_hp_loss":0,"event_name":"Living Wall","floor":13,"gold_loss":0,"cards_upgraded":["Noxious Fumes"]},{"damage_healed":0,"gold_gain":0,"player_choice":"Fight","damage_taken":0,"max_hp_gain":0,"max_hp_loss":0,"event_name":"Colosseum","floor":22,"gold_loss":0},{"damage_healed":0,"gold_gain":0,"player_choice":"Fought Nobs","damage_taken":0,"max_hp_gain":0,"max_hp_loss":0,"event_name":"Colosseum","floor":22,"gold_loss":0}],"is_beta":false,"boss_relics":[{"not_picked":["Cursed Key","Tiny House"],"picked":"Runic Pyramid"}],"items_purged_floors":[19],"is_endless":false,"potions_floor_spawned":[3,12,20,21],"killed_by":"Slavers","ascension_level":0}