{"gold_per_floor":[118,130,405,417,417,443,443,469,544,554,554,554],"floor_reached":12,"playtime":361,"items_purged":[],"score":106,"play_id":"55bdd73e-4c5d-4c99-bafd-00296ac83deb","local_time":"20181230205212","is_ascension_mode":true,"campfire_choices":[{"data":"Defragment","floor":11,"key":"SMITH"}],"neow_cost":"NONE","seed_source_timestamp":286057627145500,"circlet_count":0,"master_deck":["Strike_B","Strike_B","Strike_B","Strike_B","Defend_B","Defend_B","Defend_B","Defend_B","Zap","Dualcast","Defragment+1","Barrage","Regret","Ball Lightning","Capacitor","Zap","Leap","Reboot"],"relics":["Cracked Core","NeowsBlessing","Calipers","Smiling Mask","Turnip","Letter Opener"],"potions_floor_usage":[8,10],"damage_taken":[{"damage":0,"enemies":"Jaw Worm","floor":1,"turns":1},{"damage":0,"enemies":"Cultist","floor":2,"turns":1},{"damage":0,"enemies":"Small Slimes","floor":4,"turns":1},{"damage":16,"enemies":"Gremlin Nob","floor":6,"turns":3},{"damage":32,"enemies":"Lagavulin","floor":8,"turns":5},{"damage":0,"enemies":"Looter","floor":10,"turns":2},{"damage":26,"enemies":"Lots of Slimes","floor":12,"turns":2}],"seed_played":"-2042797463123441973","potions_obtained":[{"floor":1,"key":"Explosive Potion"},{"floor":6,"key":"LiquidBronze"},{"floor":10,"key":"GamblersBrew"}],"is_trial":false,"path_per_floor":["M","M","?","M","?","E","?","E","T","M","R","M"],"character_chosen":"DEFECT","items_purchased":[],"campfire_rested":0,"item_purchase_floors":[],"current_hp_per_floor":[75,75,75,75,72,56,56,24,24,24,24,0],"gold":554,"neow_bonus":"THREE_ENEMY_KILL","is_prod":false,"is_daily":false,"chose_seed":false,"campfire_upgraded":1,"win_rate":0,"timestamp":1546231932,"path_taken":["M","M","?","?","?","E","?","E","T","M","R","M"],"build_version":"2018-12-20","purchased_purges":0,"victory":false,"max_hp_per_floor":[75,75,75,75,75,75,75,75,75,75,75,75],"card_choices":[{"not_picked":["Sunder","Stack"],"picked":"Defragment","floor":1},{"not_picked":["Streamline","Turbo"],"picked":"Barrage","floor":2},{"not_picked":["Doom and Gloom","Rebound"],"picked":"Ball Lightning","floor":4},{"not_picked":["Sweeping Beam","Blizzard"],"picked":"Capacitor","floor":6},{"not_picked":["Aggregate","Auto Shields"],"picked":"Leap","floor":8},{"not_picked":["Compile Driver","Turbo"],"picked":"Reboot","floor":10}],"player_experience":275194,"relics_obtained":[{"floor":6,"key":"Smiling Mask"},{"floor":8,"key":"Turnip"},{"floor":9,"key":"Letter Opener"}],"event_choices":[{"damage_healed":0,"gold_gain":275,"player_choice":"Desecrate","damage_taken":0,"max_hp_gain":0,"max_hp_loss":0,"event_name":"Golden Shrine","floor":3,"gold_loss":0,"cards_obtained":["Regret"]},{"damage_healed":0,"gold_gain":0,"player_choice":"Success","damage_taken":3,"relics_obtained":["Calipers"],"max_hp_gain":0,"max_hp_loss":0,"event_name":"Scrap Ooze","floor":5,"gold_loss":0},{"damage_healed":0,"gold_gain":0,"player_choice":"1 cards matched","damage_taken":0,"max_hp_gain":0,"max_hp_loss":0,"event_name":"Match and Keep!","floor":7,"gold_loss":0,"cards_obtained":["Zap"]}],"is_beta":false,"boss_relics":[],"items_purged_floors":[],"is_endless":false,"potions_floor_spawned":[1,6,10],"killed_by":"Lots of Slimes","ascension_level":4}