{"gold_per_floor":[112,62,62,62,83,117,117,136,136,152,165,178,140,181,181,301,301,316,316,29,29,52,52,52,52],"floor_reached":25,"playtime":1286,"items_purged":[],"score":386,"play_id":"798e876a-6a42-44ff-b834-5baaa9fd6227","local_time":"20181114115044","is_ascension_mode":true,"campfire_choices":[{"data":"Bash","floor":7,"key":"SMITH"},{"floor":15,"key":"REST"},{"floor":23,"key":"REST"}],"neow_cost":"NONE","seed_source_timestamp":648951906627700,"circlet_count":0,"master_deck":["Strike_R","Strike_R","Strike_R","Strike_R","Defend_R","Defend_R","Defend_R","Defend_R","Bash+1","Battle Trance","Injury","Evolve","Searing Blow","Combust","True Grit","Headbutt","Rampage","Combust","Clash","Limit Break","Shockwave","Bandage Up","Slice+1"],"relics":["Burning Blood","NeowsBlessing","Golden Idol","Bottled Tornado","Boot","Ancient Tea Set","Lizard Tail","PrismaticShard"],"potions_floor_usage":[16,18,22,24],"damage_taken":[{"damage":0,"enemies":"Jaw Worm","floor":1,"turns":1},{"damage":0,"enemies":"Cultist","floor":5,"turns":1},{"damage":0,"enemies":"3 Sentries","floor":6,"turns":1},{"damage":0,"enemies":"2 Louse","floor":8,"turns":3},{"damage":22,"enemies":"Blue Slaver","floor":10,"turns":5},{"damage":23,"enemies":"Exordium Thugs","floor":11,"turns":5},{"damage":13,"enemies":"2 Fungi Beasts","floor":12,"turns":4},{"damage":35,"enemies":"Gremlin Nob","floor":14,"turns":4},{"damage":12,"enemies":"Slime Boss","floor":16,"turns":6},{"damage":61,"enemies":"Shell Parasite","floor":18,"turns":7},{"damage":31,"enemies":"3 Byrds","floor":22,"turns":4},{"damage":35,"enemies":"Colosseum Slavers","floor":24,"turns":4},{"damage":59,"enemies":"Centurion and Healer","floor":25,"turns":6}],"seed_played":"-4728308295697114959","potions_obtained":[{"floor":1,"key":"Regen Potion"},{"floor":11,"key":"SpeedPotion"},{"floor":12,"key":"FairyPotion"},{"floor":16,"key":"SkillPotion"},{"floor":22,"key":"GamblersBrew"}],"is_trial":false,"path_per_floor":["M","?","?","$","M","E","R","M","T","M","M","M","$","E","R","B",null,"M","$","$","?","M","R","?","M"],"character_chosen":"IRONCLAD","items_purchased":["Combust","PrismaticShard","Bandage Up"],"campfire_rested":2,"item_purchase_floors":[13,20,20],"current_hp_per_floor":[78,78,78,78,80,80,80,80,80,64,47,40,40,11,35,44,71,16,16,16,16,10,34,9,0],"gold":52,"neow_bonus":"THREE_ENEMY_KILL","is_prod":false,"is_daily":false,"chose_seed":false,"campfire_upgraded":1,"win_rate":0,"timestamp":1542192644,"path_taken":["M","?","?","?","M","E","R","M","T","M","M","M","$","E","R","BOSS","M","?","$","?","M","R","?","M"],"build_version":"2018-11-08","purchased_purges":0,"victory":false,"max_hp_per_floor":[80,80,80,80,80,80,80,80,80,80,80,80,80,80,80,80,80,80,80,80,80,80,80,80,80],"card_choices":[{"not_picked":["Bloodletting","Perfected Strike"],"picked":"Battle Trance","floor":1},{"not_picked":["Sword Boomerang","Body Slam"],"picked":"Evolve","floor":5},{"not_picked":["Flame Barrier","Havoc"],"picked":"Searing Blow","floor":6},{"not_picked":["Evolve","Perfected Strike"],"picked":"Combust","floor":8},{"not_picked":["Warcry","Body Slam"],"picked":"True Grit","floor":10},{"not_picked":["Havoc","Warcry"],"picked":"Headbutt","floor":11},{"not_picked":["Thunderclap","Sword Boomerang"],"picked":"Rampage","floor":12},{"not_picked":["Bloodletting","Intimidate"],"picked":"Clash","floor":14},{"not_picked":["Impervious","Reaper"],"picked":"Limit Break","floor":16},{"not_picked":["Cleave","Metallicize"],"picked":"Shockwave","floor":18},{"not_picked":["Cold Snap","Clash"],"picked":"Slice+1","floor":22}],"player_experience":908695,"relics_obtained":[{"floor":6,"key":"Bottled Tornado"},{"floor":9,"key":"Boot"},{"floor":14,"key":"Ancient Tea Set"}],"event_choices":[{"cards_removed":["Strike_R"],"damage_healed":0,"gold_gain":0,"player_choice":"Card Removal","damage_taken":0,"max_hp_gain":0,"max_hp_loss":0,"event_name":"The Cleric","floor":2,"gold_loss":50},{"damage_healed":0,"gold_gain":0,"player_choice":"Take Wound","damage_taken":0,"relics_obtained":["Golden Idol"],"max_hp_gain":0,"max_hp_loss":0,"event_name":"Golden Idol","floor":3,"gold_loss":0,"cards_obtained":["Injury"]},{"damage_healed":0,"gold_gain":0,"player_choice":"Ignored","damage_taken":0,"max_hp_gain":0,"max_hp_loss":0,"event_name":"Ghosts","floor":21,"gold_loss":0},{"damage_healed":0,"gold_gain":0,"player_choice":"Fight","damage_taken":0,"max_hp_gain":0,"max_hp_loss":0,"event_name":"Colosseum","floor":24,"gold_loss":0},{"damage_healed":0,"gold_gain":0,"player_choice":"Fled From Nobs","damage_taken":0,"max_hp_gain":0,"max_hp_loss":0,"event_name":"Colosseum","floor":24,"gold_loss":0}],"is_beta":false,"boss_relics":[{"not_picked":["Philosopher\u0027s Stone","Runic Dome"],"picked":"Lizard Tail"}],"items_purged_floors":[],"is_endless":false,"potions_floor_spawned":[1,11,12,14,16,22],"killed_by":"Centurion and Healer","ascension_level":7}