{"gold_per_floor":[110,126,140,69,84,111,191,218,218,264,276,288,311,342,354,461,473,466,491,536,548,573,614,626,668,705,717],"floor_reached":27,"playtime":2586,"items_purged":[],"score":287,"play_id":"60cec911-55a9-43b5-9d8f-ad6fee9c0d77","local_time":"20190503145013","daily_mods":["Flight","Elite Swarm","Uncertain Future"],"is_ascension_mode":true,"campfire_choices":[{"floor":12,"key":"REST"},{"floor":15,"key":"REST"},{"floor":24,"key":"REST"}],"neow_cost":"","seed_source_timestamp":670842563136800,"circlet_count":0,"master_deck":["Defend_G","Defend_G","Defend_G","Defend_G","Strike_G","Strike_G","Strike_G","Strike_G","Strike_G","Survivor","Neutralize","Dodge and Roll","PiercingWail","Dash","Bouncing Flask","Glass Knife","After Image","Adrenaline","Heel Hook+1","Deadly Poison","Envenom","Well Laid Plans+1","Deadly Poison","Adrenaline"],"relics":["Ring of the Snake","Torii","Ornamental Fan","MawBank","Molten Egg 2","Velvet Choker","Red Mask","Singing Bowl","Nunchaku","Bottled Tornado","Ancient Tea Set"],"potions_floor_usage":[6,8,20,23,23,25,25,27],"damage_taken":[{"damage":5,"enemies":"Jaw Worm","floor":1,"turns":5},{"damage":2,"enemies":"Small Slimes","floor":2,"turns":4},{"damage":0,"enemies":"Cultist","floor":3,"turns":4},{"damage":4,"enemies":"Red Slaver","floor":5,"turns":4},{"damage":25,"enemies":"3 Sentries","floor":6,"turns":10},{"damage":38,"enemies":"Lagavulin","floor":8,"turns":7},{"damage":18,"enemies":"Gremlin Nob","floor":10,"turns":5},{"damage":1,"enemies":"Large Slime","floor":13,"turns":7},{"damage":0,"enemies":"2 Fungi Beasts","floor":14,"turns":4},{"damage":1,"enemies":"Hexaghost","floor":16,"turns":10},{"damage":12,"enemies":"2 Thieves","floor":18,"turns":4},{"damage":3,"enemies":"3 Byrds","floor":19,"turns":7},{"damage":8,"enemies":"Masked Bandits","floor":20,"turns":6},{"damage":2,"enemies":"Snake Plant","floor":22,"turns":4},{"damage":18,"enemies":"Slavers","floor":23,"turns":7},{"damage":25,"enemies":"Gremlin Leader","floor":25,"turns":10},{"damage":34,"enemies":"Slavers","floor":27,"turns":4}],"seed_played":"1413467514118658691","potions_obtained":[{"floor":5,"key":"Regen Potion"},{"floor":6,"key":"Regen Potion"},{"floor":10,"key":"SteroidPotion"},{"floor":13,"key":"SpeedPotion"},{"floor":16,"key":"Dexterity Potion"},{"floor":20,"key":"Weak Potion"},{"floor":23,"key":"GamblersBrew"},{"floor":25,"key":"AttackPotion"}],"is_trial":true,"path_per_floor":["M","M","M","$","M","E","?","E","T","E","?","R","M","M","R","B",null,"M","M","?","?","M","E","R","E","T","E"],"character_chosen":"THE_SILENT","items_purchased":["Bouncing Flask"],"campfire_rested":3,"item_purchase_floors":[4],"current_hp_per_floor":[65,63,63,63,59,49,49,26,26,8,8,29,28,28,49,48,70,58,55,47,47,47,29,50,27,27,0],"gold":717,"neow_bonus":"","is_prod":false,"is_daily":false,"chose_seed":false,"campfire_upgraded":0,"win_rate":0,"timestamp":1556909413,"path_taken":["M","M","M","$","M","E","?","E","T","E","?","R","?","M","R","BOSS","M","M","?","?","M","E","R","E","T","E"],"build_version":"2019-01-23","purchased_purges":0,"victory":false,"max_hp_per_floor":[70,70,70,70,70,70,70,70,70,70,70,70,70,70,70,70,70,70,70,70,70,72,72,72,74,74,74],"card_choices":[{"not_picked":["Prepared","Dagger Spray"],"picked":"Dodge and Roll","floor":1},{"not_picked":["Outmaneuver","Expertise"],"picked":"PiercingWail","floor":2},{"not_picked":["Cloak And Dagger","Skewer"],"picked":"Dash","floor":3},{"not_picked":["Bane","Expertise","Sucker Punch"],"picked":"SKIP","floor":5},{"not_picked":["Unload","Grand Finale"],"picked":"Glass Knife","floor":6},{"not_picked":["Night Terror","Bullet Time"],"picked":"After Image","floor":8},{"not_picked":["Glass Knife","Venomology"],"picked":"Adrenaline","floor":10},{"not_picked":["Leg Sweep","Dagger Throw+1"],"picked":"Heel Hook+1","floor":13},{"not_picked":["Bane+1","Acrobatics"],"picked":"Deadly Poison","floor":14},{"not_picked":["Tools of the Trade","Unload+1"],"picked":"Envenom","floor":16},{"not_picked":["Choke+1","Flying Knee+1"],"picked":"Well Laid Plans+1","floor":18},{"not_picked":["Slice+1","Cloak And Dagger"],"picked":"Deadly Poison","floor":19},{"not_picked":["Skewer+1","Dagger Throw+1","Quick Slash+1"],"picked":"Singing Bowl","floor":22},{"not_picked":["Storm of Steel","Night Terror"],"picked":"Adrenaline","floor":23},{"not_picked":["Burst","Wraith Form v2","Envenom"],"picked":"Singing Bowl","floor":25}],"player_experience":79624,"relics_obtained":[{"floor":6,"key":"Torii"},{"floor":8,"key":"Ornamental Fan"},{"floor":9,"key":"MawBank"},{"floor":10,"key":"Molten Egg 2"},{"floor":20,"key":"Red Mask"},{"floor":23,"key":"Nunchaku"},{"floor":25,"key":"Bottled Tornado"},{"floor":26,"key":"Ancient Tea Set"}],"event_choices":[{"damage_healed":0,"gold_gain":80,"player_choice":"Gained Gold","damage_taken":0,"max_hp_gain":0,"max_hp_loss":0,"event_name":"Golden Wing","floor":7,"gold_loss":0},{"cards_removed":["Defend_G"],"damage_healed":0,"gold_gain":0,"player_choice":"Purged","damage_taken":0,"max_hp_gain":0,"max_hp_loss":0,"event_name":"Purifier","floor":11,"gold_loss":0},{"damage_healed":0,"gold_gain":0,"player_choice":"Fought Bandits","damage_taken":0,"max_hp_gain":0,"max_hp_loss":0,"event_name":"Masked Bandits","floor":20,"gold_loss":0},{"damage_healed":0,"gold_gain":0,"player_choice":"Opened","damage_taken":0,"relics_obtained":["Singing Bowl"],"max_hp_gain":0,"max_hp_loss":0,"event_name":"The Mausoleum","floor":21,"gold_loss":0}],"is_beta":false,"boss_relics":[{"not_picked":["Orrery","HoveringKite"],"picked":"Velvet Choker"}],"items_purged_floors":[],"is_endless":false,"potions_floor_spawned":[5,6,10,13,16,20,23,25],"killed_by":"Slavers","ascension_level":1}