{"gold_per_floor":[364,374,374,10,25,52,52,68,146,146,146,175,194,194,194,265,265,277,296,296,26,26,56,56,72,97,27,27,53,53,53],"floor_reached":31,"playtime":1345,"items_purged":[],"score":612,"play_id":"bf79f39a-d012-4cbf-a127-4b3751f27beb","local_time":"20190421082333","is_ascension_mode":true,"campfire_choices":[{"data":"Zap","floor":7.0,"key":"SMITH"},{"data":"Consume","floor":11.0,"key":"SMITH"},{"floor":15.0,"key":"REST"},{"data":"Buffer","floor":24.0,"key":"SMITH"}],"neow_cost":"TEN_PERCENT_HP_LOSS","seed_source_timestamp":0,"circlet_count":0,"master_deck":["AscendersBane","Strike_B","Strike_B","Strike_B","Strike_B","Defend_B","Defend_B","Defend_B","Defend_B","Zap+1","Dualcast","Defragment+1","Consume+1","Cold Snap","Coolheaded","Creative AI","Chaos","Multi-Cast","White Noise","Buffer+1","Chill","Loop","Hologram+1"],"special_seed":0,"relics":["Cracked Core","Meat on the Bone","Ginger","The Courier","Orichalcum","NlothsMask","Inserter","Calipers","Cables","Smiling Mask"],"potions_floor_usage":[29,29,31],"damage_taken":[{"damage":7.0,"enemies":"Small Slimes","floor":1.0,"turns":3.0},{"damage":7.0,"enemies":"Jaw Worm","floor":2.0,"turns":3.0},{"damage":2.0,"enemies":"Cultist","floor":5.0,"turns":4.0},{"damage":14.0,"enemies":"Lagavulin","floor":6.0,"turns":6.0},{"damage":5.0,"enemies":"Large Slime","floor":8.0,"turns":5.0},{"damage":32.0,"enemies":"Gremlin Nob","floor":12.0,"turns":4.0},{"damage":8.0,"enemies":"Exordium Wildlife","floor":13.0,"turns":4.0},{"damage":36.0,"enemies":"The Guardian","floor":16.0,"turns":10.0},{"damage":13.0,"enemies":"Shell Parasite","floor":18.0,"turns":7.0},{"damage":9.0,"enemies":"3 Byrds","floor":19.0,"turns":6.0},{"damage":30.0,"enemies":"Book of Stabbing","floor":23.0,"turns":7.0},{"damage":14.0,"enemies":"Centurion and Healer","floor":25.0,"turns":5.0},{"damage":19,"enemies":"Gremlin Leader","floor":29,"turns":12},{"damage":30,"enemies":"Snake Plant","floor":31,"turns":2}],"seed_played":"-6145657817524485634","potions_obtained":[{"floor":1.0,"key":"EntropicBrew"},{"floor":12.0,"key":"Swift Potion"},{"floor":16.0,"key":"Block Potion"},{"floor":23.0,"key":"Poison Potion"},{"floor":25.0,"key":"Block Potion"},{"floor":29,"key":"Energy Potion"}],"is_trial":false,"path_per_floor":["M","M","?","$","M","E","R","M","T","?","R","E","M","?","R","B",null,"M","M","?","$","?","E","R","M","T","$","?","E","$","M"],"character_chosen":"DEFECT","items_purchased":["Meat on the Bone","Consume","Calipers","Loop"],"campfire_rested":1,"item_purchase_floors":[4,4,21,27],"current_hp_per_floor":[57,50,50,50,48,34,34,41,41,41,41,21,25,25,44,20,53,40,43,43,43,43,25,25,23,23,23,36,29,29,0],"gold":53,"neow_bonus":"TWO_FIFTY_GOLD","is_prod":false,"is_daily":false,"chose_seed":false,"campfire_upgraded":3,"win_rate":0,"timestamp":1555849413,"path_taken":["M","M","?","$","M","E","R","M","T","?","R","E","M","?","R","BOSS","M","?","?","$","?","E","R","M","T","?","?","E","$","M"],"build_version":"2019-01-23","purchased_purges":0,"victory":false,"max_hp_per_floor":[64,64,64,64,64,64,64,64,64,64,64,64,64,64,64,64,64,64,64,64,64,64,64,64,64,64,64,64,64,64,64],"card_choices":[{"not_picked":["Fusion","Sweeping Beam"],"picked":"Defragment","floor":1.0},{"not_picked":["Recycle","Redo","Rebound"],"picked":"SKIP","floor":2.0},{"not_picked":["Turbo","Rebound"],"picked":"Cold Snap","floor":5.0},{"not_picked":["Sweeping Beam","Conserve Battery"],"picked":"Coolheaded","floor":6.0},{"not_picked":["Cold Snap","Sweeping Beam"],"picked":"Creative AI","floor":8.0},{"not_picked":["Turbo","Gash"],"picked":"Chaos","floor":12.0},{"not_picked":["Aggregate","Coolheaded","Rebound"],"picked":"SKIP","floor":13.0},{"not_picked":["Meteor Strike","All For One"],"picked":"Multi-Cast","floor":16.0},{"not_picked":["Ball Lightning","Doom and Gloom"],"picked":"White Noise","floor":18.0},{"not_picked":["Redo","Lockon","Compile Driver"],"picked":"SKIP","floor":19.0},{"not_picked":["Genetic Algorithm","Gash"],"picked":"Buffer","floor":23.0},{"not_picked":["Gash","Skim"],"picked":"Chill","floor":25.0},{"not_picked":["Stack+1","Double Energy"],"picked":"Hologram+1","floor":29}],"player_experience":917917,"relics_obtained":[{"floor":6.0,"key":"Ginger"},{"floor":9.0,"key":"The Courier"},{"floor":12.0,"key":"Orichalcum"},{"floor":23.0,"key":"Cables"},{"floor":29,"key":"Smiling Mask"}],"event_choices":[{"damage_healed":0.0,"max_hp_gain":0.0,"max_hp_loss":0.0,"gold_gain":0.0,"event_name":"Living Wall","player_choice":"Grow","floor":3.0,"gold_loss":0.0,"damage_taken":0.0,"cards_upgraded":["Defragment"]},{"damage_healed":0.0,"max_hp_gain":0.0,"max_hp_loss":0.0,"gold_gain":0.0,"event_name":"Dead Adventurer","player_choice":"Searched \u00270\u0027 times","floor":10.0,"gold_loss":0.0,"damage_taken":0.0},{"damage_healed":0.0,"max_hp_gain":0.0,"max_hp_loss":0.0,"gold_gain":0.0,"event_name":"FaceTrader","player_choice":"Trade","floor":14.0,"gold_loss":0.0,"damage_taken":0.0,"relics_obtained":["NlothsMask"]},{"damage_healed":0.0,"max_hp_gain":0.0,"max_hp_loss":0.0,"gold_gain":0.0,"event_name":"Vampires","player_choice":"Ignored","floor":20.0,"gold_loss":0.0,"damage_taken":0.0},{"damage_healed":0.0,"max_hp_gain":0.0,"max_hp_loss":0.0,"gold_gain":0.0,"event_name":"Beggar","player_choice":"Ignored","floor":22.0,"gold_loss":0.0,"damage_taken":0.0},{"damage_healed":13.0,"max_hp_gain":0.0,"max_hp_loss":0.0,"gold_gain":0.0,"event_name":"The Library","player_choice":"Heal","floor":28.0,"gold_loss":0.0,"damage_taken":0.0}],"is_beta":false,"boss_relics":[{"not_picked":["Sozu","Eternal Feather"],"picked":"Inserter"}],"items_purged_floors":[],"is_endless":false,"potions_floor_spawned":[1,12,16,23,25,29],"killed_by":"Snake Plant","ascension_level":20}