{"gold_per_floor":[110,123,136,211,222,145,145,169,169,194,194,226,176,141,141,238,238,254,254,169,181,0,0,12,12,12,12,12,12,31,46,46,150,150,167,167,179,179,191,191,211,139,139,139,139],"floor_reached":45,"playtime":2508,"items_purged":["Strike_B","Writhe"],"score":636,"play_id":"6411d0c3-9da3-412b-9df4-a9090a19755e","local_time":"20190428000545","is_ascension_mode":true,"campfire_choices":[{"data":"Zap","floor":7,"key":"SMITH"},{"floor":11,"key":"REST"},{"data":"Defragment","floor":15,"key":"SMITH"},{"floor":23,"key":"REST"},{"floor":29,"key":"REST"},{"floor":32,"key":"REST"},{"data":"Creative AI","floor":40,"key":"SMITH"}],"neow_cost":"TEN_PERCENT_HP_LOSS","seed_source_timestamp":352045902615100,"circlet_count":0,"master_deck":["Strike_B","Strike_B","Strike_B","Defend_B","Defend_B","Defend_B","Defend_B","Zap+1","Dualcast","All For One","FTL","Beam Cell","Hologram","Gash","Defragment+1","Cold Snap","Beam Cell","Creative AI+1","Gash","Glacier","Conserve Battery","FTL","Fission","Hologram+1","Coolheaded","Go for the Eyes","Hologram","Scrape"],"relics":["Cracked Core","Juzu Bracelet","Letter Opener","DataDisk","Smiling Mask","Inserter","Singing Bowl","Blue Candle","Pantograph","Enchiridion","Runic Dome","The Courier"],"potions_floor_usage":[5,18,30,33,33],"damage_taken":[{"damage":0,"enemies":"Small Slimes","floor":1,"turns":3},{"damage":0,"enemies":"Cultist","floor":2,"turns":2},{"damage":0,"enemies":"Jaw Worm","floor":3,"turns":1},{"damage":23,"enemies":"Large Slime","floor":5,"turns":5},{"damage":15,"enemies":"3 Sentries","floor":10,"turns":5},{"damage":7,"enemies":"Gremlin Nob","floor":12,"turns":3},{"damage":0,"enemies":"Slime Boss","floor":16,"turns":6},{"damage":19,"enemies":"3 Byrds","floor":18,"turns":4},{"damage":32,"enemies":"Shell Parasite","floor":21,"turns":4},{"damage":25,"enemies":"Snake Plant","floor":24,"turns":6},{"damage":14,"enemies":"Centurion and Healer","floor":30,"turns":7},{"damage":7,"enemies":"3 Cultists","floor":31,"turns":6},{"damage":23,"enemies":"Collector","floor":33,"turns":8},{"damage":26,"enemies":"3 Darklings","floor":35,"turns":4},{"damage":4,"enemies":"Orb Walker","floor":37,"turns":6},{"damage":1,"enemies":"Maw","floor":39,"turns":8},{"damage":37,"enemies":"4 Shapes","floor":41,"turns":6},{"damage":33,"enemies":"Nemesis","floor":45,"turns":5}],"seed_played":"3375935833211420768","potions_obtained":[{"floor":1,"key":"Dexterity Potion"},{"floor":3,"key":"SkillPotion"},{"floor":12,"key":"Poison Potion"},{"floor":30,"key":"Strength Potion"},{"floor":31,"key":"Ancient Potion"},{"floor":33,"key":"Poison Potion"},{"floor":37,"key":"SpeedPotion"},{"floor":39,"key":"Dexterity Potion"}],"is_trial":false,"path_per_floor":["M","M","M","?","M","$","R","T","T","E","R","E","$","?","R","B",null,"M","?","?","M","?","R","M","?","T","?","$","R","M","M","R","B",null,"M","?","M","?","M","R","M","$","T","?","E"],"character_chosen":"DEFECT","items_purchased":["Defragment","Go for the Eyes"],"campfire_rested":4,"item_purchase_floors":[6,42],"current_hp_per_floor":[68,68,68,62,39,39,39,39,39,24,44,37,37,54,54,54,65,46,46,46,14,14,34,11,34,34,18,18,39,25,18,39,41,63,39,39,37,65,64,64,27,27,27,27,0],"gold":139,"neow_bonus":"THREE_RARE_CARDS","is_prod":false,"is_daily":false,"chose_seed":false,"campfire_upgraded":3,"win_rate":0,"timestamp":1556424345,"path_taken":["M","M","M","?","?","$","R","?","T","E","R","E","$","?","R","BOSS","M","?","?","M","?","R","M","?","T","?","$","R","M","M","R","BOSS","M","?","M","?","M","R","M","$","T","?","E"],"build_version":"2019-01-23","purchased_purges":2,"victory":false,"max_hp_per_floor":[68,68,68,68,68,68,68,68,68,68,68,68,68,68,68,68,68,68,68,68,68,68,68,70,70,70,70,70,70,70,70,70,70,70,72,72,74,65,65,65,65,65,65,65,65],"card_choices":[{"not_picked":["Buffer","Echo Form"],"picked":"All For One","floor":0},{"not_picked":["Streamline","Undo"],"picked":"FTL","floor":1},{"not_picked":["Redo","Steam"],"picked":"Beam Cell","floor":2},{"not_picked":["Double Energy","Steam Power"],"picked":"Hologram","floor":3},{"not_picked":["Self Repair","Cold Snap"],"picked":"Gash","floor":5},{"not_picked":["Blizzard","Hologram"],"picked":"Cold Snap","floor":10},{"not_picked":["Sweeping Beam","Barrage"],"picked":"Beam Cell","floor":12},{"not_picked":["Amplify","Rainbow"],"picked":"Creative AI","floor":16},{"not_picked":["FTL","Sweeping Beam"],"picked":"Gash","floor":18},{"not_picked":["Streamline","Auto Shields+1"],"picked":"Glacier","floor":21},{"not_picked":["Cold Snap","Streamline+1","Ball Lightning+1"],"picked":"Singing Bowl","floor":24},{"not_picked":["Loop","Storm"],"picked":"Conserve Battery","floor":30},{"not_picked":["Steam+1","Redo"],"picked":"FTL","floor":31},{"not_picked":["Meteor Strike","Machine Learning"],"picked":"Fission","floor":33},{"not_picked":["Redo+1","Barrage","Force Field+1"],"picked":"Singing Bowl","floor":35},{"not_picked":["Turbo+1","Ball Lightning+1","Seek"],"picked":"Singing Bowl","floor":37},{"not_picked":["Rip and Tear","Reinforced Body"],"picked":"Hologram+1","floor":39},{"not_picked":["Conserve Battery","Steam Power+1"],"picked":"Coolheaded","floor":41}],"player_experience":385610,"relics_obtained":[{"floor":8,"key":"Juzu Bracelet"},{"floor":9,"key":"Letter Opener"},{"floor":10,"key":"DataDisk"},{"floor":12,"key":"Smiling Mask"},{"floor":26,"key":"Pantograph"},{"floor":27,"key":"Enchiridion"},{"floor":43,"key":"The Courier"}],"event_choices":[{"damage_healed":0,"gold_gain":75,"player_choice":"Touch","damage_taken":6,"max_hp_gain":0,"max_hp_loss":0,"event_name":"FaceTrader","floor":4,"gold_loss":0},{"damage_healed":17,"gold_gain":0,"player_choice":"Healed","damage_taken":0,"max_hp_gain":0,"max_hp_loss":0,"event_name":"The Cleric","floor":14,"gold_loss":35},{"damage_healed":0,"gold_gain":0,"player_choice":"Opened","damage_taken":0,"relics_obtained":["Singing Bowl"],"max_hp_gain":0,"max_hp_loss":0,"event_name":"The Mausoleum","floor":19,"gold_loss":0,"cards_obtained":["Writhe"]},{"damage_healed":0,"gold_gain":0,"player_choice":"Obtained Relic","damage_taken":0,"relics_obtained":["Blue Candle"],"max_hp_gain":0,"max_hp_loss":0,"event_name":"Addict","floor":20,"gold_loss":85},{"damage_healed":0,"gold_gain":0,"player_choice":"Paid Fearfully","damage_taken":0,"max_hp_gain":0,"max_hp_loss":0,"event_name":"Masked Bandits","floor":22,"gold_loss":181},{"damage_healed":23,"gold_gain":0,"player_choice":"Heal","damage_taken":0,"max_hp_gain":0,"max_hp_loss":0,"event_name":"The Library","floor":25,"gold_loss":0},{"damage_healed":0,"gold_gain":0,"player_choice":"Obtained Book","damage_taken":16,"max_hp_gain":0,"max_hp_loss":0,"event_name":"Cursed Tome","floor":27,"gold_loss":0},{"damage_healed":0,"gold_gain":0,"player_choice":"Ignored","damage_taken":0,"max_hp_gain":0,"max_hp_loss":0,"event_name":"Mysterious Sphere","floor":36,"gold_loss":0},{"damage_healed":65,"gold_gain":0,"player_choice":"Heal","damage_taken":0,"max_hp_gain":0,"max_hp_loss":9,"event_name":"The Moai Head","floor":38,"gold_loss":0},{"damage_healed":0,"gold_gain":0,"player_choice":"2 cards matched","damage_taken":0,"max_hp_gain":0,"max_hp_loss":0,"event_name":"Match and Keep!","floor":44,"gold_loss":0,"cards_obtained":["Hologram","Scrape"]}],"is_beta":false,"boss_relics":[{"not_picked":["Fusion Hammer","FrozenCore"],"picked":"Inserter"},{"not_picked":["Calling Bell","Busted Crown"],"picked":"Runic Dome"}],"items_purged_floors":[13,42],"is_endless":false,"potions_floor_spawned":[1,3,12,30,31,33,37,39],"killed_by":"Nemesis","ascension_level":7}