{"gold_per_floor":[144,189,139,184,229,319,364,364,439,484,529,252,297,387,399,711,723,780,837,948,885,942,954],"floor_reached":23,"playtime":2010,"items_purged":[],"score":557,"play_id":"91da4fa6-a16c-4e63-8fbe-decf3c2f1870","local_time":"20190201142553","daily_mods":["Insanity","Hoarder","Midas"],"is_ascension_mode":false,"campfire_choices":[{"floor":8,"key":"REST"},{"floor":15,"key":"REST"}],"neow_cost":"","seed_source_timestamp":0,"circlet_count":0,"master_deck":["Dagger Spray","Outmaneuver","Poisoned Stab","Flying Knee","Crippling Poison","Underhanded Strike","Distraction","Underhanded Strike","Prepared","Flying Knee","Dodge and Roll","Deadly Poison","Flechettes","Dodge and Roll","Accuracy","Bouncing Flask","Dagger Spray","Underhanded Strike","Poisoned Stab","Sucker Punch","Flying Knee","Outmaneuver","Terror","Crippling Poison","Slice","Deflect","Dodge and Roll","Deadly Poison","Prepared","Slice","Flying Knee","Acrobatics","Underhanded Strike","Quick Slash","Blade Dance","Endless Agony","Flechettes","Escape Plan","Bane","Cloak And Dagger","Accuracy","Acrobatics","Dodge and Roll","Backflip","Prepared","Outmaneuver","Endless Agony","Sucker Punch","Sucker Punch","Sucker Punch","Sucker Punch","Blade Dance","Blade Dance","Blade Dance","Catalyst","Catalyst","Catalyst","Deadly Poison","Deadly Poison","Deadly Poison","Prepared","Prepared","Prepared","Poisoned Stab","Poisoned Stab","Poisoned Stab","Blade Dance","Blade Dance","Blade Dance","Slice","Slice","Slice","Blade Dance","Blade Dance","Blade Dance","Deflect","Deflect","Deflect","Leg Sweep","Leg Sweep","Leg Sweep","Burst","Burst","Burst","PiercingWail","PiercingWail","PiercingWail","Poisoned Stab","Poisoned Stab","Poisoned Stab","Crippling Poison","Crippling Poison","Crippling Poison"],"special_seed":17928,"relics":["Ring of the Snake","Paper Crane","Bottled Tornado","Question Card","MawBank","Black Star"],"potions_floor_usage":[16,23,23],"damage_taken":[{"damage":0,"enemies":"2 Louse","floor":1,"turns":3},{"damage":0,"enemies":"Small Slimes","floor":2,"turns":2},{"damage":0,"enemies":"Cultist","floor":4,"turns":2},{"damage":5,"enemies":"2 Fungi Beasts","floor":5,"turns":2},{"damage":17,"enemies":"3 Sentries","floor":6,"turns":5},{"damage":6,"enemies":"Large Slime","floor":7,"turns":4},{"damage":7,"enemies":"Lots of Slimes","floor":10,"turns":3},{"damage":4,"enemies":"Gremlin Gang","floor":11,"turns":3},{"damage":10,"enemies":"Exordium Thugs","floor":13,"turns":3},{"damage":36,"enemies":"Lagavulin","floor":14,"turns":4},{"damage":1,"enemies":"The Guardian","floor":16,"turns":11},{"damage":0,"enemies":"3 Byrds","floor":18,"turns":4},{"damage":3,"enemies":"Spheric Guardian","floor":19,"turns":3},{"damage":32,"enemies":"3 Cultists","floor":22,"turns":5},{"damage":40,"enemies":"Book of Stabbing","floor":23,"turns":5}],"seed_played":"4077721088213470918","potions_obtained":[{"floor":2,"key":"LiquidBronze"},{"floor":4,"key":"EssenceOfSteel"},{"floor":6,"key":"Ancient Potion"},{"floor":18,"key":"Explosive Potion"}],"is_trial":false,"path_per_floor":["M","M","?","M","M","E","M","R","T","M","M","$","M","E","R","B",null,"M","M","?","?","M","E"],"character_chosen":"THE_SILENT","items_purchased":["Question Card","Blade Dance"],"campfire_rested":2,"item_purchase_floors":[12,12],"current_hp_per_floor":[70,70,70,70,65,48,42,63,63,56,52,52,42,6,27,26,70,70,67,67,67,35,0],"gold":954,"neow_bonus":"","is_prod":false,"is_daily":true,"chose_seed":false,"campfire_upgraded":0,"win_rate":0,"timestamp":1549049153,"path_taken":["M","M","?","M","M","E","M","R","T","M","M","$","M","E","R","BOSS","M","M","?","?","M","E"],"build_version":"2019-01-23","purchased_purges":0,"victory":false,"max_hp_per_floor":[70,70,70,70,70,70,70,70,70,70,70,70,70,70,70,70,70,70,70,70,70,70,70],"card_choices":[{"not_picked":["Backflip","Leg Sweep"],"picked":"Sucker Punch","floor":1},{"not_picked":["Riddle With Holes","Flying Knee"],"picked":"Blade Dance","floor":2},{"not_picked":["Deflect","Bane"],"picked":"Catalyst","floor":4},{"not_picked":["Terror","Eviscerate"],"picked":"Deadly Poison","floor":5},{"not_picked":["Dagger Throw","Acrobatics"],"picked":"Prepared","floor":6},{"not_picked":["Bane","Dodge and Roll"],"picked":"Poisoned Stab","floor":7},{"not_picked":["Calculated Gamble","Dagger Spray"],"picked":"Blade Dance","floor":10},{"not_picked":["Backflip","Quick Slash"],"picked":"Slice","floor":11},{"not_picked":["Doppelganger","Bane","Poisoned Stab"],"picked":"Deflect","floor":13},{"not_picked":["Acrobatics","Infinite Blades","Masterful Stab"],"picked":"Leg Sweep","floor":14},{"not_picked":["Wraith Form v2","Storm of Steel","Night Terror"],"picked":"Burst","floor":16},{"not_picked":["Cloak And Dagger","Slice","Expertise+1"],"picked":"PiercingWail","floor":18},{"not_picked":["Bane","Dash","Calculated Gamble"],"picked":"Poisoned Stab","floor":19},{"not_picked":["Reflex+1","Accuracy","PiercingWail"],"picked":"Crippling Poison","floor":22}],"player_experience":174883,"relics_obtained":[{"floor":6,"key":"Paper Crane"},{"floor":9,"key":"Bottled Tornado"},{"floor":14,"key":"MawBank"}],"event_choices":[{"cards_removed":["Underhanded Strike"],"damage_healed":0,"gold_gain":0,"player_choice":"Card Removal","damage_taken":0,"max_hp_gain":0,"max_hp_loss":0,"event_name":"The Cleric","floor":3,"gold_loss":50},{"damage_healed":0,"gold_gain":99,"player_choice":"Stole From Cult","damage_taken":0,"max_hp_gain":0,"max_hp_loss":0,"event_name":"Nest","floor":20,"gold_loss":0},{"cards_removed":["Outmaneuver"],"damage_healed":0,"gold_gain":0,"player_choice":"Gave Gold","damage_taken":0,"max_hp_gain":0,"max_hp_loss":0,"event_name":"Beggar","floor":21,"gold_loss":75}],"is_beta":false,"boss_relics":[{"not_picked":["Empty Cage","Ring of the Serpent"],"picked":"Black Star"}],"items_purged_floors":[],"is_endless":false,"potions_floor_spawned":[2,4,6,13,14,18],"killed_by":"Book of Stabbing","ascension_level":0}