{"gold_per_floor":[367,381,394,405,46,46,80,80,105,105,121,121,138,170,170,272,272,286,297,222,222,65,95,95,21,99,126,136,153,55,55],"floor_reached":31,"playtime":2128,"items_purged":["Shame"],"score":356,"play_id":"7437fbc6-80b9-49b9-9e87-e7321e40b3f1","local_time":"20190320173110","is_ascension_mode":true,"campfire_choices":[{"floor":6,"key":"REST"},{"data":"Envenom","floor":8,"key":"SMITH"},{"floor":12,"key":"REST"},{"floor":15,"key":"REST"},{"floor":24,"key":"REST"}],"neow_cost":"PERCENT_DAMAGE","seed_source_timestamp":634784731541062,"circlet_count":0,"master_deck":["Defend_G","Defend_G","Defend_G","Defend_G","Defend_G","Strike_G","Strike_G","Strike_G","Strike_G","Strike_G","Survivor","Neutralize","Well Laid Plans","Noxious Fumes","Blur","Underhanded Strike","Sadistic Nature","Outmaneuver","Envenom+1","Infinite Blades","Flying Knee","Backstab","Tools of the Trade","Parasite","Escape Plan","Deadly Poison+1","Dramatic Entrance","Blade Dance+1","Blur","Catalyst+1","Bouncing Flask","Cloak And Dagger"],"relics":["Ring of the Snake","Centennial Puzzle","Boot","Potion Belt","Calling Bell","Regal Pillow","Darkstone Periapt","Thread and Needle","MutagenicStrength","Bottled Tornado","Meat on the Bone","Nunchaku"],"potions_floor_usage":[14,16,16,16,18,18,19,19,23,23,27],"damage_taken":[{"damage":3,"enemies":"Cultist","floor":1,"turns":4},{"damage":2,"enemies":"Jaw Worm","floor":2,"turns":5},{"damage":0,"enemies":"2 Louse","floor":3,"turns":2},{"damage":10,"enemies":"Looter","floor":4,"turns":4},{"damage":19,"enemies":"Lagavulin","floor":7,"turns":9},{"damage":8,"enemies":"Blue Slaver","floor":11,"turns":4},{"damage":7,"enemies":"Exordium Wildlife","floor":13,"turns":4},{"damage":10,"enemies":"Gremlin Nob","floor":14,"turns":3},{"damage":12,"enemies":"The Guardian","floor":16,"turns":7},{"damage":25,"enemies":"2 Thieves","floor":18,"turns":4},{"damage":6,"enemies":"3 Byrds","floor":19,"turns":5},{"damage":40,"enemies":"Slavers","floor":23,"turns":5},{"damage":37,"enemies":"Book of Stabbing","floor":27,"turns":5},{"damage":25,"enemies":"Snake Plant","floor":28,"turns":5},{"damage":0,"enemies":"Cultist and Chosen","floor":29,"turns":5},{"damage":42,"enemies":"Masked Bandits","floor":31,"turns":3}],"seed_played":"-5353681513431862238","potions_obtained":[{"floor":1,"key":"SmokeBomb"},{"floor":2,"key":"Fire Potion"},{"floor":10,"key":"EntropicBrew"},{"floor":10,"key":"Dexterity Potion"},{"floor":16,"key":"Poison Potion"},{"floor":18,"key":"SkillPotion"},{"floor":27,"key":"SteroidPotion"}],"is_trial":false,"path_per_floor":["M","M","M","M","$","R","E","R","T","?","M","R","M","E","R","B",null,"M","M","?","?","$","E","R","$","T","E","M","M","$","?"],"character_chosen":"THE_SILENT","items_purchased":["Sadistic Nature","Outmaneuver","Centennial Puzzle","Dramatic Entrance","Regen Potion","Ancient Potion","Cloak And Dagger"],"campfire_rested":4,"item_purchase_floors":[5,5,5,22,25,30,30],"current_hp_per_floor":[46,44,44,34,34,55,36,36,36,36,28,49,42,32,53,41,63,50,44,44,44,44,4,40,40,40,29,16,28,28,0],"gold":55,"neow_bonus":"TWO_FIFTY_GOLD","is_prod":false,"is_daily":false,"chose_seed":false,"campfire_upgraded":1,"win_rate":0,"timestamp":1553128270,"path_taken":["M","M","?","M","$","R","E","R","T","?","M","R","M","E","R","BOSS","M","?","?","?","$","E","R","?","T","E","M","M","$","?"],"build_version":"2019-01-23","purchased_purges":1,"victory":false,"max_hp_per_floor":[70,70,70,70,70,70,70,70,70,70,70,70,70,70,70,70,70,70,70,70,70,70,70,70,70,70,70,70,70,70,70],"card_choices":[{"not_picked":["Blade Dance","Riddle With Holes"],"picked":"Well Laid Plans","floor":1},{"not_picked":["Calculated Gamble","Sucker Punch"],"picked":"Noxious Fumes","floor":2},{"not_picked":["Choke","Blade Dance"],"picked":"Blur","floor":3},{"not_picked":["Masterful Stab","Expertise"],"picked":"Underhanded Strike","floor":4},{"not_picked":["Dash","Poisoned Stab"],"picked":"Envenom","floor":7},{"not_picked":["Accuracy","Predator"],"picked":"Infinite Blades","floor":11},{"not_picked":["Backflip","Predator"],"picked":"Flying Knee","floor":13},{"not_picked":["Blade Dance","Underhanded Strike"],"picked":"Backstab","floor":14},{"not_picked":["Envenom","Unload"],"picked":"Tools of the Trade","floor":16},{"not_picked":["Outmaneuver","Well Laid Plans"],"picked":"Escape Plan","floor":18},{"not_picked":["Outmaneuver+1","Prepared"],"picked":"Deadly Poison+1","floor":19},{"not_picked":["Malaise","Deflect"],"picked":"Blade Dance+1","floor":23},{"not_picked":["Flying Knee","Well Laid Plans+1"],"picked":"Blur","floor":27},{"not_picked":["Tactician","Calculated Gamble"],"picked":"Catalyst+1","floor":28},{"not_picked":["PiercingWail","Underhanded Strike"],"picked":"Bouncing Flask","floor":29}],"player_experience":352492,"relics_obtained":[{"floor":7,"key":"Boot"},{"floor":14,"key":"Potion Belt"},{"floor":17,"key":"Regal Pillow"},{"floor":17,"key":"Darkstone Periapt"},{"floor":17,"key":"Thread and Needle"},{"floor":23,"key":"Bottled Tornado"},{"floor":26,"key":"Meat on the Bone"},{"floor":27,"key":"Nunchaku"}],"event_choices":[{"damage_healed":0,"gold_gain":0,"player_choice":"Got Potions","damage_taken":0,"max_hp_gain":0,"max_hp_loss":0,"event_name":"Lab","floor":10,"gold_loss":0},{"cards_removed":["Regret"],"damage_healed":0,"gold_gain":0,"player_choice":"Gave Gold","damage_taken":0,"max_hp_gain":0,"max_hp_loss":0,"event_name":"Beggar","floor":20,"gold_loss":75},{"damage_healed":0,"gold_gain":0,"player_choice":"Inject Mutagens","damage_taken":0,"relics_obtained":["MutagenicStrength"],"max_hp_gain":0,"max_hp_loss":0,"event_name":"Drug Dealer","floor":21,"gold_loss":0},{"damage_healed":0,"gold_gain":0,"player_choice":"Fought Bandits","damage_taken":0,"max_hp_gain":0,"max_hp_loss":0,"event_name":"Masked Bandits","floor":31,"gold_loss":0}],"is_beta":false,"boss_relics":[{"not_picked":["Runic Dome","Orrery"],"picked":"Calling Bell"}],"items_purged_floors":[22],"is_endless":false,"potions_floor_spawned":[1,2,11,16,18,27],"killed_by":"Masked Bandits","ascension_level":5}