{"gold_per_floor":[118,69,69,82,102,102,132,132,132,144,144,144,165,165,165,290,290,314,314,314],"floor_reached":20,"playtime":1718,"items_purged":[],"score":272,"play_id":"38d256d1-7cd2-4d37-997e-dac35a726a0b","local_time":"20190302133415","is_ascension_mode":false,"campfire_choices":[{"floor":6,"key":"RECALL"},{"floor":11,"key":"REST"},{"floor":15,"key":"REST"}],"neow_cost":"NONE","seed_source_timestamp":0,"circlet_count":0,"master_deck":["Strike_R","Strike_R","Defend_R+1","Defend_R","Defend_R+1","Defend_R","Bash","Anger","Pommel Strike","Cleave","Berserk","Rage+1","Wild Strike","Cleave","Demon Form","Injury","Parasite","Pain","Pommel Strike"],"special_seed":0,"relics":["Astrolabe","FaceOfCleric","WingedGreaves","Golden Idol","Calling Bell","War Paint","Paper Frog","Girya"],"potions_floor_usage":[16,16],"damage_taken":[{"damage":11,"enemies":"Jaw Worm","floor":1,"turns":3},{"damage":0,"enemies":"Cultist","floor":4,"turns":2},{"damage":5,"enemies":"2 Louse","floor":5,"turns":2},{"damage":54,"enemies":"Lagavulin","floor":7,"turns":5},{"damage":12,"enemies":"Exordium Thugs","floor":10,"turns":4},{"damage":10,"enemies":"Looter","floor":13,"turns":2},{"damage":36,"enemies":"Slime Boss","floor":16,"turns":8},{"damage":36,"enemies":"2 Thieves","floor":18,"turns":5},{"damage":38,"enemies":"3 Byrds","floor":20,"turns":6}],"seed_played":"1212609866527383918","potions_obtained":[{"floor":4,"key":"LiquidBronze"},{"floor":5,"key":"Dexterity Potion"},{"floor":13,"key":"PowerPotion"},{"floor":18,"key":"EssenceOfSteel"}],"is_trial":false,"path_per_floor":["M","$","?","M","M","R","E","$","T","M","R","?","M","?","R","B",null,"M","?","M"],"character_chosen":"IRONCLAD","items_purchased":["Pommel Strike"],"campfire_rested":2,"item_purchase_floors":[2],"current_hp_per_floor":[69,69,69,70,66,66,13,13,13,2,27,27,18,18,41,6,80,45,37,0],"gold":314,"neow_bonus":"BOSS_RELIC","is_prod":false,"is_daily":false,"chose_seed":false,"campfire_upgraded":0,"win_rate":0,"timestamp":1551555255,"path_taken":["M","$","?","M","M","R","E","?","T","?","R","?","M","?","R","BOSS","M","?","?"],"build_version":"2019-01-23","purchased_purges":0,"victory":false,"max_hp_per_floor":[80,80,80,81,82,82,83,83,83,84,84,78,79,79,79,80,80,81,81,81],"card_choices":[{"not_picked":["Feel No Pain","Clash"],"picked":"Anger","floor":1},{"not_picked":["Body Slam","Iron Wave"],"picked":"Cleave","floor":4},{"not_picked":["Entrench","Warcry"],"picked":"Berserk","floor":5},{"not_picked":["Spot Weakness","Searing Blow"],"picked":"Rage","floor":7},{"not_picked":["Cleave","Sword Boomerang"],"picked":"Wild Strike","floor":10},{"not_picked":["Clash","Feed"],"picked":"Cleave","floor":13},{"not_picked":["Fiend Fire","Impervious"],"picked":"Demon Form","floor":16},{"not_picked":["Rage+1","True Grit"],"picked":"Pommel Strike","floor":18}],"player_experience":115275,"relics_obtained":[{"floor":7,"key":"WingedGreaves"},{"floor":17,"key":"War Paint"},{"floor":17,"key":"Paper Frog"},{"floor":17,"key":"Girya"}],"event_choices":[{"damage_healed":0,"gold_gain":0,"player_choice":"Trade","damage_taken":0,"relics_obtained":["FaceOfCleric"],"max_hp_gain":0,"max_hp_loss":0,"event_name":"FaceTrader","floor":3,"gold_loss":0},{"damage_healed":0,"gold_gain":0,"player_choice":"Lose Max HP","damage_taken":0,"relics_obtained":["Golden Idol"],"max_hp_gain":0,"max_hp_loss":6,"event_name":"Golden Idol","floor":12,"gold_loss":0},{"damage_healed":0,"gold_gain":0,"player_choice":"Grow","damage_taken":0,"max_hp_gain":0,"max_hp_loss":0,"event_name":"Living Wall","floor":14,"gold_loss":0,"cards_upgraded":["Rage"]},{"damage_healed":0,"gold_gain":0,"player_choice":"","damage_taken":8,"max_hp_gain":0,"max_hp_loss":0,"event_name":"Knowing Skull","floor":19,"potions_obtained":[],"gold_loss":0,"cards_obtained":[]}],"is_beta":false,"boss_relics":[{"not_picked":["Snecko Eye","Runic Cube"],"picked":"Calling Bell"}],"items_purged_floors":[],"is_endless":false,"potions_floor_spawned":[4,5,13,18],"killed_by":"3 Byrds","ascension_level":0}