{"path_per_floor":["M","M","M","M","M","R","?","M","T","?","?","M","$","M","R"],"character_chosen":"THE_SILENT","items_purchased":["Noxious Fumes","Bandage Up"],"gold_per_floor":[119,132,144,158,178,178,178,194,243,223,223,241,27,39,39],"floor_reached":16,"campfire_rested":0,"playtime":1157,"current_hp_per_floor":[70,67,62,62,58,58,58,58,58,58,40,35,35,39,39],"items_purged":["Defend_G"],"gold":39,"play_id":"8bd60d16-2cac-4a50-8ef3-79d9194371c8","is_prod":false,"is_daily":false,"campfire_rituals":0,"campfire_upgraded":2,"is_hardmode":false,"path_taken":["M","M","M","M","M","R","?","M","T","?","?","M","?","M","R","BOSS"],"build_version":"2018-01-18-PROD4","purchased_purges":1,"victory":false,"master_deck":["Defend_G","Defend_G","Defend_G","Defend_G","Strike_G","Strike_G","Strike_G","Strike_G","Survivor","Neutralize","Adrenaline","Dagger Spray","Riddle With Holes","PiercingWail","Prepared","Acrobatics","Flying Knee","Quick Slash","Noxious Fumes","Bandage Up","Finisher"],"max_hp_per_floor":[70,70,70,70,70,70,70,70,70,70,70,70,70,70,70],"relics":["Ring of the Snake","Whetstone","Pen Nib"],"campfire_meditates":0,"card_choices":[{"not_picked":["Sucker Punch","Crippling Poison"],"picked":"Dagger Spray"},{"not_picked":["All Out Attack","Outmaneuver"],"picked":"Riddle With Holes"},{"not_picked":["Infinite Blades","Slice"],"picked":"PiercingWail"},{"not_picked":["Riddle With Holes","Blade Dance"],"picked":"Prepared"},{"not_picked":["PiercingWail","Bane"],"picked":"Acrobatics"},{"not_picked":["Caltrops","Backflip"],"picked":"Flying Knee"},{"not_picked":["Prepared","Crippling Poison"],"picked":"Quick Slash"},{"not_picked":["PiercingWail","Poisoned Stab"],"picked":"Finisher"}],"player_experience":72705,"potions_floor_usage":[8,16],"damage_taken":[{"damage":0,"enemies":"Small Slimes","floor":1,"turns":5},{"damage":3,"enemies":"Blue Slaver","floor":2,"turns":5},{"damage":5,"enemies":"Jaw Worm","floor":3,"turns":3},{"damage":0,"enemies":"Looter","floor":4,"turns":3},{"damage":4,"enemies":"Red Slaver","floor":5,"turns":5},{"damage":0,"enemies":"2 Fungi Beasts","floor":8,"turns":2},{"damage":5,"enemies":"Large Slime","floor":12,"turns":6},{"damage":0,"enemies":"Lots of Slimes","floor":14,"turns":2},{"damage":43,"enemies":"Hexaghost","floor":16,"turns":11}],"event_choices":[{"event_name":"Purifier","player_choice":"One Purge","floor":7,"damage_taken":0},{"event_name":"The Woman in Blue","player_choice":"Bought 1 Potion","floor":10,"damage_taken":0},{"event_name":"Scrap Ooze","player_choice":"success","floor":11,"damage_taken":18}],"boss_relics":[],"potions_floor_spawned":[2,4,5,8,12],"seed_played":"6066038251337542781","killed_by":"Hexaghost","is_trial":false}