{"gold_per_floor":[117,42,60,73,148,148,48,13,13,35,65,81,81,100,100,196,196,213,13,13,25,41,41,41,41,41,56,56,81,101,101],"floor_reached":31,"playtime":1019,"items_purged":["Strike_B","Strike_B","Strike_B"],"score":255,"play_id":"e31bb7f0-c9f4-42e1-8491-0a90978980c6","local_time":"20180905182029","is_ascension_mode":false,"campfire_choices":[{"data":"Consume","floor":6.0,"key":"SMITH"},{"data":"Zap","floor":13.0,"key":"SMITH"},{"data":"Dualcast","floor":15.0,"key":"SMITH"},{"data":"Heatsinks","floor":23,"key":"SMITH"}],"neow_cost":"","seed_source_timestamp":0,"circlet_count":0,"master_deck":["Defend_B","Defend_B","Defend_B","Defend_B","Zap+1","Dualcast+1","Consume+1","Self Repair","Ball Lightning","Coolheaded","Heatsinks+1","Echo Form","Force Field","Static Discharge","Creative AI","Amplify"],"special_seed":0,"relics":["Cracked Core","Darkstone Periapt","Odd Mushroom","Dream Catcher","Cursed Key","Pen Nib","Emotion Chip"],"potions_floor_usage":[18,29,30],"damage_taken":[{"damage":2.0,"enemies":"Small Slimes","floor":1.0,"turns":3.0},{"damage":6.0,"enemies":"2 Louse","floor":3.0,"turns":2.0},{"damage":13.0,"enemies":"Jaw Worm","floor":4.0,"turns":3.0},{"damage":20.0,"enemies":"The Mushroom Lair","floor":10.0,"turns":4.0},{"damage":8.0,"enemies":"Lagavulin","floor":11.0,"turns":6.0},{"damage":4.0,"enemies":"Exordium Wildlife","floor":12.0,"turns":3.0},{"damage":10.0,"enemies":"Blue Slaver","floor":14.0,"turns":3.0},{"damage":13.0,"enemies":"The Guardian","floor":16.0,"turns":11.0},{"damage":1,"enemies":"Spheric Guardian","floor":18,"turns":5},{"damage":10,"enemies":"Chosen","floor":21,"turns":4},{"damage":6,"enemies":"Snecko","floor":22,"turns":5},{"damage":7,"enemies":"Snake Plant","floor":27,"turns":3},{"damage":41,"enemies":"Gremlin Leader","floor":29,"turns":6},{"damage":20,"enemies":"Shelled Parasite and Fungi","floor":30,"turns":7},{"damage":40,"enemies":"3 Cultists","floor":31,"turns":3}],"seed_played":"7894009130640555622","potions_obtained":[{"floor":1.0,"key":"Explosive Potion"},{"floor":11.0,"key":"Block Potion"},{"floor":12.0,"key":"Fire Potion"},{"floor":14.0,"key":"Poison Potion"},{"floor":16,"key":"Weak Potion"},{"floor":22,"key":"PowerPotion"},{"floor":29,"key":"Poison Potion"}],"is_trial":false,"path_per_floor":["M","$","M","M","?","R","$","?","T","?","E","M","R","M","R","B",null,"M","$","?","M","M","R","?","$","T","M","?","E","M"],"character_chosen":"DEFECT","items_purchased":["Force Field"],"campfire_rested":0,"item_purchase_floors":[19],"current_hp_per_floor":[73,73,67,61,50,50,50,68,68,55,54,57,57,54,54,48,75,75,75,75,72,73,73,73,73,73,73,73,39,33,0],"gold":101,"neow_bonus":"","is_prod":false,"is_daily":false,"chose_seed":false,"campfire_upgraded":4,"win_rate":0,"timestamp":1536142829,"path_taken":["M","$","M","M","?","R","$","?","T","?","E","M","R","?","R","BOSS","BOSS","M","$","?","M","?","R","?","?","T","M","?","E","M","M"],"build_version":"2018-08-30","purchased_purges":3,"victory":false,"max_hp_per_floor":[75,75,75,75,75,75,75,75,75,75,75,75,75,75,75,75,75,75,75,75,75,75,75,75,75,75,75,75,75,75,75],"card_choices":[{"not_picked":["Beam Cell","Steam"],"picked":"Consume","floor":1.0},{"not_picked":["Rebound","Undo"],"picked":"Self Repair","floor":3.0},{"not_picked":["Leap","Skim"],"picked":"Ball Lightning","floor":4.0},{"not_picked":["Double Energy","Stack"],"picked":"Coolheaded","floor":10.0},{"not_picked":["Core Surge","Turbo"],"picked":"Heatsinks","floor":11.0},{"not_picked":["BootSequence","Redo","Sweeping Beam"],"picked":"SKIP","floor":12.0},{"not_picked":["Leap","Redo","Sweeping Beam"],"picked":"SKIP","floor":14.0},{"not_picked":["Hyperbeam","Seek"],"picked":"Echo Form","floor":16},{"not_picked":["Go for the Eyes","Stack","Streamline"],"picked":"SKIP","floor":18},{"not_picked":["Blizzard","Ball Lightning","Beam Cell"],"picked":"SKIP","floor":21},{"not_picked":["Steam+1","Coolheaded"],"picked":"Creative AI","floor":22},{"not_picked":["Barrage","Fusion","Rip and Tear"],"picked":"SKIP","floor":27},{"not_picked":["Streamline","Consume"],"picked":"Amplify","floor":29},{"not_picked":["Glacier","Coolheaded","Leap"],"picked":"SKIP","floor":30}],"player_experience":374052,"relics_obtained":[{"floor":9.0,"key":"Darkstone Periapt"},{"floor":10.0,"key":"Odd Mushroom"},{"floor":11.0,"key":"Dream Catcher"},{"floor":29,"key":"Emotion Chip"}],"event_choices":[{"event_name":"World of Goop","player_choice":"Gather Gold","floor":5.0,"damage_taken":0.0},{"event_name":"The Cleric","player_choice":"Healed","floor":8.0,"damage_taken":0.0},{"event_name":"Mushrooms","player_choice":"Fought Mushrooms","floor":10.0,"damage_taken":0.0},{"event_name":"The Library","player_choice":"Read","floor":20,"damage_taken":0},{"event_name":"The Mausoleum","player_choice":"Yes","floor":24,"damage_taken":0},{"event_name":"Purifier","player_choice":"One Purge","floor":28,"damage_taken":0}],"is_beta":false,"boss_relics":[{"not_picked":["Pandora\u0027s Box","Lizard Tail"],"picked":"Cursed Key"}],"items_purged_floors":[2,7,19],"is_endless":false,"potions_floor_spawned":[1,11,12,14,16,22,29],"killed_by":"3 Cultists","ascension_level":0}