{"path_per_floor":["M","?","M","M","M","E","M","R","T","M","M","?","?","E","R","B",null,"M","M","?","$","?","R","M","M","T","?","R","?","M","E","R","B",null,"M","$","?","M","M","E","R","M","T","R","?","M","R","M","R","B"],"character_chosen":"IRONCLAD","items_purchased":["Centennial Puzzle","Finesse"],"gold_per_floor":[116,116,136,150,165,195,214,214,214,225,244,244,319,352,352,449,449,469,484,399,53,53,53,71,88,88,88,88,88,108,138,138,236,236,256,181,0,18,36,70,70,87,87,87,87,102,102,112,112,112],"floor_reached":51,"campfire_rested":0,"playtime":4588,"current_hp_per_floor":[78,78,80,75,80,71,70,70,70,64,70,70,59,47,47,44,90,90,90,90,90,90,90,73,75,75,63,63,48,60,61,61,46,68,68,68,68,68,68,68,68,68,68,68,58,68,68,62,62,64],"items_purged":["Sword Boomerang"],"gold":112,"play_id":"4b93e51c-ae5e-4561-baf6-ca7a19935c1b","is_prod":false,"is_daily":false,"campfire_rituals":0,"campfire_upgraded":5,"is_hardmode":false,"path_taken":["M","?","M","M","M","E","M","R","T","M","M","?","?","E","R","BOSS","M","M","?","$","?","R","M","M","T","?","R","?","?","E","R","BOSS","M","$","?","M","?","E","R","M","T","R","?","M","R","M","R","BOSS"],"build_version":"2018-01-11-PROD2","purchased_purges":1,"victory":true,"master_deck":["Defend_R","Defend_R","Defend_R","Bash","Dropkick","Armaments","True Grit","Pommel Strike","Rage","Anger","Thunderclap","Body Slam","Burning Pact","Barricade","Clothesline","Rampage","Offering","Finesse","Pommel Strike","Bite_R","Bite_R","Bite_R","Bite_R","Bite_R","Body Slam","Offering","Offering","Battle Trance","Warcry","Madness","Madness","Seeing Red","Fire Breathing"],"max_hp_per_floor":[80,80,80,80,80,90,90,90,90,90,90,90,90,90,90,90,90,90,90,90,90,90,90,90,90,90,63,63,68,68,68,68,68,68,68,68,68,68,68,68,68,68,68,68,68,68,68,68,68,68],"relics":["Burning Blood","Pen Nib","Pear","Ginger","Shovel","Bag of Marbles","Vajra","Astrolabe","Shuriken","Centennial Puzzle","Anchor","Kunai","Lantern","Torii","Mark of Pain","Red Mask","Ice Cream","Ancient Tea Set","Singing Bowl"],"campfire_meditates":0,"card_choices":[{"not_picked":["Uppercut","Whirlwind"],"picked":"Sword Boomerang"},{"not_picked":["Twin Strike","Dual Wield"],"picked":"Armaments"},{"not_picked":["Flex","Fire Breathing"],"picked":"True Grit"},{"not_picked":["Clothesline","True Grit"],"picked":"Pommel Strike"},{"not_picked":["Armaments","Twin Strike"],"picked":"Rage"},{"not_picked":["True Grit","Twin Strike"],"picked":"Anger"},{"not_picked":["Dark Embrace","Uppercut"],"picked":"Thunderclap"},{"not_picked":["Thunderclap","Power Through"],"picked":"Body Slam"},{"not_picked":["Clash","Flame Barrier"],"picked":"Burning Pact"},{"not_picked":["Limit Break","Feed"],"picked":"Barricade"},{"not_picked":["Sword Boomerang","Twin Strike"],"picked":"Pommel Strike"},{"not_picked":["Uppercut","Disarm"],"picked":"Body Slam"},{"not_picked":["Feed","Berserk"],"picked":"Offering"},{"not_picked":["Rage","Pommel Strike"],"picked":"Offering"},{"not_picked":["Body Slam","Blood for Blood"],"picked":"Battle Trance"},{"not_picked":["Perfected Strike","Havoc"],"picked":"Warcry"},{"not_picked":["Headbutt","Clothesline"],"picked":"Seeing Red"},{"not_picked":["Heavy Blade","Pommel Strike"],"picked":"Fire Breathing"}],"player_experience":50973,"potions_floor_usage":[6,24,25,31,31,50],"damage_taken":[{"damage":8,"enemies":"Jaw Worm","floor":1,"turns":4},{"damage":0,"enemies":"2 Louse","floor":3,"turns":2},{"damage":11,"enemies":"Blue Slaver","floor":4,"turns":4},{"damage":1,"enemies":"2 Fungi Beasts","floor":5,"turns":3},{"damage":25,"enemies":"Gremlin Nob","floor":6,"turns":4},{"damage":7,"enemies":"Looter","floor":7,"turns":3},{"damage":12,"enemies":"3 Louse","floor":10,"turns":4},{"damage":0,"enemies":"Exordium Wildlife","floor":11,"turns":3},{"damage":18,"enemies":"Lagavulin","floor":14,"turns":5},{"damage":9,"enemies":"Slime Boss","floor":16,"turns":8},{"damage":4,"enemies":"Chosen","floor":18,"turns":3},{"damage":6,"enemies":"3 Byrds","floor":19,"turns":5},{"damage":23,"enemies":"Snake Plant","floor":24,"turns":4},{"damage":4,"enemies":"Centurion and Healer","floor":25,"turns":2},{"damage":0,"enemies":"Snecko","floor":30,"turns":2},{"damage":17,"enemies":"Gremlin Leader","floor":31,"turns":6},{"damage":35,"enemies":"Collector","floor":33,"turns":10},{"damage":5,"enemies":"Orb Walker","floor":35,"turns":3},{"damage":8,"enemies":"3 Darklings","floor":38,"turns":4},{"damage":4,"enemies":"Maw","floor":39,"turns":4},{"damage":9,"enemies":"2 Orb Walkers","floor":40,"turns":3},{"damage":6,"enemies":"4 Shapes","floor":42,"turns":3},{"damage":4,"enemies":"3 Darklings","floor":46,"turns":4},{"damage":18,"enemies":"Maw","floor":48,"turns":5},{"damage":12,"enemies":"Donu and Deca","floor":50,"turns":5}],"event_choices":[{"event_name":"Living Wall","player_choice":"Change","floor":2,"damage_taken":0},{"event_name":"Dead Adventurer","player_choice":"Searched \u00272\u0027 times","floor":12,"damage_taken":0},{"event_name":"World of Goop","player_choice":"Gather Gold","floor":13,"damage_taken":0},{"event_name":"Addict","player_choice":"Obtained Relic","floor":20,"damage_taken":0},{"event_name":"The Lab","player_choice":"Got Potions","floor":22,"damage_taken":0},{"event_name":"Vampires","player_choice":"Became a vampire","floor":27,"damage_taken":0},{"event_name":"Forgotten Altar","player_choice":"Shed Blood","floor":29,"damage_taken":0},{"event_name":"Tomb of Lord Red Mask","player_choice":"Paid","floor":37,"damage_taken":0},{"event_name":"Winding Halls","player_choice":"Embrace Madness","floor":45,"damage_taken":0}],"boss_relics":[{"not_picked":["Eternal Feather","Velvet Choker"],"picked":"Astrolabe"},{"not_picked":["Snecko Eye","Cursed Key"],"picked":"Mark of Pain"}],"potions_floor_spawned":[1,5,6,16,25,30,42,48],"seed_played":"-1984711608866443338","is_trial":false}