{"path_per_floor":["M","?","M","M","M","R","E","M","T","R","M","M","M","M","R","B",null,"M","?","M","M","$","R","E","R","T","R","M","M","M","M","R","B",null,"M","?","$","?","M","R","E","$","T","E","M","?","R","M","R","B"],"character_chosen":"IRONCLAD","items_purchased":["Sword Boomerang","Lee\u0027s Waffle","Bag of Preparation","Warcry"],"gold_per_floor":[119,119,139,155,171,171,201,211,241,241,251,266,285,303,303,406,406,424,339,357,370,53,53,88,88,88,88,108,120,137,154,154,259,259,271,321,53,53,67,67,102,52,52,85,105,105,105,116,116,116],"floor_reached":51,"campfire_rested":1,"playtime":1850,"current_hp_per_floor":[77,61,57,54,53,53,43,40,40,40,33,27,28,28,28,14,89,84,84,74,19,102,102,48,48,48,48,53,46,28,21,54,55,111,111,99,99,99,101,101,95,95,95,103,102,88,88,70,70,48],"items_purged":["Strike_R","Power Through","Shrug It Off"],"gold":116,"score":982,"play_id":"0a828cdf-dc83-40fe-bc86-b0329ba7665d","local_time":"20180517150111","is_prod":false,"is_daily":false,"chose_seed":false,"is_ascension_mode":true,"campfire_upgraded":9,"timestamp":1526540471,"path_taken":["M","?","M","M","M","R","E","M","T","R","M","M","M","M","R","BOSS","M","?","M","M","$","R","E","R","T","R","M","M","M","M","R","BOSS","M","?","$","?","M","R","E","$","T","E","?","?","R","M","R","BOSS"],"build_version":"2018-05-10","seed_source_timestamp":191143711535708,"purchased_purges":3,"victory":true,"master_deck":["Bash+1","Havoc","Headbutt","Feed","Heavy Blade+1","Inflame+1","Flex+1","Sword Boomerang+1","Limit Break+1","True Grit+1","Flex+1","Sword Boomerang+1","Bloodletting","Double Tap+1","Brutality","Shrug It Off","Armaments","Iron Wave","Dropkick","Cleave","Warcry","Warcry+1","Madness","Madness"],"max_hp_per_floor":[80,80,80,80,80,80,80,83,83,83,83,83,86,89,89,89,89,89,89,92,95,102,102,105,105,105,105,108,111,111,111,111,111,111,111,111,111,111,111,111,111,111,111,111,114,114,114,114,114,114],"relics":["Burning Blood","Dream Catcher","Vajra","Tiny Chest","Runic Cube","Lantern","Lee\u0027s Waffle","Pantograph","Magic Flower","Pandora\u0027s Box","Sundial","Bag of Preparation","Smiling Mask","Question Card","Omamori"],"card_choices":[{"not_picked":["Feel No Pain","True Grit"],"picked":"Havoc","floor":1},{"not_picked":["Anger","Cleave"],"picked":"Headbutt","floor":3},{"not_picked":["Cleave","Pummel"],"picked":"Feed","floor":5},{"not_picked":["Twin Strike","Infernal Blade"],"picked":"Heavy Blade","floor":7},{"not_picked":["Twin Strike","True Grit"],"picked":"Inflame","floor":8},{"not_picked":["Sword Boomerang","Shrug It Off"],"picked":"Flex","floor":11},{"not_picked":["Pommel Strike","Heavy Blade"],"picked":"Sword Boomerang","floor":13},{"not_picked":["Offering","Berserk"],"picked":"Limit Break","floor":16},{"not_picked":["Spot Weakness","Iron Wave"],"picked":"True Grit","floor":18},{"not_picked":["Perfected Strike","Thunderclap"],"picked":"Flex","floor":21},{"not_picked":["Cleave","Rampage"],"picked":"Bloodletting","floor":28},{"not_picked":["Clash","Corruption"],"picked":"Double Tap","floor":29},{"not_picked":["Barricade","Immolate"],"picked":"Brutality","floor":33},{"not_picked":["Limit Break","Corruption","Armaments"],"picked":"Warcry","floor":45}],"player_experience":176968,"potions_floor_usage":[7,11,11,20,30,31,31,44,50,50],"damage_taken":[{"damage":9,"enemies":"2 Louse","floor":1,"turns":2},{"damage":10,"enemies":"Small Slimes","floor":3,"turns":4},{"damage":9,"enemies":"Jaw Worm","floor":4,"turns":3},{"damage":7,"enemies":"Looter","floor":5,"turns":3},{"damage":16,"enemies":"Gremlin Nob","floor":7,"turns":3},{"damage":12,"enemies":"Exordium Wildlife","floor":8,"turns":3},{"damage":13,"enemies":"Exordium Thugs","floor":11,"turns":3},{"damage":12,"enemies":"Large Slime","floor":12,"turns":3},{"damage":8,"enemies":"Blue Slaver","floor":13,"turns":2},{"damage":9,"enemies":"2 Fungi Beasts","floor":14,"turns":2},{"damage":20,"enemies":"Slime Boss","floor":16,"turns":7},{"damage":11,"enemies":"Spheric Guardian","floor":18,"turns":3},{"damage":19,"enemies":"3 Byrds","floor":20,"turns":3},{"damage":64,"enemies":"Cultist and Chosen","floor":21,"turns":6},{"damage":63,"enemies":"Slavers","floor":24,"turns":4},{"damage":9,"enemies":"Centurion and Healer","floor":28,"turns":3},{"damage":21,"enemies":"Chosen and Byrds","floor":29,"turns":4},{"damage":27,"enemies":"Snecko","floor":30,"turns":4},{"damage":16,"enemies":"Snake Plant","floor":31,"turns":3},{"damage":46,"enemies":"Collector","floor":33,"turns":5},{"damage":5,"enemies":"Orb Walker","floor":35,"turns":3},{"damage":21,"enemies":"Mysterious Sphere","floor":36,"turns":3},{"damage":7,"enemies":"3 Darklings","floor":39,"turns":4},{"damage":15,"enemies":"Giant Head","floor":41,"turns":4},{"damage":1,"enemies":"Nemesis","floor":44,"turns":3},{"damage":15,"enemies":"4 Shapes","floor":45,"turns":1},{"damage":27,"enemies":"Sphere and 2 Shapes","floor":48,"turns":3},{"damage":69,"enemies":"Awakened One","floor":50,"turns":5}],"event_choices":[{"event_name":"Shining Light","player_choice":"Entered Light","floor":2,"damage_taken":0},{"event_name":"Addict","player_choice":"Obtained Relic","floor":19,"damage_taken":0},{"event_name":"Mysterious Sphere","player_choice":"Fight","floor":36,"damage_taken":0},{"event_name":"Winding Halls","player_choice":"Embrace Madness","floor":46,"damage_taken":0}],"boss_relics":[{"not_picked":["Black Blood","Snecko Eye"],"picked":"Runic Cube"},{"not_picked":["Cursed Key","White Beast Statue"],"picked":"Pandora\u0027s Box"}],"potions_floor_spawned":[1,5,8,13,16,28,29,30,35,41,44,48],"seed_played":"4878194418583542362","ascension_level":4,"is_trial":false}