{"gold_per_floor":[110,285,304,304,304,317,336,370,395,411,429,440,460,472,472,472],"floor_reached":16,"playtime":821,"items_purged":[],"score":108,"play_id":"3f5690a2-1091-4c63-abd3-a2981118d0dc","local_time":"20190223150944","is_ascension_mode":false,"campfire_choices":[{"floor":15,"key":"REST"}],"neow_cost":"NONE","seed_source_timestamp":593655971838971,"circlet_count":0,"master_deck":["Defend_G+1","Defend_G","Defend_G","Defend_G+1","Defend_G","Strike_G","Strike_G","Strike_G","Strike_G","Strike_G","Survivor","Neutralize","Well Laid Plans","Doubt","Dagger Throw","Underhanded Strike","Blind","Riddle With Holes","Poisoned Stab","Deadly Poison","Dagger Spray","Bouncing Flask","Flying Knee","Outmaneuver","Prepared"],"relics":["Philosopher\u0027s Stone","War Paint","Vajra","Omamori"],"potions_floor_usage":[16],"damage_taken":[{"damage":1,"enemies":"Jaw Worm","floor":1,"turns":5},{"damage":0,"enemies":"2 Louse","floor":3,"turns":3},{"damage":0,"enemies":"Cultist","floor":6,"turns":3},{"damage":1,"enemies":"2 Fungi Beasts","floor":7,"turns":3},{"damage":34,"enemies":"Gremlin Nob","floor":8,"turns":5},{"damage":0,"enemies":"Large Slime","floor":10,"turns":4},{"damage":4,"enemies":"Blue Slaver","floor":11,"turns":3},{"damage":8,"enemies":"Looter","floor":12,"turns":2},{"damage":11,"enemies":"Gremlin Gang","floor":13,"turns":4},{"damage":4,"enemies":"Large Slime","floor":14,"turns":3},{"damage":27,"enemies":"Hexaghost","floor":16,"turns":7}],"seed_played":"-3179834462521057558","potions_obtained":[{"floor":3,"key":"GamblersBrew"},{"floor":8,"key":"SmokeBomb"},{"floor":12,"key":"Energy Potion"}],"is_trial":false,"path_per_floor":["M","?","M","?","?","M","M","E","T","M","M","M","M","M","R","B"],"character_chosen":"THE_SILENT","items_purchased":[],"campfire_rested":1,"item_purchase_floors":[],"current_hp_per_floor":[69,69,69,66,66,66,65,31,31,31,27,19,8,4,25,0],"gold":472,"neow_bonus":"BOSS_RELIC","is_prod":false,"is_daily":false,"chose_seed":false,"campfire_upgraded":0,"win_rate":0,"timestamp":1550956184,"path_taken":["M","?","M","?","?","?","M","E","T","M","M","M","M","M","R","BOSS"],"build_version":"2019-01-23","purchased_purges":0,"victory":false,"max_hp_per_floor":[70,70,70,70,70,70,70,70,70,70,70,70,70,70,70,70],"card_choices":[{"not_picked":["Dagger Throw","Underhanded Strike"],"picked":"Well Laid Plans","floor":1},{"not_picked":["Underhanded Strike","Dagger Spray"],"picked":"Dagger Throw","floor":3},{"not_picked":["Dagger Spray","Quick Slash"],"picked":"Riddle With Holes","floor":6},{"not_picked":["Accuracy","Heel Hook"],"picked":"Poisoned Stab","floor":7},{"not_picked":["Deflect","Predator"],"picked":"Deadly Poison","floor":8},{"not_picked":["Backflip","Glass Knife"],"picked":"Dagger Spray","floor":10},{"not_picked":["Poisoned Stab","Escape Plan"],"picked":"Bouncing Flask","floor":11},{"not_picked":["Finisher","Underhanded Strike"],"picked":"Flying Knee","floor":12},{"not_picked":["Dodge and Roll","Masterful Stab"],"picked":"Outmaneuver","floor":13},{"not_picked":["Cloak And Dagger","Doppelganger"],"picked":"Prepared","floor":14}],"player_experience":67772,"relics_obtained":[{"floor":8,"key":"Vajra"},{"floor":9,"key":"Omamori"}],"event_choices":[{"damage_healed":0,"gold_gain":175,"player_choice":"AGREE","damage_taken":0,"max_hp_gain":0,"max_hp_loss":0,"event_name":"Liars Game","floor":2,"gold_loss":0,"cards_obtained":["Doubt"]},{"damage_healed":0,"gold_gain":0,"player_choice":"Success","damage_taken":3,"relics_obtained":["War Paint"],"max_hp_gain":0,"max_hp_loss":0,"event_name":"Scrap Ooze","floor":4,"gold_loss":0},{"damage_healed":0,"gold_gain":0,"player_choice":"2 cards matched","damage_taken":0,"max_hp_gain":0,"max_hp_loss":0,"event_name":"Match and Keep!","floor":5,"gold_loss":0,"cards_obtained":["Underhanded Strike","Blind"]}],"is_beta":false,"boss_relics":[],"items_purged_floors":[],"is_endless":false,"potions_floor_spawned":[3,8,12,13],"killed_by":"Hexaghost","ascension_level":0}