{"path_per_floor":["M","?","?","M","?","R","M","M","T","M","M","R","?","E","R"],"character_chosen":"IRONCLAD","items_purchased":[],"gold_per_floor":[14,89,89,100,100,100,117,128,178,196,211,211,266,291,291,291],"floor_reached":16,"campfire_rested":0,"playtime":747,"current_hp_per_floor":[80,69,53,50,55,55,61,51,51,51,57,57,31,25,25,0],"items_purged":[],"gold":291,"score":128,"play_id":"5a915481-7541-4df8-baa3-ab2da3635099","local_time":"20180517152418","is_prod":false,"is_daily":false,"chose_seed":false,"is_ascension_mode":true,"campfire_upgraded":3,"timestamp":1526541858,"path_taken":["M","?","?","M","?","R","M","M","T","?","M","R","?","E","R","BOSS"],"build_version":"2018-05-10","seed_source_timestamp":193646710483811,"purchased_purges":0,"victory":false,"master_deck":["Strike_R+1","Strike_R","Strike_R","Strike_R","Strike_R+1","Defend_R","Defend_R","Defend_R","Defend_R","Bash","Flex+1","Flex+1","Clash","Heavy Blade+1","Dual Wield"],"max_hp_per_floor":[80,80,80,80,85,85,85,85,85,85,85,85,85,85,85,85],"relics":["Burning Blood","Dead Branch","Regal Pillow","Orichalcum","Unceasing Top"],"card_choices":[{"not_picked":["Headbutt","Power Through"],"picked":"Flex","floor":1},{"not_picked":["Shrug It Off","Dual Wield"],"picked":"Flex","floor":7},{"not_picked":["Wild Strike","Warcry"],"picked":"Clash","floor":10},{"not_picked":["Warcry","Seeing Red"],"picked":"Heavy Blade","floor":11},{"not_picked":["Rage","Flex"],"picked":"Dual Wield","floor":14}],"player_experience":178818,"potions_floor_usage":[11,11,14,16],"damage_taken":[{"damage":1,"enemies":"Cultist","floor":1,"turns":4},{"damage":9,"enemies":"Jaw Worm","floor":4,"turns":3},{"damage":0,"enemies":"2 Louse","floor":7,"turns":2},{"damage":16,"enemies":"Blue Slaver","floor":8,"turns":4},{"damage":6,"enemies":"2 Fungi Beasts","floor":10,"turns":3},{"damage":0,"enemies":"Gremlin Gang","floor":11,"turns":3},{"damage":32,"enemies":"Lagavulin Event","floor":13,"turns":4},{"damage":24,"enemies":"Lagavulin","floor":14,"turns":5},{"damage":31,"enemies":"Hexaghost","floor":16,"turns":7}],"event_choices":[{"event_name":"World of Goop","player_choice":"Gather Gold","floor":2,"damage_taken":0},{"event_name":"Shining Light","player_choice":"Entered Light","floor":3,"damage_taken":0},{"event_name":"Big Fish","player_choice":"Donut","floor":5,"damage_taken":0},{"event_name":"Dead Adventurer","player_choice":"Searched \u00272\u0027 times","floor":13,"damage_taken":0}],"boss_relics":[],"potions_floor_spawned":[7,8,10,13],"seed_played":"-8980203449020373092","killed_by":"Hexaghost","ascension_level":5,"is_trial":false}