{"gold_per_floor":[116,135,149,115,115,290,290,353,353,353,353,422,422,446,446,446],"floor_reached":16,"playtime":759,"items_purged":[],"score":98,"play_id":"565d0ddc-ba14-48d2-b150-74b3b7b725c0","local_time":"20190501194924","is_ascension_mode":false,"campfire_choices":[{"floor":7,"key":"RECALL"},{"floor":11,"key":"REST"},{"floor":13,"key":"REST"},{"floor":15,"key":"REST"}],"neow_cost":"TEN_PERCENT_HP_LOSS","seed_source_timestamp":454597176628986,"circlet_count":0,"master_deck":["Strike_B","Strike_B","Defend_B","Defend_B+1","Defend_B+1","Zap","Dualcast","Thunder Strike","Blizzard","Scrape","Self Repair","Coolheaded","Sunder","Injury","Doubt","Stack","Storm","Reboot","Chaos"],"relics":["Cracked Core","Golden Idol","War Paint","Tiny Chest"],"potions_floor_usage":[12,12,16],"damage_taken":[{"damage":6,"enemies":"Cultist","floor":1,"turns":3},{"damage":0,"enemies":"Small Slimes","floor":2,"turns":2},{"damage":6,"enemies":"Jaw Worm","floor":3,"turns":3},{"damage":40,"enemies":"Lagavulin Event","floor":8,"turns":7},{"damage":44,"enemies":"Gremlin Nob","floor":12,"turns":5},{"damage":20,"enemies":"Large Slime","floor":14,"turns":10},{"damage":45,"enemies":"Slime Boss","floor":16,"turns":6}],"seed_played":"8145910295306519434","potions_obtained":[{"floor":1,"key":"SneckoOil"},{"floor":3,"key":"Explosive Potion"},{"floor":12,"key":"Block Potion"}],"is_trial":false,"path_per_floor":["M","M","M","$","?","?","R","?","T","?","R","E","R","M","R","B"],"character_chosen":"DEFECT","items_purchased":["Sunder"],"campfire_rested":3,"item_purchase_floors":[4],"current_hp_per_floor":[62,62,63,63,63,63,63,30,30,30,50,13,33,20,40,0],"gold":446,"neow_bonus":"TRANSFORM_TWO_CARDS","is_prod":false,"is_daily":false,"chose_seed":false,"campfire_upgraded":0,"win_rate":0,"timestamp":1556765364,"path_taken":["M","M","?","$","?","?","R","?","T","?","R","E","R","M","R","BOSS"],"build_version":"2019-01-23","purchased_purges":0,"victory":false,"max_hp_per_floor":[68,68,68,68,68,68,68,68,68,68,68,68,68,68,68,68],"card_choices":[{"not_picked":["Reinforced Body","Streamline"],"picked":"Scrape","floor":1},{"not_picked":["Sweeping Beam","Beam Cell"],"picked":"Self Repair","floor":2},{"not_picked":["Sweeping Beam","Reinforced Body"],"picked":"Coolheaded","floor":3},{"not_picked":["Barrage","Scrape"],"picked":"Stack","floor":8},{"not_picked":["Go for the Eyes","Steam"],"picked":"Reboot","floor":12},{"not_picked":["Steam","Genetic Algorithm"],"picked":"Chaos","floor":14}],"player_experience":516772,"relics_obtained":[{"floor":8,"key":"War Paint"},{"floor":12,"key":"Tiny Chest"}],"event_choices":[{"damage_healed":0,"gold_gain":0,"player_choice":"Take Wound","damage_taken":0,"relics_obtained":["Golden Idol"],"max_hp_gain":0,"max_hp_loss":0,"event_name":"Golden Idol","floor":5,"gold_loss":0,"cards_obtained":["Injury"]},{"damage_healed":0,"gold_gain":175,"player_choice":"AGREE","damage_taken":0,"max_hp_gain":0,"max_hp_loss":0,"event_name":"Liars Game","floor":6,"gold_loss":0,"cards_obtained":["Doubt"]},{"damage_healed":0,"gold_gain":30,"player_choice":"Searched \u00273\u0027 times","damage_taken":0,"max_hp_gain":0,"max_hp_loss":0,"event_name":"Dead Adventurer","floor":8,"gold_loss":0},{"damage_healed":0,"gold_gain":0,"cards_transformed":["Strike_B"],"player_choice":"Change","damage_taken":0,"max_hp_gain":0,"max_hp_loss":0,"event_name":"Living Wall","floor":10,"gold_loss":0,"cards_obtained":["Storm"]}],"is_beta":false,"boss_relics":[],"items_purged_floors":[],"is_endless":false,"potions_floor_spawned":[1,3,12],"killed_by":"Slime Boss","ascension_level":0}