{"gold_per_floor":[118,68,87,87,98,98,98,23,50,85,95,95,110,121,121,121],"floor_reached":16,"playtime":452,"items_purged":["Defend_R"],"score":127,"play_id":"63977d1c-d316-43f1-8020-e7b7612f2b98","local_time":"20180731151158","is_ascension_mode":false,"campfire_choices":[{"data":"Flex","floor":6,"key":"SMITH"},{"data":"Flex","floor":12,"key":"SMITH"},{"data":"Pummel","floor":15,"key":"SMITH"}],"neow_cost":"NONE","seed_source_timestamp":71858246173948,"circlet_count":0,"master_deck":["Strike_R","Strike_R","Strike_R","Defend_R","Defend_R","Defend_R","Flex+1","Pummel+1","Flame Barrier","Flex+1","Shrug It Off","Exhume"],"relics":["Eternal Feather"],"potions_floor_usage":[10,16,16],"damage_taken":[{"damage":10,"enemies":"Small Slimes","floor":1,"turns":3},{"damage":6,"enemies":"Jaw Worm","floor":3,"turns":3},{"damage":6,"enemies":"Cultist","floor":5,"turns":3},{"damage":0,"enemies":"Gremlin Nob","floor":10,"turns":3},{"damage":7,"enemies":"2 Fungi Beasts","floor":11,"turns":3},{"damage":0,"enemies":"Looter","floor":13,"turns":2},{"damage":5,"enemies":"Gremlin Gang","floor":14,"turns":5},{"damage":74,"enemies":"The Guardian","floor":16,"turns":17}],"seed_played":"2341104777860391149","potions_obtained":[{"floor":1,"key":"Energy Potion"},{"floor":3,"key":"Strength Potion"},{"floor":10,"key":"SpeedPotion"},{"floor":13,"key":"Dexterity Potion"}],"is_trial":false,"path_per_floor":["M","?","M","?","M","R","?","$","T","E","M","R","M","M","R"],"character_chosen":"IRONCLAD","items_purchased":[],"campfire_rested":0,"item_purchase_floors":[],"current_hp_per_floor":[70,70,64,64,58,64,64,64,64,64,57,63,63,58,64,0],"gold":121,"neow_bonus":"BOSS_RELIC","is_prod":false,"is_daily":false,"chose_seed":false,"campfire_upgraded":3,"win_rate":0,"timestamp":1533021118,"path_taken":["M","?","M","?","M","R","?","$","T","E","M","R","?","M","R","BOSS"],"build_version":"2018-07-26","purchased_purges":1,"victory":false,"max_hp_per_floor":[80,80,80,80,80,80,80,80,80,80,80,80,80,80,80,80],"card_choices":[{"not_picked":["Rage","Searing Blow"],"picked":"Flex","floor":1},{"not_picked":["Heavy Blade","Hemokinesis"],"picked":"Pummel","floor":3},{"not_picked":["Headbutt","Searing Blow","Entrench"],"picked":"SKIP","floor":5},{"not_picked":["Heavy Blade","Feel No Pain","Clothesline"],"picked":"SKIP","floor":10},{"not_picked":["Body Slam","Sword Boomerang"],"picked":"Flex","floor":11},{"not_picked":["Rupture","Warcry"],"picked":"Shrug It Off","floor":13},{"not_picked":["Corruption","Anger"],"picked":"Exhume","floor":14}],"player_experience":328844,"relics_obtained":[],"event_choices":[{"event_name":"The Cleric","player_choice":"Card Removal","floor":2,"damage_taken":0},{"event_name":"Transmorgrifier","player_choice":"Transform","floor":4,"damage_taken":0},{"event_name":"Living Wall","player_choice":"Forget","floor":7,"damage_taken":0}],"is_beta":false,"boss_relics":[],"items_purged_floors":[8],"is_endless":false,"potions_floor_spawned":[1,3,10,13],"killed_by":"The Guardian","ascension_level":0}