{"gold_per_floor":[116,116,165,34,34,66,77,77,104,114,147,167,192,208,208,283,283,297,307,357,375,385,385,400,400,400,400,400,315,345,51,51,128,128,143,143,143,158,171,171,206,5,28,48,48],"floor_reached":45,"playtime":2087,"items_purged":["Strike_B"],"score":1116,"play_id":"994f595b-a936-4683-b06c-0e5105b872e9","local_time":"20190417033727","is_ascension_mode":true,"campfire_choices":[{"data":"Sunder","floor":8.0,"key":"SMITH"},{"data":"Darkness","floor":15.0,"key":"SMITH"},{"data":"Turbo","floor":23.0,"key":"SMITH"},{"floor":25.0,"key":"REST"},{"floor":28.0,"key":"REST"},{"data":"Recycle","floor":32.0,"key":"SMITH"},{"data":"Skim","floor":40.0,"key":"SMITH"}],"neow_cost":"NONE","seed_source_timestamp":0,"circlet_count":0,"master_deck":["AscendersBane","Strike_B","Defend_B","Defend_B","Defend_B","Defend_B","Zap","Dualcast","Darkness+1","Turbo+1","Sunder+1","Undo","Compile Driver","BootSequence","Skim","Skim+1","Hologram","Compile Driver","Echo Form","Hologram+1","Cold Snap","Hologram","Coolheaded","Turbo","Redo+1","Glacier","Redo","Recycle+1","Coolheaded","Echo Form","Coolheaded","Coolheaded","Heatsinks","Coolheaded+1","Consume","Stack+1"],"special_seed":0,"relics":["Cracked Core","NeowsBlessing","Vajra","Question Card","Bronze Scales","Anchor","Smiling Mask","Empty Cage","The Courier","Sundial","Dream Catcher","Sozu","Juzu Bracelet","Runic Capacitor"],"potions_floor_usage":[],"damage_taken":[{"damage":0.0,"enemies":"Jaw Worm","floor":1.0,"turns":1.0},{"damage":0.0,"enemies":"Gremlin Nob","floor":6.0,"turns":1.0},{"damage":0.0,"enemies":"Cultist","floor":7.0,"turns":1.0},{"damage":3.0,"enemies":"Small Slimes","floor":10.0,"turns":2.0},{"damage":10.0,"enemies":"Lagavulin","floor":11.0,"turns":5.0},{"damage":3.0,"enemies":"Blue Slaver","floor":12.0,"turns":4.0},{"damage":20.0,"enemies":"3 Sentries","floor":13.0,"turns":7.0},{"damage":4.0,"enemies":"3 Louse","floor":14.0,"turns":3.0},{"damage":20.0,"enemies":"Hexaghost","floor":16.0,"turns":9.0},{"damage":0.0,"enemies":"Shell Parasite","floor":18.0,"turns":2.0},{"damage":7.0,"enemies":"Spheric Guardian","floor":19.0,"turns":4.0},{"damage":23.0,"enemies":"Shelled Parasite and Fungi","floor":21.0,"turns":4.0},{"damage":9.0,"enemies":"Chosen and Byrds","floor":22.0,"turns":5.0},{"damage":7.0,"enemies":"Centurion and Healer","floor":24.0,"turns":7.0},{"damage":13.0,"enemies":"Gremlin Leader","floor":30.0,"turns":10.0},{"damage":16.0,"enemies":"Automaton","floor":33.0,"turns":14.0},{"damage":20.0,"enemies":"3 Darklings","floor":35.0,"turns":9.0},{"damage":7.0,"enemies":"3 Shapes","floor":38.0,"turns":3.0},{"damage":6.0,"enemies":"Spire Growth","floor":39.0,"turns":7.0},{"damage":2.0,"enemies":"Nemesis","floor":41.0,"turns":7.0},{"damage":0.0,"enemies":"Sphere and 2 Shapes","floor":44.0,"turns":7.0},{"damage":5,"enemies":"Reptomancer","floor":45,"turns":3}],"seed_played":"5976158154035343178","potions_obtained":[{"floor":6.0,"key":"Fire Potion"},{"floor":7.0,"key":"Weak Potion"},{"floor":12.0,"key":"Weak Potion"},{"floor":21.0,"key":"FearPotion"},{"floor":22.0,"key":"Fire Potion"},{"floor":30.0,"key":"Block Potion"}],"is_trial":false,"path_per_floor":["M","?","T","$","$","E","M","R","T","M","E","M","E","M","R","B",null,"M","M","?","M","M","R","M","R","T","?","R","?","E","$","R","B",null,"M","?","?","M","M","R","E","$","T","M","E"],"character_chosen":"DEFECT","items_purchased":["Turbo","Sunder","Glacier","Redo","Recycle","Coolheaded","Coolheaded","Runic Capacitor","Consume"],"campfire_rested":2,"item_purchase_floors":[4,4,31,31,31,31,31,42,42],"current_hp_per_floor":[64,69,69,69,69,69,69,69,69,66,56,53,33,29,29,9,59,59,52,52,29,20,20,13,35,35,13,37,37,24,24,24,8,63,43,43,43,36,30,30,28,28,28,28,23],"gold":48,"neow_bonus":"THREE_ENEMY_KILL","is_prod":false,"is_daily":false,"chose_seed":false,"campfire_upgraded":5,"win_rate":0,"timestamp":1555443447,"path_taken":["M","?","?","?","$","E","M","R","T","?","E","M","E","M","R","BOSS","M","M","?","?","M","R","M","R","T","?","R","?","E","$","R","BOSS","M","?","?","?","M","R","E","?","T","M","E"],"build_version":"2019-01-23","purchased_purges":1,"victory":false,"max_hp_per_floor":[71,76,76,76,76,76,76,76,76,76,76,76,76,76,76,76,76,76,76,76,76,76,76,76,76,76,81,81,81,81,81,81,81,81,81,81,81,81,81,81,81,81,81,81,81],"card_choices":[{"not_picked":["Compile Driver","Ball Lightning"],"picked":"Darkness","floor":1.0},{"not_picked":["Loop","Fission"],"picked":"Undo","floor":6.0},{"not_picked":["Streamline","Leap","Rebound"],"picked":"Compile Driver","floor":7.0},{"not_picked":["Turbo","Self Repair","Rebound"],"picked":"BootSequence","floor":10.0},{"not_picked":["White Noise","Ball Lightning","Sweeping Beam"],"picked":"Skim","floor":11.0},{"not_picked":["Cold Snap","Buffer","Sweeping Beam"],"picked":"Skim","floor":12.0},{"not_picked":["Self Repair","Redo","Turbo"],"picked":"Hologram","floor":13.0},{"not_picked":["Leap","Aggregate","Barrage"],"picked":"Compile Driver","floor":14.0},{"not_picked":["Hyperbeam","Core Surge","Creative AI"],"picked":"Echo Form","floor":16.0},{"not_picked":["Lockon","Conserve Battery","Stack+1"],"picked":"Hologram+1","floor":18.0},{"not_picked":["FTL","Streamline","Ball Lightning"],"picked":"Cold Snap","floor":19.0},{"not_picked":["Sweeping Beam","Machine Learning","Compile Driver"],"picked":"Hologram","floor":21.0},{"not_picked":["Rebound","Barrage","Sweeping Beam"],"picked":"Coolheaded","floor":22.0},{"not_picked":["Coolheaded","Rip and Tear","Conserve Battery"],"picked":"Turbo","floor":24.0},{"not_picked":["Reprogram","Beam Cell","Cold Snap+1"],"picked":"Redo+1","floor":30.0},{"not_picked":["Multi-Cast","Reboot","Amplify"],"picked":"Echo Form","floor":33.0},{"not_picked":["Darkness+1","Sunder","Compile Driver"],"picked":"Coolheaded","floor":35.0},{"not_picked":["Redo+1","Cold Snap","Doom and Gloom"],"picked":"Coolheaded","floor":38.0},{"not_picked":["Cold Snap","Sweeping Beam","Static Discharge+1"],"picked":"Heatsinks","floor":39.0},{"not_picked":["Barrage","Compile Driver","Leap+1"],"picked":"Coolheaded+1","floor":41.0},{"not_picked":["Biased Cognition","Cold Snap","Hologram"],"picked":"Stack+1","floor":44.0}],"player_experience":1415326,"relics_obtained":[{"floor":3.0,"key":"Vajra"},{"floor":6.0,"key":"Question Card"},{"floor":9.0,"key":"Bronze Scales"},{"floor":11.0,"key":"Anchor"},{"floor":13.0,"key":"Smiling Mask"},{"floor":26.0,"key":"The Courier"},{"floor":30.0,"key":"Dream Catcher"},{"floor":41.0,"key":"Juzu Bracelet"}],"event_choices":[{"damage_healed":0.0,"max_hp_gain":5.0,"max_hp_loss":0.0,"gold_gain":0.0,"event_name":"Big Fish","player_choice":"Donut","floor":2.0,"gold_loss":0.0,"damage_taken":0.0},{"damage_healed":0.0,"max_hp_gain":0.0,"max_hp_loss":0.0,"gold_gain":50.0,"event_name":"Golden Shrine","player_choice":"Pray","floor":20.0,"gold_loss":0.0,"damage_taken":0.0},{"damage_healed":0.0,"max_hp_gain":5.0,"max_hp_loss":0.0,"gold_gain":0.0,"event_name":"Forgotten Altar","player_choice":"Shed Blood","floor":27.0,"gold_loss":0.0,"damage_taken":27.0},{"damage_healed":0.0,"max_hp_gain":0.0,"max_hp_loss":0.0,"gold_gain":0.0,"event_name":"Addict","player_choice":"Obtained Relic","floor":29.0,"gold_loss":85.0,"damage_taken":0.0,"relics_obtained":["Sundial"]},{"damage_healed":0.0,"max_hp_gain":0.0,"max_hp_loss":0.0,"gold_gain":0.0,"event_name":"Mysterious Sphere","player_choice":"Ignored","floor":36.0,"gold_loss":0.0,"damage_taken":0.0},{"cards_removed":["Coolheaded"],"damage_healed":0.0,"max_hp_gain":0.0,"max_hp_loss":0.0,"gold_gain":0.0,"event_name":"Falling","player_choice":"Removed Skill","floor":37.0,"gold_loss":0.0,"damage_taken":0.0}],"is_beta":false,"boss_relics":[{"not_picked":["FrozenCore","Lizard Tail"],"picked":"Empty Cage"},{"not_picked":["Philosopher\u0027s Stone","Busted Crown"],"picked":"Sozu"}],"items_purged_floors":[31],"is_endless":false,"potions_floor_spawned":[6,7,10,12,21,22,30,35,38,41],"killed_by":"Reptomancer","ascension_level":20}