{"gold_per_floor":[99],"floor_reached":1,"playtime":59,"items_purged":[],"score":80,"play_id":"c56943ee-e3cf-44e6-a43b-5da68a55d479","local_time":"20190415205235","daily_mods":["Draft","Hoarder","Allstar","Diverse","Colorless Cards","Heirloom","Cursed Run","Elite Swarm","Midas","Uncertain Future"],"is_ascension_mode":false,"campfire_choices":[],"neow_cost":"","seed_source_timestamp":422577989474668,"circlet_count":0,"master_deck":["Demon Form","Wraith Form v2","Echo Form","Cleave","Cleave","Cleave","Thunderclap","Thunderclap","Thunderclap","Stack","Stack","Stack","Dodge and Roll","Dodge and Roll","Dodge and Roll","Beam Cell","Beam Cell","Beam Cell","Dash","Dash","Dash","Blur","Blur","Blur","Pommel Strike","Pommel Strike","Pommel Strike","Rebound","Rebound","Rebound","Twin Strike","Twin Strike","Twin Strike","Sword Boomerang","Sword Boomerang","Sword Boomerang","Backflip","Backflip","Backflip","Disarm","Disarm","Disarm","Shrug It Off","Shrug It Off","Shrug It Off","Aggregate","Aggregate","Aggregate"],"relics":["Cursed Key","Darkstone Periapt","Du-Vu Doll","Gambling Chip"],"potions_floor_usage":[],"damage_taken":[{"damage":0,"enemies":"Jaw Worm","floor":1,"turns":1}],"seed_played":"-6366409025151239678","potions_obtained":[],"is_trial":true,"path_per_floor":["M"],"character_chosen":"IRONCLAD","items_purchased":[],"campfire_rested":0,"item_purchase_floors":[],"current_hp_per_floor":[80],"gold":99,"neow_bonus":"","is_prod":false,"is_daily":false,"chose_seed":false,"campfire_upgraded":0,"win_rate":0,"timestamp":1555379555,"path_taken":["M"],"build_version":"2019-01-23","purchased_purges":0,"victory":false,"max_hp_per_floor":[80],"card_choices":[{"not_picked":["Fusion","Armaments"],"picked":"Cleave","floor":0},{"not_picked":["Twin Strike","Slice"],"picked":"Thunderclap","floor":0},{"not_picked":["Melter","Wild Strike"],"picked":"Stack","floor":0},{"not_picked":["Redo","Entrench"],"picked":"Dodge and Roll","floor":0},{"not_picked":["Dodge and Roll","Underhanded Strike"],"picked":"Beam Cell","floor":0},{"not_picked":["Conserve Battery","Dagger Throw"],"picked":"Dash","floor":0},{"not_picked":["Underhanded Strike","Purity"],"picked":"Blur","floor":0},{"not_picked":["Sweeping Beam","Anger"],"picked":"Pommel Strike","floor":0},{"not_picked":["Warcry","Havoc"],"picked":"Rebound","floor":0},{"not_picked":["Havoc","Shrug It Off"],"picked":"Twin Strike","floor":0},{"not_picked":["True Grit","Acrobatics"],"picked":"Sword Boomerang","floor":0},{"not_picked":["BootSequence","Stack"],"picked":"Backflip","floor":0},{"not_picked":["Discovery","Backstab"],"picked":"Disarm","floor":0},{"not_picked":["Conserve Battery","Wild Strike"],"picked":"Shrug It Off","floor":0},{"not_picked":["Sentinel","Cloak And Dagger"],"picked":"Aggregate","floor":0}],"player_experience":202728,"relics_obtained":[],"event_choices":[],"is_beta":false,"boss_relics":[],"items_purged_floors":[],"is_endless":true,"potions_floor_spawned":[],"killed_by":"Jaw Worm","ascension_level":0}