{"gold_per_floor":[116,126,144,94,94,126,126,158,158,81,81,110,110,125,125,223,223,242,165,182,182,182,182,216,63,63,63,63,63],"floor_reached":29,"playtime":707,"items_purged":["Strike_B"],"score":296,"play_id":"bbeae93b-e396-406c-bf32-07c8b55639b7","local_time":"20180712172825","is_ascension_mode":true,"campfire_choices":[{"floor":7,"key":"REST"},{"floor":11,"key":"REST"},{"floor":13,"key":"REST"},{"data":"Defragment","floor":15,"key":"SMITH"},{"data":"Rainbow","floor":23,"key":"SMITH"},{"data":"Leap","floor":28,"key":"SMITH"}],"neow_cost":"NONE","seed_source_timestamp":41405227487124,"circlet_count":0,"master_deck":["Strike_B","Defend_B","Defend_B","Defend_B","Defend_B","Zap","Dualcast","Static Discharge","Cold Snap","Leap+1","Thunder Strike","Defragment+1","Core Surge","Capacitor","BootSequence","Rainbow+1","Self Repair"],"relics":["Cracked Core","Calipers","Ginger","Anchor","Bird Faced Urn","Blood Vial","Busted Crown","Pantograph","Ornamental Fan","Potion Belt"],"potions_floor_usage":[6,8],"damage_taken":[{"damage":7,"enemies":"Jaw Worm","floor":1,"turns":3},{"damage":6,"enemies":"2 Louse","floor":2,"turns":2},{"damage":1,"enemies":"Small Slimes","floor":3,"turns":3},{"damage":22,"enemies":"3 Sentries","floor":6,"turns":4},{"damage":15,"enemies":"Lagavulin","floor":8,"turns":5},{"damage":35,"enemies":"Gremlin Nob","floor":12,"turns":5},{"damage":0,"enemies":"Blue Slaver","floor":14,"turns":4},{"damage":24,"enemies":"Slime Boss","floor":16,"turns":10},{"damage":19,"enemies":"3 Byrds","floor":18,"turns":4},{"damage":21,"enemies":"Shell Parasite","floor":20,"turns":5},{"damage":28,"enemies":"Book of Stabbing","floor":24,"turns":5},{"damage":64,"enemies":"Slavers","floor":29,"turns":5}],"seed_played":"1746771125983117266","potions_obtained":[{"floor":1,"key":"GamblersBrew"},{"floor":3,"key":"LiquidBronze"},{"floor":6,"key":"PowerPotion"},{"floor":14,"key":"SteroidPotion"},{"floor":20,"key":"Fire Potion"}],"is_trial":false,"path_per_floor":["M","M","M","?","?","E","R","E","T","$","R","E","R","M","R","B",null,"M","?","M","?","?","R","E","$","T","?","R"],"character_chosen":"DEFECT","items_purchased":["Capacitor","Self Repair"],"campfire_rested":3,"item_purchase_floors":[10,25],"current_hp_per_floor":[68,62,61,61,54,32,54,39,39,39,61,32,54,58,58,42,75,58,58,45,45,70,70,47,47,47,47,47,0],"gold":63,"neow_bonus":"TRANSFORM_CARD","is_prod":false,"is_daily":false,"chose_seed":false,"campfire_upgraded":3,"win_rate":0,"timestamp":1531409305,"path_taken":["M","M","M","?","?","E","R","E","T","?","R","E","R","?","R","BOSS","M","?","M","?","?","R","E","$","T","?","R","E"],"build_version":"2018-07-11","purchased_purges":1,"victory":false,"max_hp_per_floor":[75,75,75,75,75,75,75,75,75,75,75,75,75,75,75,75,75,75,75,75,75,75,75,75,75,75,75,75,75],"card_choices":[{"not_picked":["Redo","Gash"],"picked":"Cold Snap","floor":1},{"not_picked":["Compile Driver","Stack"],"picked":"Leap","floor":2},{"not_picked":["Compile Driver","Sunder"],"picked":"Thunder Strike","floor":3},{"not_picked":["Hello World","Compile Driver"],"picked":"Defragment","floor":6},{"not_picked":["Sweeping Beam","Steam"],"picked":"Core Surge","floor":8},{"not_picked":["Compile Driver","Steam"],"picked":"BootSequence","floor":12},{"not_picked":["Reprogram","Go for the Eyes","Undo"],"picked":"SKIP","floor":14},{"not_picked":["Reboot","Multi-Cast"],"picked":"Rainbow","floor":16},{"not_picked":["Redo"],"picked":"SKIP","floor":18},{"not_picked":["Turbo+1"],"picked":"SKIP","floor":20},{"not_picked":["Cold Snap"],"picked":"SKIP","floor":24}],"player_experience":51761,"relics_obtained":[{"floor":6,"key":"Ginger"},{"floor":8,"key":"Anchor"},{"floor":9,"key":"Bird Faced Urn"},{"floor":12,"key":"Blood Vial"},{"floor":24,"key":"Pantograph"},{"floor":26,"key":"Ornamental Fan"}],"event_choices":[{"event_name":"The Cleric","player_choice":"Card Removal","floor":4,"damage_taken":0},{"event_name":"Scrap Ooze","player_choice":"success","floor":5,"damage_taken":7},{"event_name":"Drug Dealer","player_choice":"Got JAXXED","floor":19,"damage_taken":0},{"event_name":"Ghosts","player_choice":"Ignored","floor":21,"damage_taken":0},{"event_name":"The Library","player_choice":"Heal","floor":22,"damage_taken":0},{"event_name":"Addict","player_choice":"Gave JAX","floor":27,"damage_taken":0}],"boss_relics":[{"not_picked":["Sozu","Fusion Hammer"],"picked":"Busted Crown"}],"items_purged_floors":[25],"is_endless":false,"potions_floor_spawned":[1,3,6,14,20],"killed_by":"Slavers","ascension_level":3}