{"gold_per_floor":[211,211,226,236,35,64,64,95,107,145,157,169,216,242,254,363,375,400,327,339,351,383,395,55,89,89,89,89,89,103,103,103,198,198,217,217,317,370,389,423,423,423,423,423,21,40,54,6,6,6],"floor_reached":51,"playtime":4182,"items_purged":[],"score":800,"play_id":"b1e9fcb3-56a6-4b95-bb64-3e284d152e80","local_time":"20190103123345","is_ascension_mode":true,"campfire_choices":[{"data":"Berserk","floor":7.0,"key":"SMITH"},{"floor":12.0,"key":"REST"},{"floor":15.0,"key":"REST"},{"data":"Double Tap","floor":23.0,"key":"SMITH"},{"data":"Power Through","floor":27.0,"key":"SMITH"},{"floor":32.0,"key":"REST"},{"floor":41,"key":"REST"},{"floor":44,"key":"REST"},{"data":"1","floor":49,"key":"LIFT"}],"neow_cost":"NONE","seed_source_timestamp":0,"circlet_count":0,"master_deck":["Strike_R+1","Strike_R+1","Strike_R+1","Strike_R+1","Strike_R+1","Defend_R+1","Defend_R+1","Defend_R+1","Defend_R+1","Bash","Sword Boomerang","Thunderclap","Perfected Strike","Berserk+1","Rampage","Double Tap+1","Power Through+1","Pummel","Impervious","Metallicize","Pommel Strike","Clothesline","Armaments+1","Demon Form","Cleave+1","Iron Wave","True Grit+1"],"special_seed":0,"relics":["Burning Blood","Mercury Hourglass","MawBank","Singing Bowl","Boot","Ancient Tea Set","Runic Cube","Blue Candle","Gambling Chip","Pen Nib","Medical Kit","Incense Burner","Matryoshka","Eternal Feather","Pocketwatch","Girya","Gremlin Horn","Anchor","Dead Branch","Oddly Smooth Stone","Letter Opener","Kunai","Lantern"],"potions_floor_usage":[47,50],"damage_taken":[{"damage":2.0,"enemies":"2 Louse","floor":1.0,"turns":3.0},{"damage":6.0,"enemies":"Small Slimes","floor":3.0,"turns":3.0},{"damage":1.0,"enemies":"Cultist","floor":4.0,"turns":4.0},{"damage":12.0,"enemies":"Gremlin Nob","floor":6.0,"turns":4.0},{"damage":22.0,"enemies":"3 Sentries","floor":8.0,"turns":5.0},{"damage":20.0,"enemies":"Gremlin Nob","floor":10.0,"turns":4.0},{"damage":18.0,"enemies":"Lagavulin","floor":13.0,"turns":4.0},{"damage":3.0,"enemies":"3 Louse","floor":14.0,"turns":3.0},{"damage":71.0,"enemies":"The Guardian","floor":16.0,"turns":14.0},{"damage":22.0,"enemies":"Shell Parasite","floor":18.0,"turns":5.0},{"damage":0.0,"enemies":"Chosen","floor":22.0,"turns":5.0},{"damage":9.0,"enemies":"Gremlin Leader","floor":25.0,"turns":4.0},{"damage":18.0,"enemies":"Snake Plant","floor":30.0,"turns":4.0},{"damage":54.0,"enemies":"Champ","floor":33.0,"turns":12.0},{"damage":7.0,"enemies":"3 Darklings","floor":35.0,"turns":7.0},{"damage":5.0,"enemies":"Mind Bloom Boss Battle","floor":37.0,"turns":8.0},{"damage":78.0,"enemies":"2 Orb Walkers","floor":38.0,"turns":7.0},{"damage":1.0,"enemies":"Orb Walker","floor":39.0,"turns":4.0},{"damage":44,"enemies":"Giant Head","floor":40,"turns":8},{"damage":21,"enemies":"Maw","floor":46,"turns":9},{"damage":7,"enemies":"3 Darklings","floor":47,"turns":4},{"damage":65,"enemies":"Donu and Deca","floor":50,"turns":11}],"seed_played":"5073376341653496908","potions_obtained":[{"floor":4.0,"key":"PowerPotion"},{"floor":6.0,"key":"Poison Potion"},{"floor":13.0,"key":"FairyPotion"},{"floor":14.0,"key":"Swift Potion"},{"floor":30.0,"key":"Fruit Juice"},{"floor":33.0,"key":"Dexterity Potion"},{"floor":38.0,"key":"Block Potion"},{"floor":46,"key":"Energy Potion"},{"floor":47,"key":"GamblersBrew"}],"is_trial":false,"path_per_floor":["M","?","M","M","$","E","R","E","T","E","?","R","E","M","R","B",null,"M","?","?","?","M","R","$","E","T","R","?","$","M","?","R","B",null,"M","?","?","?","M","E","R","T","T","R","$","M","M","$","R","B",null],"character_chosen":"IRONCLAD","items_purchased":["Berserk","Explosive Potion","Pen Nib","Medical Kit","Kunai","Lantern","Strength Potion"],"campfire_rested":5,"item_purchase_floors":[5,5,24,24,45,45,48],"current_hp_per_floor":[80,80,80,80,80,74,74,58,58,46,46,70,58,61,82,17,82,66,66,82,82,82,82,82,79,79,79,79,79,67,67,82,39,87,86,83,85,13,20,10,51,51,51,89,89,74,75,75,90,31],"gold":6,"neow_bonus":"HUNDRED_GOLD","is_prod":false,"is_daily":false,"chose_seed":false,"campfire_upgraded":3,"win_rate":0,"timestamp":1546515225,"path_taken":["M","?","M","M","$","E","R","E","T","E","?","R","E","M","R","BOSS","M","?","?","?","?","R","$","E","T","R","?","?","M","?","R","BOSS","M","?","?","?","?","E","R","?","T","R","$","M","M","$","R","BOSS"],"build_version":"2018-12-20","purchased_purges":0,"victory":true,"max_hp_per_floor":[80,80,80,80,80,80,80,80,80,82,82,82,82,82,82,82,82,82,82,82,82,82,82,82,82,82,82,82,82,82,82,82,87,87,87,83,85,85,87,89,89,89,89,89,89,89,91,91,91,91],"card_choices":[{"not_picked":["Second Wind","Corruption"],"picked":"Sword Boomerang","floor":1.0},{"not_picked":["Pommel Strike","Wild Strike"],"picked":"Thunderclap","floor":3.0},{"not_picked":["Havoc","Wild Strike"],"picked":"Perfected Strike","floor":4.0},{"not_picked":["Perfected Strike","Clash"],"picked":"Rampage","floor":6.0},{"not_picked":["Body Slam","Sword Boomerang"],"picked":"Double Tap","floor":8.0},{"not_picked":["Warcry","Heavy Blade","Sever Soul"],"picked":"Singing Bowl","floor":10.0},{"not_picked":["Dark Embrace","True Grit"],"picked":"Power Through","floor":13.0},{"not_picked":["Shrug It Off","Bloodletting"],"picked":"Pummel","floor":14.0},{"not_picked":["Feed","Exhume"],"picked":"Impervious","floor":16.0},{"not_picked":["Armaments","True Grit"],"picked":"Metallicize","floor":18.0},{"not_picked":["Combust","Rupture"],"picked":"Pommel Strike","floor":22.0},{"not_picked":["Spot Weakness","Headbutt+1"],"picked":"Clothesline","floor":25.0},{"not_picked":["Wild Strike","Perfected Strike+1"],"picked":"Armaments+1","floor":30.0},{"not_picked":["Dark Embrace","Barricade"],"picked":"Demon Form","floor":33.0},{"not_picked":["Pummel","Warcry"],"picked":"Cleave+1","floor":35.0},{"not_picked":["Cleave","Headbutt","Infernal Blade"],"picked":"Singing Bowl","floor":37.0},{"not_picked":["Pommel Strike","Body Slam+1"],"picked":"Iron Wave","floor":38.0},{"not_picked":["Carnage+1","Entrench+1","Havoc+1"],"picked":"Singing Bowl","floor":39.0},{"not_picked":["Wild Strike","Clash","Perfected Strike+1"],"picked":"Singing Bowl","floor":40},{"not_picked":["Anger+1","Shockwave"],"picked":"True Grit+1","floor":46},{"not_picked":["Flex","Clash+1","Pommel Strike+1"],"picked":"Singing Bowl","floor":47}],"player_experience":268229,"relics_obtained":[{"floor":6.0,"key":"Mercury Hourglass"},{"floor":8.0,"key":"MawBank"},{"floor":9.0,"key":"Singing Bowl"},{"floor":10.0,"key":"Boot"},{"floor":13.0,"key":"Ancient Tea Set"},{"floor":25.0,"key":"Incense Burner"},{"floor":26.0,"key":"Matryoshka"},{"floor":37.0,"key":"Pocketwatch"},{"floor":38.0,"key":"Girya"},{"floor":40,"key":"Gremlin Horn"},{"floor":42,"key":"Anchor"},{"floor":42,"key":"Dead Branch"},{"floor":43,"key":"Oddly Smooth Stone"},{"floor":43,"key":"Letter Opener"}],"event_choices":[{"damage_healed":0.0,"max_hp_gain":0.0,"max_hp_loss":0.0,"gold_gain":0.0,"event_name":"The Cleric","player_choice":"Leave","floor":2.0,"gold_loss":0.0,"damage_taken":0.0},{"damage_healed":0.0,"max_hp_gain":0.0,"max_hp_loss":0.0,"gold_gain":0.0,"event_name":"Purifier","player_choice":"Ignored","floor":11.0,"gold_loss":0.0,"damage_taken":0.0},{"damage_healed":0.0,"max_hp_gain":0.0,"max_hp_loss":0.0,"gold_gain":0.0,"event_name":"Addict","player_choice":"Obtained Relic","floor":19.0,"gold_loss":85.0,"damage_taken":0.0,"relics_obtained":["Blue Candle"]},{"damage_healed":27.0,"max_hp_gain":0.0,"max_hp_loss":0.0,"gold_gain":0.0,"event_name":"The Library","player_choice":"Heal","floor":20.0,"gold_loss":0.0,"damage_taken":0.0},{"damage_healed":0.0,"max_hp_gain":0.0,"max_hp_loss":0.0,"gold_gain":0.0,"event_name":"WeMeetAgain","player_choice":"Gave Potion","floor":21.0,"gold_loss":0.0,"damage_taken":0.0,"relics_obtained":["Gambling Chip"]},{"damage_healed":0.0,"max_hp_gain":0.0,"max_hp_loss":0.0,"gold_gain":0.0,"event_name":"Vampires","player_choice":"Ignored","floor":28.0,"gold_loss":0.0,"damage_taken":0.0},{"damage_healed":0.0,"max_hp_gain":0.0,"max_hp_loss":0.0,"gold_gain":0.0,"event_name":"Back to Basics","player_choice":"Simplicity","floor":31.0,"gold_loss":0.0,"damage_taken":0.0,"cards_upgraded":["Strike_R","Strike_R","Strike_R","Strike_R","Strike_R","Defend_R","Defend_R","Defend_R","Defend_R"]},{"damage_healed":0.0,"max_hp_gain":0.0,"max_hp_loss":4.0,"gold_gain":0.0,"event_name":"Winding Halls","player_choice":"Max HP","floor":36.0,"gold_loss":0.0,"damage_taken":0.0},{"damage_healed":0.0,"max_hp_gain":0.0,"max_hp_loss":0.0,"gold_gain":0.0,"event_name":"MindBloom","player_choice":"Fight","floor":37.0,"gold_loss":0.0,"damage_taken":0.0},{"damage_healed":0.0,"max_hp_gain":0.0,"max_hp_loss":0.0,"gold_gain":0.0,"event_name":"Mysterious Sphere","player_choice":"Fight","floor":38.0,"gold_loss":0.0,"damage_taken":0.0}],"is_beta":false,"boss_relics":[{"not_picked":["Tiny House","Runic Pyramid"],"picked":"Runic Cube"},{"not_picked":["Runic Dome","Empty Cage"],"picked":"Eternal Feather"}],"items_purged_floors":[],"is_endless":false,"potions_floor_spawned":[4,6,13,14,30,33,38,46,47],"ascension_level":1}