{"gold_per_floor":[119,136,19,19,32,32,50,62,112,124,149,161,206,234,246,354,366,397,421,452,58,58,58,58],"floor_reached":24,"playtime":2399,"items_purged":[],"score":200,"play_id":"a2745ee5-9de5-4810-b0e8-180d07c1c109","local_time":"20190407185942","is_ascension_mode":false,"campfire_choices":[{"data":"Armaments","floor":6.0,"key":"SMITH"},{"floor":10.0,"key":"REST"},{"floor":12.0,"key":"REST"},{"floor":15.0,"key":"REST"},{"floor":23,"key":"REST"}],"neow_cost":"NONE","seed_source_timestamp":0,"circlet_count":0,"master_deck":["Strike_R","Strike_R","Strike_R","Strike_R","Strike_R","Defend_R","Defend_R","Defend_R+1","Defend_R+1","Bash","Immolate","Pommel Strike","Headbutt","Rampage","Inflame","Armaments+1","Iron Wave","Heavy Blade","Seeing Red","Headbutt","Ghostly Armor","Impervious","Anger","Anger","Rampage","Perfected Strike","Infernal Blade","Immolate","Cleave","Inflame+1"],"special_seed":0,"relics":["Burning Blood","Darkstone Periapt","MawBank","War Paint","Orrery","Girya"],"potions_floor_usage":[19,22,22],"damage_taken":[{"damage":0.0,"enemies":"Small Slimes","floor":1.0,"turns":2.0},{"damage":8.0,"enemies":"Jaw Worm","floor":2.0,"turns":3.0},{"damage":6.0,"enemies":"Cultist","floor":5.0,"turns":3.0},{"damage":12.0,"enemies":"Large Slime","floor":7.0,"turns":7.0},{"damage":11.0,"enemies":"Lots of Slimes","floor":8.0,"turns":3.0},{"damage":15.0,"enemies":"Exordium Wildlife","floor":11.0,"turns":3.0},{"damage":16.0,"enemies":"Gremlin Nob","floor":13.0,"turns":4.0},{"damage":10.0,"enemies":"Looter","floor":14.0,"turns":3.0},{"damage":42.0,"enemies":"The Guardian","floor":16.0,"turns":11.0},{"damage":29.0,"enemies":"Shell Parasite","floor":18.0,"turns":6.0},{"damage":37,"enemies":"3 Byrds","floor":19,"turns":6},{"damage":34,"enemies":"Shelled Parasite and Fungi","floor":20,"turns":6},{"damage":15,"enemies":"Colosseum Slavers","floor":22,"turns":4},{"damage":37,"enemies":"Slavers","floor":24,"turns":3}],"seed_played":"-404757248426980424","potions_obtained":[{"floor":1.0,"key":"Regen Potion"},{"floor":2.0,"key":"EssenceOfSteel"},{"floor":11.0,"key":"Block Potion"}],"is_trial":false,"path_per_floor":["M","M","$","?","M","R","M","M","T","R","M","R","E","M","R","B",null,"M","M","M","$","?","R","E"],"character_chosen":"IRONCLAD","items_purchased":["Rampage","Inflame","Girya","BloodPotion","Fire Potion"],"campfire_rested":4,"item_purchase_floors":[3,3,21,21,21],"current_hp_per_floor":[80,78,78,60,60,60,54,49,49,73,64,80,70,66,80,44,80,57,41,13,13,12,36,0],"gold":58,"neow_bonus":"ONE_RANDOM_RARE_CARD","is_prod":false,"is_daily":false,"chose_seed":false,"campfire_upgraded":1,"win_rate":0.0,"timestamp":1554656382,"path_taken":["M","M","$","?","M","R","M","M","T","R","M","R","E","M","R","BOSS","M","M","M","$","?","R","E"],"build_version":"2019-01-23","purchased_purges":0,"victory":false,"max_hp_per_floor":[80,80,80,80,80,80,80,80,80,80,80,80,80,80,80,80,80,80,80,80,80,80,80,80],"card_choices":[{"not_picked":["Pummel","Reckless Charge"],"picked":"Pommel Strike","floor":1.0},{"not_picked":["Cleave","Perfected Strike"],"picked":"Headbutt","floor":2.0},{"not_picked":["Clash","Reckless Charge"],"picked":"Armaments","floor":5.0},{"not_picked":["Whirlwind","Hemokinesis"],"picked":"Iron Wave","floor":7.0},{"not_picked":["Pummel","Body Slam"],"picked":"Heavy Blade","floor":8.0},{"not_picked":["Battle Trance","Pummel"],"picked":"Seeing Red","floor":11.0},{"not_picked":["Fire Breathing","Entrench"],"picked":"Headbutt","floor":13.0},{"not_picked":["Thunderclap","Flame Barrier"],"picked":"Ghostly Armor","floor":14.0},{"not_picked":["Feed","Limit Break"],"picked":"Impervious","floor":16.0},{"not_picked":["Metallicize","Sword Boomerang"],"picked":"Anger","floor":17.0},{"not_picked":["Uppercut","Warcry"],"picked":"Anger","floor":17.0},{"not_picked":["Anger","Clash"],"picked":"Rampage","floor":17.0},{"not_picked":["Reckless Charge","True Grit"],"picked":"Perfected Strike","floor":17.0},{"not_picked":["Twin Strike","True Grit"],"picked":"Infernal Blade","floor":17.0},{"not_picked":["Whirlwind","Body Slam"],"picked":"Immolate","floor":18.0},{"not_picked":["Warcry","Headbutt"],"picked":"Cleave","floor":19},{"not_picked":["Hemokinesis","Headbutt"],"picked":"Inflame+1","floor":20}],"player_experience":41713,"relics_obtained":[{"floor":9.0,"key":"MawBank"},{"floor":13.0,"key":"War Paint"}],"event_choices":[{"damage_healed":0.0,"max_hp_gain":0.0,"max_hp_loss":0.0,"gold_gain":0.0,"event_name":"Scrap Ooze","player_choice":"Success","floor":4.0,"gold_loss":0.0,"damage_taken":18.0,"relics_obtained":["Darkstone Periapt"]},{"damage_healed":0,"gold_gain":0,"player_choice":"Fight","damage_taken":0,"max_hp_gain":0,"max_hp_loss":0,"event_name":"Colosseum","floor":22,"gold_loss":0},{"damage_healed":0,"gold_gain":0,"player_choice":"Fled From Nobs","damage_taken":0,"max_hp_gain":0,"max_hp_loss":0,"event_name":"Colosseum","floor":22,"gold_loss":0}],"is_beta":false,"boss_relics":[{"not_picked":["Runic Cube","Empty Cage"],"picked":"Orrery"}],"items_purged_floors":[],"is_endless":false,"potions_floor_spawned":[1,2,11,13,22],"killed_by":"Slavers","ascension_level":0}