{"gold_per_floor":[114,129,144,219,219,219,249,264,264,264,112,127,142,142,142,242,242,257,272,287,287,287,287,317,317,317,242,257,257,272,287,287,387,387,402,32,32,47,62,62,77,77,77,92,107,107,122,152,152,152],"floor_reached":50,"playtime":2033,"items_purged":[],"score":498,"play_id":"5732a877-1f48-4347-a893-49e1dd25c5cb","local_time":"20180730194549","daily_mods":["Diverse","Lethality","Terminal"],"is_ascension_mode":false,"campfire_choices":[{"data":"Body Slam","floor":6.0,"key":"SMITH"},{"data":"Cloak And Dagger","floor":10.0,"key":"SMITH"},{"data":"Perfected Strike","floor":15.0,"key":"SMITH"},{"data":"Cloak And Dagger","floor":23.0,"key":"SMITH"},{"data":"Heavy Blade","floor":25.0,"key":"SMITH"},{"floor":32.0,"key":"REST"},{"data":"Limit Break","floor":40.0,"key":"SMITH"},{"data":"Body Slam","floor":46.0,"key":"SMITH"},{"floor":49.0,"key":"REST"}],"neow_cost":"","seed_source_timestamp":0,"circlet_count":0,"master_deck":["Strike_R+1","Strike_R+1","Strike_R+1","Strike_R+1","Strike_R+1","Defend_R+1","Defend_R+1","Defend_R+1","Bash","Cloak And Dagger+1","Body Slam+1","Combust","Thunderclap","Flex","Feel No Pain","Cloak And Dagger+1","Impervious","Heavy Blade+1","Body Slam+1","Pummel","Venomology","Spot Weakness","Whirlwind","Battle Trance","Limit Break+1","PanicButton","Coolheaded+1","Backflip","Double Tap"],"special_seed":17742,"relics":["Burning Blood","Singing Bowl","Self Forming Clay","Letter Opener","Orrery","Omamori","The Courier","White Beast Statue","Bag of Marbles","Matryoshka","Mercury Hourglass","Frozen Egg 2","Gambling Chip"],"potions_floor_usage":[50,50,50,50],"damage_taken":[{"damage":0.0,"enemies":"Cultist","floor":1.0,"turns":2.0},{"damage":0.0,"enemies":"Jaw Worm","floor":2.0,"turns":3.0},{"damage":0.0,"enemies":"2 Louse","floor":3.0,"turns":2.0},{"damage":26.0,"enemies":"Lagavulin","floor":7.0,"turns":5.0},{"damage":0.0,"enemies":"Blue Slaver","floor":8.0,"turns":2.0},{"damage":0.0,"enemies":"2 Fungi Beasts","floor":12.0,"turns":2.0},{"damage":2.0,"enemies":"3 Louse","floor":13.0,"turns":2.0},{"damage":52.0,"enemies":"The Guardian","floor":16.0,"turns":7.0},{"damage":5.0,"enemies":"3 Byrds","floor":18.0,"turns":4.0},{"damage":21.0,"enemies":"2 Thieves","floor":19.0,"turns":3.0},{"damage":3.0,"enemies":"Cultist and Chosen","floor":20.0,"turns":4.0},{"damage":32.0,"enemies":"Gremlin Leader","floor":24.0,"turns":5.0},{"damage":19.0,"enemies":"Snake Plant","floor":28.0,"turns":2.0},{"damage":0.0,"enemies":"Chosen and Byrds","floor":30.0,"turns":4.0},{"damage":0.0,"enemies":"Cultist and Chosen","floor":31.0,"turns":5.0},{"damage":30.0,"enemies":"Automaton","floor":33.0,"turns":8.0},{"damage":13.0,"enemies":"3 Darklings","floor":35.0,"turns":4.0},{"damage":0.0,"enemies":"Orb Walker","floor":38.0,"turns":3.0},{"damage":5.0,"enemies":"3 Darklings","floor":39.0,"turns":4.0},{"damage":17.0,"enemies":"Maw","floor":41.0,"turns":5.0},{"damage":17.0,"enemies":"Spire Growth","floor":44.0,"turns":4.0},{"damage":4.0,"enemies":"3 Darklings","floor":45.0,"turns":5.0},{"damage":23.0,"enemies":"Flame Bruiser 2 Orb","floor":47.0,"turns":4.0},{"damage":56.0,"enemies":"Nemesis","floor":48.0,"turns":5.0},{"damage":34,"enemies":"Time Eater","floor":50,"turns":5}],"seed_played":"3676121671515635212","potions_obtained":[{"floor":2.0,"key":"Ancient Potion"},{"floor":7.0,"key":"Energy Potion"},{"floor":8.0,"key":"SpeedPotion"},{"floor":13.0,"key":"Fruit Juice"},{"floor":16.0,"key":"FearPotion"},{"floor":19.0,"key":"Energy Potion"},{"floor":20.0,"key":"Ancient Potion"},{"floor":22.0,"key":"FairyPotion"},{"floor":22.0,"key":"EssenceOfSteel"},{"floor":24.0,"key":"Poison Potion"},{"floor":35.0,"key":"EntropicBrew"},{"floor":38.0,"key":"Ancient Potion"},{"floor":41.0,"key":"Fire Potion"},{"floor":45.0,"key":"Block Potion"},{"floor":47.0,"key":"SteroidPotion"},{"floor":48.0,"key":"Strength Potion"}],"is_trial":false,"path_per_floor":["M","M","M","?","?","R","E","M","T","R","$","M","M","$","R","B",null,"M","M","M","?","?","R","E","R","T","?","M","?","M","M","R","B",null,"M","$","?","M","M","R","M","?","T","M","M","R","M","E","R"],"character_chosen":"IRONCLAD","items_purchased":["Thunderclap","Flex","Feel No Pain","Bag of Marbles","Matryoshka"],"campfire_rested":2,"item_purchase_floors":[11,11,11,36,36],"current_hp_per_floor":[78,77,76,65,62,62,44,52,52,52,52,58,62,62,62,21,75,76,63,66,66,66,66,40,40,40,40,29,29,35,41,61,37,64,59,59,59,64,63,62,53,53,53,42,46,46,31,12,30,0],"gold":152,"neow_bonus":"","is_prod":false,"is_daily":true,"chose_seed":false,"campfire_upgraded":7,"win_rate":0,"timestamp":1532994349,"path_taken":["M","M","M","?","?","R","E","M","T","R","$","M","M","?","R","BOSS","M","M","M","?","?","R","E","R","T","?","M","?","?","M","R","BOSS","M","$","?","M","M","R","M","?","T","M","M","R","?","E","R","BOSS"],"build_version":"2018-07-26","purchased_purges":0,"victory":false,"max_hp_per_floor":[78,77,76,75,74,73,74,75,74,73,72,71,70,69,68,72,75,76,77,76,75,74,73,72,71,70,69,70,69,68,67,66,65,64,65,64,63,64,63,62,63,62,61,60,61,60,61,62,61,61],"card_choices":[{"not_picked":["True Grit","Havoc"],"picked":"Cloak And Dagger","floor":1.0},{"not_picked":["Shrug It Off","Hologram"],"picked":"Body Slam","floor":2.0},{"not_picked":["Steam","Cold Snap"],"picked":"Combust","floor":3.0},{"not_picked":["Machine Learning","Tactician","Rebound"],"picked":"Singing Bowl","floor":7.0},{"not_picked":["Redo","Sucker Punch","Backflip"],"picked":"Singing Bowl","floor":8.0},{"not_picked":["Sweeping Beam","Rampage"],"picked":"Cloak And Dagger","floor":12.0},{"not_picked":["Coolheaded","Anger"],"picked":"Perfected Strike","floor":13.0},{"not_picked":["Storm of Steel","Corpse Explosion"],"picked":"Impervious","floor":16.0},{"not_picked":["All Out Attack","Flex"],"picked":"Heavy Blade","floor":17.0},{"not_picked":["Corruption","Tactician","Warcry"],"picked":"Singing Bowl","floor":17.0},{"not_picked":["Crippling Poison","Accuracy"],"picked":"Body Slam","floor":17.0},{"not_picked":["Amplify","Rampage","Backflip"],"picked":"Singing Bowl","floor":17.0},{"not_picked":["Outmaneuver","Go for the Eyes"],"picked":"Pummel","floor":17.0},{"not_picked":["Conserve Battery","Wild Strike","Clash+1"],"picked":"Singing Bowl","floor":18.0},{"not_picked":["Compile Driver","Cold Snap","Dodge and Roll"],"picked":"Singing Bowl","floor":19.0},{"not_picked":["Beam Cell","Sweeping Beam"],"picked":"Venomology","floor":20.0},{"not_picked":["Pommel Strike+1","Rampage"],"picked":"Spot Weakness","floor":24.0},{"not_picked":["Thunderclap","Coolheaded","Accuracy"],"picked":"Singing Bowl","floor":28.0},{"not_picked":["Heavy Blade","Prepared+1"],"picked":"Whirlwind","floor":30.0},{"not_picked":["Fusion","White Noise"],"picked":"Battle Trance","floor":31.0},{"not_picked":["Juggernaut","Burst"],"picked":"Limit Break","floor":33.0},{"not_picked":["Riddle With Holes+1","Rip and Tear","Quick Slash"],"picked":"Singing Bowl","floor":35.0},{"not_picked":["Thinking Ahead","Swift Strike"],"picked":"PanicButton","floor":37.0},{"not_picked":["Burning Pact","Rupture","Blizzard+1"],"picked":"Singing Bowl","floor":38.0},{"not_picked":["Dagger Spray","True Grit+1"],"picked":"Coolheaded+1","floor":39.0},{"not_picked":["Cold Snap+1","Cleave+1","Compile Driver+1"],"picked":"Singing Bowl","floor":41.0},{"not_picked":["Twin Strike+1","Dagger Spray"],"picked":"Double Tap","floor":44.0},{"not_picked":["Backflip","Ball Lightning","Stack"],"picked":"Singing Bowl","floor":45.0},{"not_picked":["Deflect","Anger+1","Backflip+1"],"picked":"Singing Bowl","floor":47.0},{"not_picked":["Barrage","Acrobatics","Recycle"],"picked":"Singing Bowl","floor":48.0}],"player_experience":168572,"relics_obtained":[{"floor":7.0,"key":"Self Forming Clay"},{"floor":9.0,"key":"Letter Opener"},{"floor":24.0,"key":"Omamori"},{"floor":26.0,"key":"The Courier"},{"floor":43.0,"key":"Mercury Hourglass"},{"floor":43.0,"key":"Frozen Egg 2"},{"floor":48.0,"key":"Gambling Chip"}],"event_choices":[{"event_name":"World of Goop","player_choice":"Gather Gold","floor":4.0,"damage_taken":0.0},{"event_name":"Scrap Ooze","player_choice":"success","floor":5.0,"damage_taken":3.0},{"event_name":"Vampires","player_choice":"Ignored","floor":21.0,"damage_taken":0.0},{"event_name":"The Lab","player_choice":"Got Potions","floor":22.0,"damage_taken":0.0},{"event_name":"Beggar","player_choice":"Gave Gold","floor":27.0,"damage_taken":0.0},{"event_name":"Back to Basics","player_choice":"Simplicity","floor":29.0,"damage_taken":0.0},{"event_name":"SensoryStone","player_choice":"Memory 1","floor":37.0,"damage_taken":0.0},{"event_name":"Transmorgrifier","player_choice":"Transform","floor":42.0,"damage_taken":0.0}],"is_beta":true,"boss_relics":[{"not_picked":["Runic Cube","Velvet Choker"],"picked":"Orrery"},{"not_picked":["Philosopher\u0027s Stone","Eternal Feather"],"picked":"White Beast Statue"}],"items_purged_floors":[],"is_endless":false,"potions_floor_spawned":[2,7,8,13,16,19,20,24,28,35,38,39,41,44,45,47,48],"killed_by":"Time Eater","ascension_level":0}