{"gold_per_floor":[19,19,19,30,47,47,47,76,76,93,93,93,93,128,128,206,206,222,222,50,65,79,79,79],"floor_reached":24,"playtime":714,"items_purged":["Pain"],"score":408,"play_id":"ee2f8c4e-f3a9-40d6-86b3-bc1eb4e96a72","local_time":"20190324152124","is_ascension_mode":true,"campfire_choices":[{"data":"Zap","floor":6.0,"key":"SMITH"},{"data":"Dualcast","floor":11.0,"key":"SMITH"},{"floor":13.0,"key":"REST"},{"data":"Hologram","floor":15.0,"key":"SMITH"},{"data":"Recycle","floor":23.0,"key":"SMITH"}],"neow_cost":"NO_GOLD","seed_source_timestamp":1888013069871293,"circlet_count":0,"master_deck":["AscendersBane","Strike_B","Defend_B","Defend_B","Defend_B","Defend_B","Zap+1","Dualcast+1","Scrape","Go for the Eyes","Gash","Tempest","Cold Snap","Gash","Compile Driver","Hologram+1","Meteor Strike","Recycle+1","Madness","Undo"],"special_seed":0,"relics":["Cracked Core","WarpedTongs","Shuriken","Bag of Marbles","Meat on the Bone","Coffee Dripper"],"potions_floor_usage":[24,24],"damage_taken":[{"damage":7.0,"enemies":"Jaw Worm","floor":1.0,"turns":3.0},{"damage":0.0,"enemies":"Cultist","floor":4.0,"turns":3.0},{"damage":3.0,"enemies":"2 Louse","floor":5.0,"turns":3.0},{"damage":36.0,"enemies":"3 Sentries","floor":8.0,"turns":8.0},{"damage":1.0,"enemies":"Red Slaver","floor":10.0,"turns":3.0},{"damage":7.0,"enemies":"Gremlin Nob","floor":14.0,"turns":3.0},{"damage":13.0,"enemies":"Slime Boss","floor":16.0,"turns":7.0},{"damage":7.0,"enemies":"Chosen","floor":18.0,"turns":3.0},{"damage":14.0,"enemies":"Spheric Guardian","floor":21.0,"turns":4.0},{"damage":17.0,"enemies":"Shelled Parasite and Fungi","floor":22.0,"turns":3.0},{"damage":37,"enemies":"Book of Stabbing","floor":24,"turns":4}],"seed_played":"-1191911565567238583","potions_obtained":[{"floor":4.0,"key":"Energy Potion"},{"floor":5.0,"key":"Dexterity Potion"},{"floor":19.0,"key":"GamblersBrew"},{"floor":22.0,"key":"SpeedPotion"}],"is_trial":false,"path_per_floor":["M","?","$","M","M","R","?","E","T","M","R","T","R","E","R","B",null,"M","?","$","M","M","R","E"],"character_chosen":"DEFECT","items_purchased":["Madness"],"campfire_rested":1,"item_purchase_floors":[20],"current_hp_per_floor":[57,57,57,57,54,54,54,18,18,17,17,17,38,31,31,30,61,54,54,54,40,35,35,0],"gold":79,"neow_bonus":"TRANSFORM_TWO_CARDS","is_prod":false,"is_daily":false,"chose_seed":false,"campfire_upgraded":4,"win_rate":0,"timestamp":1553412084,"path_taken":["M","?","$","M","?","R","?","E","T","?","R","?","R","E","R","BOSS","M","?","$","M","M","R","E"],"build_version":"2019-01-23","purchased_purges":1,"victory":false,"max_hp_per_floor":[71,71,71,71,71,71,71,71,71,71,71,71,71,71,71,71,71,71,71,71,71,71,71,71],"card_choices":[{"not_picked":["Turbo","Cold Snap"],"picked":"Gash","floor":1.0},{"not_picked":["Go for the Eyes","Tempest","Redo"],"picked":"SKIP","floor":4.0},{"not_picked":["Go for the Eyes","Redo"],"picked":"Tempest","floor":4.0},{"not_picked":["Scrape","Go for the Eyes"],"picked":"Cold Snap","floor":5.0},{"not_picked":["Cold Snap","Ball Lightning"],"picked":"Gash","floor":8.0},{"not_picked":["White Noise","Melter"],"picked":"Compile Driver","floor":10.0},{"not_picked":["Stack","Sweeping Beam"],"picked":"Hologram","floor":14.0},{"not_picked":["Thunder Strike","Multi-Cast"],"picked":"Meteor Strike","floor":16.0},{"not_picked":["Gash+1","Cold Snap"],"picked":"Recycle","floor":18.0},{"not_picked":["Cold Snap","Capacitor","Blizzard"],"picked":"SKIP","floor":21.0},{"not_picked":["Loop","Sweeping Beam"],"picked":"Undo","floor":22.0}],"player_experience":1251538,"relics_obtained":[{"floor":8.0,"key":"Shuriken"},{"floor":12.0,"key":"Bag of Marbles"},{"floor":14.0,"key":"Meat on the Bone"}],"event_choices":[{"cards_removed":["Strike_B"],"damage_healed":0.0,"max_hp_gain":0.0,"max_hp_loss":0.0,"gold_gain":0.0,"event_name":"Bonfire Elementals","player_choice":"Offered Basic","floor":2.0,"gold_loss":0.0,"damage_taken":0.0},{"damage_healed":0.0,"max_hp_gain":0.0,"max_hp_loss":0.0,"gold_gain":0.0,"event_name":"Accursed Blacksmith","player_choice":"Rummage","floor":7.0,"gold_loss":0.0,"damage_taken":0.0,"relics_obtained":["WarpedTongs"],"cards_obtained":["Pain"]},{"damage_healed":0.0,"max_hp_gain":0.0,"max_hp_loss":0.0,"gold_gain":0.0,"event_name":"Lab","player_choice":"Got Potions","floor":19.0,"gold_loss":0.0,"damage_taken":0.0}],"is_beta":false,"boss_relics":[{"not_picked":["Fusion Hammer","Inserter"],"picked":"Coffee Dripper"}],"items_purged_floors":[20],"is_endless":false,"potions_floor_spawned":[4,5,8,10,22],"killed_by":"Book of Stabbing","ascension_level":20}