{"gold_per_floor":[115,127,138,150,177,210,485,485,485,505,524,524,222,233,233,331,331,349,274,274,288,288,288,288],"floor_reached":24,"playtime":2358,"items_purged":[],"score":198,"play_id":"e0784d51-a55c-4fbe-bfb0-b7fc32bc5180","local_time":"20190429174226","is_ascension_mode":false,"campfire_choices":[{"floor":8,"key":"REST"},{"floor":12,"key":"REST"},{"floor":15,"key":"REST"},{"floor":23,"key":"REST"}],"neow_cost":"NONE","seed_source_timestamp":210173887175678,"circlet_count":0,"master_deck":["Strike_B","Strike_B","Strike_B","Strike_B","Defend_B","Defend_B","Defend_B","Defend_B","Zap","Dualcast","Capacitor","Gash","Static Discharge","White Noise","Stack","Regret","Self Repair","Cold Snap","Storm","Amplify","Seek","Turbo","Redo","RitualDagger","Sunder"],"relics":["Cracked Core","Potion Belt","Bottled Lightning","Blue Candle","Eternal Feather"],"potions_floor_usage":[6,11,19],"damage_taken":[{"damage":1,"enemies":"Cultist","floor":1,"turns":4},{"damage":0,"enemies":"2 Louse","floor":2,"turns":2},{"damage":5,"enemies":"Small Slimes","floor":3,"turns":3},{"damage":14,"enemies":"2 Fungi Beasts","floor":4,"turns":3},{"damage":43,"enemies":"3 Sentries","floor":6,"turns":8},{"damage":29,"enemies":"Large Slime","floor":10,"turns":7},{"damage":19,"enemies":"Exordium Wildlife","floor":11,"turns":4},{"damage":9,"enemies":"2 Fungi Beasts","floor":14,"turns":3},{"damage":34,"enemies":"Hexaghost","floor":16,"turns":9},{"damage":23,"enemies":"Spheric Guardian","floor":18,"turns":4},{"damage":31,"enemies":"2 Thieves","floor":19,"turns":5},{"damage":35,"enemies":"Chosen and Byrds","floor":21,"turns":6},{"damage":71,"enemies":"Slavers","floor":24,"turns":3}],"seed_played":"3327797212663219560","potions_obtained":[{"floor":1,"key":"Regen Potion"},{"floor":10,"key":"AttackPotion"},{"floor":14,"key":"FocusPotion"}],"is_trial":false,"path_per_floor":["M","M","M","M","T","E","?","R","T","M","M","R","$","M","R","B",null,"M","M","?","M","?","R","E"],"character_chosen":"DEFECT","items_purchased":["Storm","Blue Candle"],"campfire_rested":4,"item_purchase_floors":[13,13],"current_hp_per_floor":[81,81,76,62,62,34,34,58,58,29,17,41,41,32,56,22,82,66,42,36,1,28,67,0],"gold":288,"neow_bonus":"TEN_PERCENT_HP_BONUS","is_prod":false,"is_daily":false,"chose_seed":false,"campfire_upgraded":0,"win_rate":0,"timestamp":1556584946,"path_taken":["M","M","M","?","?","E","?","R","T","?","M","R","$","M","R","BOSS","M","M","?","M","?","R","E"],"build_version":"2019-01-23","purchased_purges":0,"victory":false,"max_hp_per_floor":[82,82,82,82,82,82,82,82,82,82,82,82,82,82,82,82,82,82,82,82,82,82,82,82],"card_choices":[{"not_picked":["Go for the Eyes","Skim"],"picked":"Capacitor","floor":1},{"not_picked":["Go for the Eyes","Cold Snap"],"picked":"Gash","floor":2},{"not_picked":["Streamline","Go for the Eyes"],"picked":"Static Discharge","floor":3},{"not_picked":["Leap","Compile Driver"],"picked":"White Noise","floor":4},{"not_picked":["Scrape","Ball Lightning"],"picked":"Stack","floor":6},{"not_picked":["Beam Cell","Conserve Battery"],"picked":"Self Repair","floor":10},{"not_picked":["Conserve Battery","Barrage"],"picked":"Cold Snap","floor":11},{"not_picked":["Steam","Sweeping Beam"],"picked":"Amplify","floor":14},{"not_picked":["Hyperbeam","Core Surge"],"picked":"Seek","floor":16},{"not_picked":["Compile Driver","Sweeping Beam"],"picked":"Turbo","floor":18},{"not_picked":["Coolheaded","Streamline"],"picked":"Redo","floor":19},{"not_picked":["Hello World","Auto Shields"],"picked":"Sunder","floor":21}],"player_experience":509392,"relics_obtained":[{"floor":6,"key":"Potion Belt"},{"floor":9,"key":"Bottled Lightning"}],"event_choices":[{"damage_healed":0,"gold_gain":275,"player_choice":"Desecrate","damage_taken":0,"max_hp_gain":0,"max_hp_loss":0,"event_name":"Golden Shrine","floor":7,"gold_loss":0,"cards_obtained":["Regret"]},{"damage_healed":0,"gold_gain":0,"player_choice":"Joined the Cult","damage_taken":6,"max_hp_gain":0,"max_hp_loss":0,"event_name":"Nest","floor":20,"gold_loss":0,"cards_obtained":["RitualDagger"]},{"damage_healed":27,"gold_gain":0,"player_choice":"Heal","damage_taken":0,"max_hp_gain":0,"max_hp_loss":0,"event_name":"The Library","floor":22,"gold_loss":0}],"is_beta":false,"boss_relics":[{"not_picked":["Coffee Dripper","Runic Dome"],"picked":"Eternal Feather"}],"items_purged_floors":[],"is_endless":false,"potions_floor_spawned":[1,10,14],"killed_by":"Slavers","ascension_level":0}