{"gold_per_floor":[116,33,83,103,114,114,129,129,184,184],"floor_reached":10,"playtime":185,"items_purged":[],"score":110,"play_id":"92871f9d-84e2-4422-bd8c-668ba3301981","local_time":"20181110115930","is_ascension_mode":true,"campfire_choices":[{"data":"Footwork","floor":6,"key":"SMITH"}],"neow_cost":"NONE","seed_source_timestamp":450519588941485,"circlet_count":0,"master_deck":["AscendersBane","Defend_G","Defend_G","Defend_G","Defend_G","Defend_G","Strike_G","Strike_G","Strike_G","Strike_G","Strike_G","Survivor","Neutralize","Riddle With Holes","Footwork+1","Deflect","Blade Dance","All Out Attack"],"relics":["Ring of the Snake","NeowsBlessing","Centennial Puzzle","Snake Skull"],"potions_floor_usage":[7,7],"damage_taken":[{"damage":0,"enemies":"Jaw Worm","floor":1,"turns":1},{"damage":0,"enemies":"Cultist","floor":4,"turns":1},{"damage":0,"enemies":"2 Louse","floor":5,"turns":1},{"damage":0,"enemies":"Red Slaver","floor":7,"turns":1},{"damage":72,"enemies":"Lagavulin","floor":10,"turns":9}],"seed_played":"6997041849360237447","potions_obtained":[{"floor":1,"key":"FearPotion"},{"floor":5,"key":"Energy Potion"}],"is_trial":false,"path_per_floor":["M","$","?","M","M","R","M","?","T","E"],"character_chosen":"THE_SILENT","items_purchased":["Footwork"],"campfire_rested":0,"item_purchase_floors":[2],"current_hp_per_floor":[59,59,59,59,59,59,59,59,59,0],"gold":184,"neow_bonus":"THREE_ENEMY_KILL","is_prod":false,"is_daily":false,"chose_seed":false,"campfire_upgraded":1,"win_rate":0,"timestamp":1541869170,"path_taken":["M","$","?","M","M","R","?","?","T","E"],"build_version":"2018-11-08","purchased_purges":0,"victory":false,"max_hp_per_floor":[66,66,66,66,66,66,66,66,66,66],"card_choices":[{"not_picked":["Underhanded Strike","Deadly Poison"],"picked":"Riddle With Holes","floor":1},{"not_picked":["Choke","All Out Attack"],"picked":"Deflect","floor":4},{"not_picked":["Caltrops","Deflect"],"picked":"Blade Dance","floor":5},{"not_picked":["Well Laid Plans","Prepared"],"picked":"All Out Attack","floor":7}],"player_experience":713572,"relics_obtained":[{"floor":8,"key":"Centennial Puzzle"},{"floor":9,"key":"Snake Skull"}],"event_choices":[{"damage_healed":0,"gold_gain":50,"player_choice":"Pray","damage_taken":0,"max_hp_gain":0,"max_hp_loss":0,"event_name":"Golden Shrine","floor":3,"gold_loss":0},{"damage_healed":0,"gold_gain":0,"player_choice":"Relic","damage_taken":0,"max_hp_gain":0,"max_hp_loss":0,"event_name":"Wheel of Change","floor":8,"gold_loss":0}],"is_beta":false,"boss_relics":[],"items_purged_floors":[],"is_endless":false,"potions_floor_spawned":[1,5],"killed_by":"Lagavulin","ascension_level":18}