{"path_per_floor":["M","M","?","M","$","E","R","M","T","M","M","E","R","M","R","B",null,"M","M","$","?","?","E","M","R","T","E","?","E","$","M","R","B",null,"M","?","?","M","$","E","M","E","T","T","M","R"],"character_chosen":"IRONCLAD","items_purchased":["Sword Boomerang","Regen Potion","Flex","Block Potion"],"gold_per_floor":[115,130,130,144,20,51,51,66,66,80,92,121,121,139,139,237,237,254,265,88,88,88,117,130,130,156,181,181,210,38,51,51,146,146,166,166,166,185,135,166,179,209,256,256,268,268,268],"floor_reached":47,"campfire_rested":2,"playtime":2181,"current_hp_per_floor":[80,80,85,85,85,68,68,68,68,56,48,36,36,36,36,14,85,79,65,65,49,49,32,32,32,32,10,40,26,26,18,62,44,97,86,97,97,81,81,58,53,27,27,27,9,64,0],"items_purged":["True Grit","Iron Wave","Heavy Blade"],"gold":268,"score":746,"play_id":"9a5ef80d-a289-49f4-adc9-d1fb968b8b0a","local_time":"20180511204426","is_prod":false,"is_daily":false,"chose_seed":false,"is_ascension_mode":true,"campfire_upgraded":4,"timestamp":1526042666,"path_taken":["M","M","?","M","$","E","R","M","T","M","M","E","R","M","R","BOSS","M","M","$","?","?","E","?","R","T","E","?","E","$","M","R","BOSS","M","?","?","M","$","E","M","E","T","?","M","R","E"],"build_version":"2018-05-10","seed_source_timestamp":2287190046025827,"purchased_purges":4,"victory":false,"master_deck":["Bash","Heavy Blade","Shrug It Off","Spot Weakness","Seeing Red","Flex+1","Inflame","Pommel Strike+1","Sword Boomerang+1","Inflame+1","Impervious","Warcry","Warcry","Whirlwind","Flex","Flex","Flex","Writhe","Injury","Warcry+1"],"max_hp_per_floor":[80,80,85,85,85,85,85,85,85,85,85,85,85,85,85,85,85,85,85,85,90,90,90,90,90,90,90,90,97,97,97,97,97,97,97,97,97,97,97,107,107,107,107,107,107,107,107],"relics":["Pandora\u0027s Box","Omamori","Orichalcum","Bottled Tornado","Cursed Key","Vajra","Regal Pillow","Red Skull","Strawberry","Eternal Feather","Pear","Bag of Marbles","Singing Bowl","Blue Candle"],"card_choices":[{"not_picked":["Clothesline","Second Wind"],"picked":"Inflame","floor":2},{"not_picked":["Twin Strike","Armaments"],"picked":"Pommel Strike","floor":4},{"not_picked":["Shrug It Off","Spot Weakness"],"picked":"Inflame","floor":8},{"not_picked":["Barricade","Juggernaut"],"picked":"Impervious","floor":16},{"not_picked":["Metallicize","Armaments"],"picked":"Warcry","floor":18},{"not_picked":["Cleave","Clash"],"picked":"Warcry","floor":19},{"not_picked":["Cleave","Demon Form"],"picked":"Whirlwind","floor":29},{"not_picked":["Armaments","Headbutt"],"picked":"Flex","floor":31},{"not_picked":["Heavy Blade","Hemokinesis"],"picked":"Flex","floor":35},{"not_picked":["Feel No Pain","Havoc"],"picked":"Warcry","floor":45}],"player_experience":154123,"potions_floor_usage":[10,16,23,27,29,33,40,40,42],"damage_taken":[{"damage":0,"enemies":"Jaw Worm","floor":1,"turns":1},{"damage":0,"enemies":"Small Slimes","floor":2,"turns":2},{"damage":0,"enemies":"2 Louse","floor":4,"turns":2},{"damage":17,"enemies":"3 Sentries","floor":6,"turns":4},{"damage":0,"enemies":"Blue Slaver","floor":8,"turns":2},{"damage":18,"enemies":"Exordium Wildlife","floor":10,"turns":3},{"damage":8,"enemies":"Exordium Thugs","floor":11,"turns":3},{"damage":12,"enemies":"Lagavulin","floor":12,"turns":4},{"damage":0,"enemies":"Large Slime","floor":14,"turns":2},{"damage":22,"enemies":"The Guardian","floor":16,"turns":6},{"damage":6,"enemies":"3 Byrds","floor":18,"turns":4},{"damage":14,"enemies":"Shell Parasite","floor":19,"turns":3},{"damage":23,"enemies":"Book of Stabbing","floor":23,"turns":3},{"damage":0,"enemies":"Cultist and Chosen","floor":24,"turns":4},{"damage":22,"enemies":"Gremlin Leader","floor":27,"turns":3},{"damage":21,"enemies":"Book of Stabbing","floor":29,"turns":3},{"damage":8,"enemies":"Centurion and Healer","floor":31,"turns":2},{"damage":18,"enemies":"Champ","floor":33,"turns":5},{"damage":11,"enemies":"Orb Walker","floor":35,"turns":3},{"damage":16,"enemies":"3 Shapes","floor":38,"turns":1},{"damage":45,"enemies":"Nemesis","floor":40,"turns":7},{"damage":5,"enemies":"Sphere and 2 Shapes","floor":41,"turns":2},{"damage":26,"enemies":"2 Orb Walkers","floor":42,"turns":3},{"damage":18,"enemies":"3 Darklings","floor":45,"turns":3},{"damage":85,"enemies":"Giant Head","floor":47,"turns":6}],"event_choices":[{"event_name":"Big Fish","player_choice":"Donut","floor":3,"damage_taken":0},{"event_name":"Forgotten Altar","player_choice":"Shed Blood","floor":21,"damage_taken":0},{"event_name":"Ghosts","player_choice":"Ignored","floor":22,"damage_taken":0},{"event_name":"The Library","player_choice":"Heal","floor":28,"damage_taken":0},{"event_name":"Winding Halls","player_choice":"Writhe","floor":36,"damage_taken":0}],"boss_relics":[{"not_picked":["Calling Bell","Runic Dome"],"picked":"Cursed Key"},{"not_picked":["Snecko Eye","Astrolabe"],"picked":"Eternal Feather"}],"potions_floor_spawned":[2,8,10,11,18,29,31,33,40,41],"seed_played":"-1381512728641397356","killed_by":"Giant Head","ascension_level":4,"is_trial":false}