{"path_per_floor":["M","?","M","M","M","$","E","M","T","M","M","M","R","T","R","B",null,"M","$","M","M","M","R","M"],"character_chosen":"DEFECT","items_purchased":["Conserve Battery","Explosive Potion"],"gold_per_floor":[119,119,132,146,166,91,117,131,131,144,157,172,172,172,172,272,272,289,65,76,87,101,101,121,121],"floor_reached":25,"campfire_rested":1,"playtime":1037,"current_hp_per_floor":[72,72,72,73,72,72,64,61,61,63,53,54,54,54,54,40,75,69,69,57,34,19,41,33,0],"items_purged":["Regret","Defend_B"],"gold":121,"score":211,"play_id":"21e65e69-97d3-4c57-84e7-bf6029370ea5","local_time":"20180506174412","is_prod":false,"is_daily":false,"chose_seed":false,"is_ascension_mode":false,"campfire_upgraded":2,"timestamp":1525643052,"path_taken":["M","?","M","M","M","$","E","M","T","M","?","M","R","?","R","BOSS","M","$","M","M","M","R","M","?"],"build_version":"2018-05-03","seed_source_timestamp":1159592669199349,"purchased_purges":2,"victory":false,"master_deck":["Strike_B","Strike_B","Strike_B","Strike_B","Defend_B","Defend_B","Defend_B","Zap","Dualcast","Ball Lightning","Auto Shields","Tempest","Hologram+1","Hyperbeam+1","Barrage","Thunder Strike","Conserve Battery","Capacitor+1","Skim","Barrage+1"],"max_hp_per_floor":[75,75,75,75,75,75,75,75,75,75,75,75,75,75,75,75,75,75,75,75,75,75,75,75,75],"relics":["Philosopher\u0027s Stone","Blood Vial","Matryoshka","Lantern","Frozen Egg 2","Vajra","Dream Catcher","Nuclear Battery"],"card_choices":[{"not_picked":["Leap","Cold Snap"],"picked":"Ball Lightning","floor":1},{"not_picked":["Chaos","Capacitor"],"picked":"Auto Shields","floor":4},{"not_picked":["Cold Snap","Capacitor"],"picked":"Tempest","floor":5},{"not_picked":["Ball Lightning","Undo"],"picked":"Hologram","floor":7},{"not_picked":["Capacitor","Beam Cell"],"picked":"Hyperbeam","floor":8},{"not_picked":["Heatsinks","Doom and Gloom"],"picked":"Barrage","floor":12},{"not_picked":["Creative AI","Redo"],"picked":"Thunder Strike","floor":16},{"not_picked":["Melter","Conserve Battery"],"picked":"Capacitor","floor":20},{"not_picked":["Tempest","Stack"],"picked":"Skim","floor":22},{"not_picked":["Stack","Auto Shields"],"picked":"Barrage","floor":23}],"player_experience":50233,"potions_floor_usage":[5,7,18,21,24,24,25],"damage_taken":[{"damage":3,"enemies":"2 Louse","floor":1,"turns":3},{"damage":2,"enemies":"Jaw Worm","floor":3,"turns":2},{"damage":1,"enemies":"Cultist","floor":4,"turns":3},{"damage":3,"enemies":"Exordium Thugs","floor":5,"turns":4},{"damage":10,"enemies":"Gremlin Nob","floor":7,"turns":3},{"damage":5,"enemies":"Lots of Slimes","floor":8,"turns":4},{"damage":0,"enemies":"Blue Slaver","floor":10,"turns":2},{"damage":12,"enemies":"Gremlin Gang","floor":11,"turns":3},{"damage":1,"enemies":"Exordium Wildlife","floor":12,"turns":4},{"damage":16,"enemies":"Slime Boss","floor":16,"turns":8},{"damage":6,"enemies":"Shell Parasite","floor":18,"turns":3},{"damage":14,"enemies":"Spheric Guardian","floor":20,"turns":4},{"damage":25,"enemies":"3 Cultists","floor":21,"turns":4},{"damage":17,"enemies":"Sentry and Sphere","floor":22,"turns":5},{"damage":10,"enemies":"Centurion and Healer","floor":24,"turns":3},{"damage":40,"enemies":"Snake Plant","floor":25,"turns":2}],"event_choices":[{"event_name":"Big Fish","player_choice":"Box","floor":2,"damage_taken":0}],"boss_relics":[{"not_picked":["Runic Pyramid","Velvet Choker"],"picked":"Nuclear Battery"}],"potions_floor_spawned":[3,4,5,7,11,18,20,22],"seed_played":"6776088570923698705","killed_by":"Snake Plant","ascension_level":0,"is_trial":false}