{"gold_per_floor":[111,111,128,93,105,105,131,131,131,145,145,165,184,204,204,306,306,306,306,306,306,25,25,25,25,25,25,25,25,25,25,25,25,25,25,25,25,25,25,25,25,25,25,25],"floor_reached":44,"playtime":2244,"items_purged":[],"score":591,"play_id":"3993f2c5-69cf-4f3c-97a8-664ccd391693","local_time":"20190423000414","is_ascension_mode":true,"campfire_choices":[{"data":"Leap","floor":6,"key":"SMITH"},{"floor":11,"key":"REST"},{"data":"Stack","floor":15,"key":"SMITH"},{"floor":27,"key":"REST"},{"data":"Multi-Cast","floor":32,"key":"SMITH"},{"data":"Defragment","floor":40,"key":"SMITH"},{"data":"Undo","floor":42,"key":"SMITH"}],"neow_cost":"NONE","seed_source_timestamp":1044981596884900,"circlet_count":0,"master_deck":["Defend_B","Defend_B","Defend_B","Zap","Dualcast+1","Cold Snap","Leap+1","Steam","Stack+1","Multi-Cast+1","Conserve Battery+1","Conserve Battery","Bite","Bite","Bite","Bite","Bite","Leap","Undo+1","Auto Shields+1","Leap+1","Buffer","Darkness+1","Reinforced Body+1","Redo","Defragment+1","White Noise","Undo+1"],"relics":["Empty Cage","Symbiotic Virus","Cables","Ectoplasm","Red Mask","Question Card","Emotion Chip","Kunai","Astrolabe","Ginger","Pantograph"],"potions_floor_usage":[16,20,29,33,33,36],"damage_taken":[{"damage":15,"enemies":"Small Slimes","floor":1,"turns":4},{"damage":3,"enemies":"2 Louse","floor":3,"turns":2},{"damage":0,"enemies":"Jaw Worm","floor":5,"turns":3},{"damage":15,"enemies":"3 Sentries","floor":7,"turns":7},{"damage":3,"enemies":"3 Louse","floor":10,"turns":2},{"damage":4,"enemies":"Looter","floor":12,"turns":3},{"damage":0,"enemies":"Large Slime","floor":13,"turns":3},{"damage":7,"enemies":"Exordium Thugs","floor":14,"turns":2},{"damage":19,"enemies":"Hexaghost","floor":16,"turns":9},{"damage":0,"enemies":"Chosen","floor":18,"turns":3},{"damage":24,"enemies":"Masked Bandits","floor":19,"turns":4},{"damage":2,"enemies":"Colosseum Slavers","floor":20,"turns":3},{"damage":31,"enemies":"Slavers","floor":23,"turns":4},{"damage":14,"enemies":"Shell Parasite","floor":24,"turns":4},{"damage":1,"enemies":"Centurion and Healer","floor":29,"turns":6},{"damage":10,"enemies":"Shelled Parasite and Fungi","floor":31,"turns":2},{"damage":10,"enemies":"Collector","floor":33,"turns":5},{"damage":19,"enemies":"3 Darklings","floor":35,"turns":5},{"damage":0,"enemies":"Mind Bloom Boss Battle","floor":36,"turns":2},{"damage":0,"enemies":"Orb Walker","floor":39,"turns":4},{"damage":0,"enemies":"Spire Growth","floor":41,"turns":4},{"damage":72,"enemies":"Reptomancer","floor":44,"turns":3}],"seed_played":"4083237429484697895","potions_obtained":[{"floor":7,"key":"EssenceOfSteel"},{"floor":13,"key":"Dexterity Potion"},{"floor":14,"key":"FocusPotion"},{"floor":16,"key":"Fire Potion"},{"floor":23,"key":"Block Potion"},{"floor":24,"key":"Dexterity Potion"},{"floor":35,"key":"Fruit Juice"},{"floor":39,"key":"FearPotion"}],"is_trial":false,"path_per_floor":["M","?","M","?","M","R","E","?","T","M","R","M","M","M","R","B",null,"M","?","?","?","$","E","M","?","T","R","?","M","$","M","R","B",null,"M","?","?","$","M","R","M","R","T","E"],"character_chosen":"DEFECT","items_purchased":["Question Card","Leap"],"campfire_rested":2,"item_purchase_floors":[22,22],"current_hp_per_floor":[60,45,42,60,60,60,45,38,38,35,57,53,53,46,46,27,63,63,39,37,37,37,14,10,10,10,25,25,38,38,34,34,32,47,34,43,43,43,49,49,55,55,55,0],"gold":25,"neow_bonus":"BOSS_RELIC","is_prod":false,"is_daily":false,"chose_seed":false,"campfire_upgraded":5,"win_rate":0,"timestamp":1555992254,"path_taken":["M","?","M","?","M","R","E","?","T","M","R","M","M","M","R","BOSS","M","?","?","?","$","E","M","?","T","R","?","M","$","?","R","BOSS","M","?","?","?","M","R","M","R","T","E"],"build_version":"2019-01-23","purchased_purges":0,"victory":false,"max_hp_per_floor":[75,75,75,75,75,75,75,75,75,75,75,75,75,75,75,75,75,75,75,75,52,52,52,52,52,52,52,52,52,52,52,52,52,52,52,57,57,57,57,57,57,57,57,57],"card_choices":[{"not_picked":["Redo","Steam"],"picked":"Ball Lightning","floor":1},{"not_picked":["Stack","Beam Cell"],"picked":"Cold Snap","floor":3},{"not_picked":["Self Repair","Sunder"],"picked":"Leap","floor":5},{"not_picked":["Double Energy","Redo"],"picked":"Tempest","floor":7},{"not_picked":["Recycle","Stack"],"picked":"Steam","floor":10},{"not_picked":["Compile Driver","Steam"],"picked":"Stack","floor":12},{"not_picked":["Sweeping Beam","Steam"],"picked":"Hyperbeam","floor":13},{"not_picked":["Turbo","Rip and Tear","Reboot"],"picked":"SKIP","floor":14},{"not_picked":["Amplify","Creative AI"],"picked":"Multi-Cast","floor":16},{"not_picked":["Streamline","Hologram+1"],"picked":"Conserve Battery+1","floor":18},{"not_picked":["Double Energy","Streamline"],"picked":"Conserve Battery","floor":19},{"not_picked":["Storm","All For One","Chill","Streamline"],"picked":"SKIP","floor":23},{"not_picked":["Leap+1","Sweeping Beam","BootSequence"],"picked":"Undo+1","floor":24},{"not_picked":["Sunder","Consume","Streamline+1"],"picked":"Auto Shields+1","floor":29},{"not_picked":["Ball Lightning","Redo","Beam Cell"],"picked":"Leap+1","floor":31},{"not_picked":["All For One","Fission","Core Surge"],"picked":"Buffer","floor":33},{"not_picked":["Heatsinks+1","Coolheaded+1","Sweeping Beam"],"picked":"Redo","floor":35},{"not_picked":["BootSequence+1","Reprogram+1","Glacier+1"],"picked":"Defragment","floor":36},{"not_picked":["Ball Lightning+1","Gash+1","Streamline"],"picked":"White Noise","floor":39},{"not_picked":["Redo","Rebound+1","Capacitor+1"],"picked":"Undo","floor":41}],"player_experience":354318,"relics_obtained":[{"floor":7,"key":"Symbiotic Virus"},{"floor":9,"key":"Cables"},{"floor":19,"key":"Red Mask"},{"floor":23,"key":"Emotion Chip"},{"floor":26,"key":"Kunai"},{"floor":36,"key":"Ginger"},{"floor":43,"key":"Pantograph"}],"event_choices":[{"damage_healed":0,"gold_gain":0,"player_choice":"Entered Light","damage_taken":15,"max_hp_gain":0,"max_hp_loss":0,"event_name":"Shining Light","floor":2,"gold_loss":0,"cards_upgraded":["Strike_B","Dualcast"]},{"damage_healed":18,"gold_gain":0,"player_choice":"Healed","damage_taken":0,"max_hp_gain":0,"max_hp_loss":0,"event_name":"The Cleric","floor":4,"gold_loss":35},{"cards_removed":["Strike_B"],"damage_healed":0,"gold_gain":0,"player_choice":"Card Removal","damage_taken":7,"max_hp_gain":0,"max_hp_loss":0,"event_name":"Golden Wing","floor":8,"gold_loss":0},{"damage_healed":0,"gold_gain":0,"player_choice":"Fought Bandits","damage_taken":0,"max_hp_gain":0,"max_hp_loss":0,"event_name":"Masked Bandits","floor":19,"gold_loss":0},{"damage_healed":0,"gold_gain":0,"player_choice":"Fight","damage_taken":0,"max_hp_gain":0,"max_hp_loss":0,"event_name":"Colosseum","floor":20,"gold_loss":0},{"damage_healed":0,"gold_gain":0,"player_choice":"Fled From Nobs","damage_taken":0,"max_hp_gain":0,"max_hp_loss":0,"event_name":"Colosseum","floor":20,"gold_loss":0},{"damage_healed":0,"gold_gain":0,"player_choice":"Became a vampire","damage_taken":0,"max_hp_gain":0,"max_hp_loss":23,"event_name":"Vampires","floor":21,"gold_loss":0,"cards_obtained":["Bite","Bite","Bite","Bite","Bite"]},{"damage_healed":0,"gold_gain":99,"player_choice":"Stole From Cult","damage_taken":0,"max_hp_gain":0,"max_hp_loss":0,"event_name":"Nest","floor":28,"gold_loss":0},{"damage_healed":0,"gold_gain":0,"player_choice":"Fight","damage_taken":0,"max_hp_gain":0,"max_hp_loss":0,"event_name":"MindBloom","floor":36,"gold_loss":0},{"cards_removed":["All For One"],"damage_healed":0,"gold_gain":0,"player_choice":"Removed Attack","damage_taken":0,"max_hp_gain":0,"max_hp_loss":0,"event_name":"Falling","floor":37,"gold_loss":0}],"is_beta":false,"boss_relics":[{"not_picked":["Eternal Feather","Runic Pyramid"],"picked":"Ectoplasm"},{"not_picked":["Pandora\u0027s Box","Velvet Choker"],"picked":"Astrolabe"}],"items_purged_floors":[],"is_endless":false,"potions_floor_spawned":[7,13,14,16,20,23,24,35,39],"killed_by":"Reptomancer","ascension_level":5}