{"gold_per_floor":[113,288,92,92,112,112,147,147,147,147,157,174,66,96,96,197,197],"floor_reached":17,"playtime":598,"items_purged":["Regret"],"score":333,"play_id":"fff4f306-e54c-4d38-b648-f4263639b622","local_time":"20190411170610","is_ascension_mode":true,"campfire_choices":[{"data":"Static Discharge","floor":6,"key":"SMITH"},{"data":"Consume","floor":8,"key":"SMITH"},{"data":"Zap","floor":10,"key":"SMITH"},{"floor":15,"key":"REST"}],"neow_cost":"NONE","seed_source_timestamp":74298489678252,"circlet_count":0,"master_deck":["Strike_B","Strike_B","Strike_B","Strike_B","Defend_B","Defend_B","Defend_B","Defend_B","Zap+1","Dualcast","Storm","Doubt","Static Discharge+1","Core Surge","Consume+1","Hello World","Aggregate","Beam Cell","Chill","BootSequence","Electrodynamics"],"relics":["Cracked Core","NeowsBlessing","Symbiotic Virus","Thread and Needle","Bag of Preparation","Pen Nib"],"potions_floor_usage":[16],"damage_taken":[{"damage":0,"enemies":"Small Slimes","floor":1,"turns":1},{"damage":0,"enemies":"Jaw Worm","floor":5,"turns":1},{"damage":0,"enemies":"Gremlin Nob","floor":7,"turns":1},{"damage":3,"enemies":"2 Louse","floor":11,"turns":2},{"damage":4,"enemies":"Large Slime","floor":12,"turns":4},{"damage":24,"enemies":"3 Sentries","floor":14,"turns":5},{"damage":3,"enemies":"The Guardian","floor":16,"turns":8}],"seed_played":"-3595826986708031029","potions_obtained":[{"floor":12,"key":"FairyPotion"},{"floor":14,"key":"EssenceOfSteel"},{"floor":16,"key":"Block Potion"}],"is_trial":false,"path_per_floor":["M","?","$","?","M","R","E","R","T","R","M","M","$","E","R","B",null],"character_chosen":"DEFECT","items_purchased":["Static Discharge","Core Surge","Chill"],"campfire_rested":1,"item_purchase_floors":[3,3,13],"current_hp_per_floor":[68,68,68,68,68,68,68,68,68,68,65,61,61,37,59,56,56],"gold":197,"neow_bonus":"THREE_ENEMY_KILL","is_prod":false,"is_daily":false,"chose_seed":false,"campfire_upgraded":3,"win_rate":0,"timestamp":1555027570,"path_taken":["M","?","$","?","M","R","E","R","T","R","M","M","$","E","R","BOSS"],"build_version":"2019-01-23","purchased_purges":1,"victory":false,"max_hp_per_floor":[75,75,75,75,75,75,75,75,75,75,75,75,75,75,75,75,75],"card_choices":[{"not_picked":["Redo","Cold Snap"],"picked":"Storm","floor":1},{"not_picked":["Hologram","White Noise"],"picked":"Consume","floor":5},{"not_picked":["Darkness","Gash"],"picked":"Hello World","floor":7},{"not_picked":["Rebound","Barrage"],"picked":"Aggregate","floor":11},{"not_picked":["Hologram","Sweeping Beam"],"picked":"Beam Cell","floor":12},{"not_picked":["Rebound","Ball Lightning"],"picked":"BootSequence","floor":14},{"not_picked":["Core Surge","Rainbow"],"picked":"Electrodynamics","floor":16}],"player_experience":556720,"relics_obtained":[{"floor":7,"key":"Thread and Needle"},{"floor":9,"key":"Bag of Preparation"},{"floor":14,"key":"Pen Nib"}],"event_choices":[{"damage_healed":0,"gold_gain":175,"player_choice":"AGREE","damage_taken":0,"max_hp_gain":0,"max_hp_loss":0,"event_name":"Liars Game","floor":2,"gold_loss":0,"cards_obtained":["Doubt"]},{"damage_healed":0,"gold_gain":0,"player_choice":"Box","damage_taken":0,"relics_obtained":["Symbiotic Virus"],"max_hp_gain":0,"max_hp_loss":0,"event_name":"Big Fish","floor":4,"gold_loss":0,"cards_obtained":["Regret"]}],"is_beta":false,"boss_relics":[],"items_purged_floors":[13],"is_endless":false,"potions_floor_spawned":[12,14,16],"ascension_level":8}