{"gold_per_floor":[109,15,28,28,42,42,77,39,65,91,60,79,140,153,153,250,250,240,240,71,89,89],"floor_reached":22,"playtime":1173,"items_purged":[],"score":262,"play_id":"04df48b1-8d8f-4298-bf4b-1b57810d2791","local_time":"20190323233507","is_ascension_mode":true,"campfire_choices":[{"data":"Backflip","floor":6,"key":"SMITH"},{"floor":15,"key":"REST"}],"neow_cost":"NONE","seed_source_timestamp":916778578420241,"circlet_count":0,"master_deck":["Defend_G","Defend_G","Defend_G","Defend_G","Defend_G","Strike_G","Strike_G","Strike_G","Strike_G+1","Strike_G","Survivor","Neutralize+1","All Out Attack+1","Backstab","Flying Knee","Backflip+1","Acrobatics","Tools of the Trade","Heel Hook","Cloak And Dagger","Outmaneuver","Noxious Fumes","Distraction","A Thousand Cuts","Prepared+1","Transmutation","Poisoned Stab"],"relics":["Ring of the Snake","NeowsBlessing","Whetstone","Oddly Smooth Stone","Regal Pillow","Eternal Feather"],"potions_floor_usage":[7,13,13,18,21],"damage_taken":[{"damage":0,"enemies":"Cultist","floor":1,"turns":1},{"damage":0,"enemies":"Jaw Worm","floor":3,"turns":1},{"damage":0,"enemies":"Small Slimes","floor":5,"turns":1},{"damage":22,"enemies":"Gremlin Nob","floor":7,"turns":5},{"damage":22,"enemies":"Lagavulin","floor":10,"turns":7},{"damage":7,"enemies":"Blue Slaver","floor":12,"turns":3},{"damage":0,"enemies":"3 Sentries","floor":13,"turns":2},{"damage":0,"enemies":"Large Slime","floor":14,"turns":5},{"damage":7,"enemies":"The Guardian","floor":16,"turns":14},{"damage":6,"enemies":"2 Thieves","floor":18,"turns":4},{"damage":18,"enemies":"3 Byrds","floor":21,"turns":4},{"damage":40,"enemies":"Masked Bandits","floor":22,"turns":4}],"seed_played":"-2160185427182360184","potions_obtained":[{"floor":1,"key":"Block Potion"},{"floor":7,"key":"SteroidPotion"},{"floor":12,"key":"Strength Potion"},{"floor":16,"key":"EssenceOfSteel"},{"floor":18,"key":"LiquidBronze"}],"is_trial":false,"path_per_floor":["M","$","M","?","M","R","E","$","T","E","?","M","?","M","R","B",null,"M","?","$","M","?"],"character_chosen":"THE_SILENT","items_purchased":["Backstab","Flying Knee","Heel Hook","Transmutation"],"campfire_rested":1,"item_purchase_floors":[2,2,8,20],"current_hp_per_floor":[63,63,63,63,63,63,41,41,41,19,19,12,12,12,48,41,63,57,57,57,39,0],"gold":89,"neow_bonus":"THREE_ENEMY_KILL","is_prod":false,"is_daily":false,"chose_seed":false,"campfire_upgraded":1,"win_rate":0,"timestamp":1553409307,"path_taken":["M","$","M","?","?","R","E","$","T","E","?","M","?","M","R","BOSS","M","?","$","M","?"],"build_version":"2019-01-23","purchased_purges":0,"victory":false,"max_hp_per_floor":[70,70,70,70,70,70,70,70,70,70,70,70,70,70,70,70,70,70,70,70,70,70],"card_choices":[{"not_picked":["Finisher","Riddle With Holes"],"picked":"All Out Attack","floor":1},{"not_picked":["Bane","Dagger Spray"],"picked":"Backflip","floor":3},{"not_picked":["Bane","Deadly Poison"],"picked":"Acrobatics","floor":5},{"not_picked":["Tactician","Deflect"],"picked":"Tools of the Trade","floor":7},{"not_picked":["Grand Finale","Poisoned Stab"],"picked":"Cloak And Dagger","floor":10},{"not_picked":["Deflect","Cloak And Dagger"],"picked":"Outmaneuver","floor":12},{"not_picked":["Terror","Acrobatics"],"picked":"Noxious Fumes","floor":13},{"not_picked":["Outmaneuver","Slice"],"picked":"Distraction","floor":14},{"not_picked":["Night Terror","Envenom"],"picked":"A Thousand Cuts","floor":16},{"not_picked":["Blur","Expertise"],"picked":"Prepared+1","floor":18},{"not_picked":["Acrobatics","Catalyst"],"picked":"Poisoned Stab","floor":21}],"player_experience":408404,"relics_obtained":[{"floor":7,"key":"Whetstone"},{"floor":10,"key":"Oddly Smooth Stone"},{"floor":13,"key":"Regal Pillow"}],"event_choices":[{"damage_healed":0,"gold_gain":0,"player_choice":"Upgraded","damage_taken":0,"max_hp_gain":0,"max_hp_loss":0,"event_name":"Upgrade Shrine","floor":4,"gold_loss":0,"cards_upgraded":["Neutralize"]},{"damage_healed":0,"gold_gain":0,"player_choice":"Left Gold","damage_taken":0,"max_hp_gain":0,"max_hp_loss":0,"event_name":"World of Goop","floor":11,"gold_loss":31},{"damage_healed":0,"gold_gain":0,"player_choice":"Searched \u00271\u0027 times","damage_taken":0,"max_hp_gain":0,"max_hp_loss":0,"event_name":"Dead Adventurer","floor":13,"gold_loss":0},{"damage_healed":0,"gold_gain":0,"player_choice":"Ignored","damage_taken":0,"max_hp_gain":0,"max_hp_loss":0,"event_name":"Ghosts","floor":19,"gold_loss":0},{"damage_healed":0,"gold_gain":0,"player_choice":"Fought Bandits","damage_taken":0,"max_hp_gain":0,"max_hp_loss":0,"event_name":"Masked Bandits","floor":22,"gold_loss":0}],"is_beta":false,"boss_relics":[{"not_picked":["Orrery","Fusion Hammer"],"picked":"Eternal Feather"}],"items_purged_floors":[],"is_endless":false,"potions_floor_spawned":[1,7,12,16,18],"killed_by":"Masked Bandits","ascension_level":7}