{"gold_per_floor":[359,534,609,41,6,16,29,62,110,110,10,22,22,39,39,39],"floor_reached":16,"playtime":345,"items_purged":["Doubt","Strike_R"],"score":170,"play_id":"b99f9895-c25a-4922-b8c8-f71e110c466c","local_time":"20190430123321","is_ascension_mode":true,"campfire_choices":[{"data":"Bouncing Flask","floor":10,"key":"SMITH"},{"data":"True Grit","floor":13,"key":"SMITH"},{"floor":15,"key":"REST"}],"neow_cost":"TEN_PERCENT_HP_LOSS","seed_source_timestamp":9018584323300,"circlet_count":0,"master_deck":["AscendersBane","Strike_R","Strike_R","Strike_R","Strike_R","Defend_R","Defend_R","Defend_R","Defend_R","Bash","Whirlwind","True Grit+1","Bouncing Flask+1","Sword Boomerang","Hyperbeam","Prepared","Corruption"],"relics":["Burning Blood","PrismaticShard","Matryoshka","Blood Vial","Bronze Scales","Juzu Bracelet"],"potions_floor_usage":[16],"damage_taken":[{"damage":9,"enemies":"Jaw Worm","floor":1,"turns":4},{"damage":0,"enemies":"Small Slimes","floor":6,"turns":3},{"damage":12,"enemies":"2 Louse","floor":7,"turns":3},{"damage":48,"enemies":"Gremlin Nob","floor":8,"turns":5},{"damage":6,"enemies":"Blue Slaver","floor":12,"turns":3},{"damage":4,"enemies":"3 Louse","floor":14,"turns":2},{"damage":55,"enemies":"Hexaghost","floor":16,"turns":7}],"seed_played":"-2381494627857885987","potions_obtained":[{"floor":8,"key":"LiquidBronze"}],"is_trial":false,"path_per_floor":["M","?","?","$","?","M","M","E","T","R","$","M","R","M","R","B"],"character_chosen":"IRONCLAD","items_purchased":["PrismaticShard","Matryoshka","True Grit"],"campfire_rested":1,"item_purchase_floors":[4,4,4],"current_hp_per_floor":[65,65,54,54,68,68,62,20,20,20,20,22,22,26,46,0],"gold":39,"neow_bonus":"TWO_FIFTY_GOLD","is_prod":false,"is_daily":false,"chose_seed":false,"campfire_upgraded":2,"win_rate":0,"timestamp":1556598801,"path_taken":["M","?","?","$","?","M","M","E","T","R","?","M","R","M","R","BOSS"],"build_version":"2019-01-23","purchased_purges":2,"victory":false,"max_hp_per_floor":[68,68,68,68,68,68,68,68,68,68,68,68,68,68,68,68],"card_choices":[{"not_picked":["Perfected Strike","Clothesline"],"picked":"Whirlwind","floor":1},{"not_picked":["Deadly Poison","Compile Driver"],"picked":"Bouncing Flask","floor":6},{"not_picked":["Cleave","Streamline"],"picked":"Sword Boomerang","floor":7},{"not_picked":["Headbutt","Auto Shields"],"picked":"Hyperbeam","floor":8},{"not_picked":["Barrage","Compile Driver"],"picked":"Prepared","floor":12},{"not_picked":["Well Laid Plans","Body Slam"],"picked":"Corruption","floor":14}],"player_experience":561657,"relics_obtained":[{"floor":8,"key":"Blood Vial"},{"floor":9,"key":"Bronze Scales"},{"floor":9,"key":"Juzu Bracelet"}],"event_choices":[{"damage_healed":0,"gold_gain":175,"player_choice":"AGREE","damage_taken":0,"max_hp_gain":0,"max_hp_loss":0,"event_name":"Liars Game","floor":2,"gold_loss":0,"cards_obtained":["Doubt"]},{"damage_healed":0,"gold_gain":75,"player_choice":"Gather Gold","damage_taken":11,"max_hp_gain":0,"max_hp_loss":0,"event_name":"World of Goop","floor":3,"gold_loss":0},{"damage_healed":17,"gold_gain":0,"player_choice":"Healed","damage_taken":0,"max_hp_gain":0,"max_hp_loss":0,"event_name":"The Cleric","floor":5,"gold_loss":35}],"is_beta":false,"boss_relics":[],"items_purged_floors":[4,11],"is_endless":false,"potions_floor_spawned":[8],"killed_by":"Hexaghost","ascension_level":14}