{"gold_per_floor":[115,115,131,143,154,154,80,80,153,186,461,461,479,490,490,590,590,610,610,621,124,124,124,140,156,156,156],"floor_reached":27,"playtime":778,"items_purged":["Regret"],"score":265,"play_id":"ce5ddf22-2cbc-4ca9-863f-321a8b3c2a53","local_time":"20190309115058","is_ascension_mode":false,"campfire_choices":[{"data":"Consume","floor":6.0,"key":"SMITH"},{"data":"Sunder","floor":8.0,"key":"SMITH"},{"data":"Loop","floor":12.0,"key":"SMITH"},{"floor":15.0,"key":"REST"},{"floor":23.0,"key":"REST"}],"neow_cost":"NONE","seed_source_timestamp":0,"circlet_count":0,"master_deck":["Strike_B","Strike_B","Strike_B","Strike_B","Defend_B","Defend_B","Defend_B","Defend_B","Zap","Dualcast","Hologram","Sweeping Beam","Consume+1","Sunder+1","Loop+1","Gash","Electrodynamics","Echo Form","Ball Lightning","White Noise","Biased Cognition","Good Instincts","Core Surge","Gash+1","Steam"],"special_seed":0,"relics":["Cracked Core"],"potions_floor_usage":[25,27],"damage_taken":[{"damage":3.0,"enemies":"Small Slimes","floor":1.0,"turns":3.0},{"damage":5.0,"enemies":"Cultist","floor":3.0,"turns":4.0},{"damage":0.0,"enemies":"2 Louse","floor":4.0,"turns":2.0},{"damage":13.0,"enemies":"Exordium Wildlife","floor":5.0,"turns":3.0},{"damage":27.0,"enemies":"Gremlin Nob","floor":10.0,"turns":4.0},{"damage":12.0,"enemies":"2 Fungi Beasts","floor":13.0,"turns":2.0},{"damage":12.0,"enemies":"3 Louse","floor":14.0,"turns":3.0},{"damage":3.0,"enemies":"Slime Boss","floor":16.0,"turns":6.0},{"damage":22.0,"enemies":"3 Byrds","floor":18.0,"turns":3.0},{"damage":28.0,"enemies":"Shell Parasite","floor":20.0,"turns":5.0},{"damage":20.0,"enemies":"Centurion and Healer","floor":24.0,"turns":6.0},{"damage":13,"enemies":"3 Cultists","floor":25,"turns":3},{"damage":10,"enemies":"Sentry and Sphere","floor":27,"turns":3}],"seed_played":"-6155429486555689602","potions_obtained":[{"floor":4.0,"key":"GamblersBrew"},{"floor":14.0,"key":"Dexterity Potion"},{"floor":20.0,"key":"FocusPotion"},{"floor":25,"key":"Block Potion"}],"is_trial":false,"path_per_floor":["M","$","M","M","M","R","$","R","T","E","?","R","M","M","R","B",null,"M","?","M","$","?","R","M","M","T","M"],"character_chosen":"DEFECT","items_purchased":["Sunder","Biased Cognition","Good Instincts","Core Surge"],"campfire_rested":2,"item_purchase_floors":[7,21,21,21],"current_hp_per_floor":[79,79,74,74,61,61,61,61,61,34,34,34,22,10,34,31,82,60,44,16,16,16,42,22,9,9,0],"gold":156,"neow_bonus":"TEN_PERCENT_HP_BONUS","is_prod":false,"is_daily":false,"chose_seed":false,"campfire_upgraded":3,"win_rate":0,"timestamp":1552150258,"path_taken":["M","$","M","M","M","R","$","R","T","E","?","R","M","?","R","BOSS","M","?","M","$","?","R","M","M","T","M"],"build_version":"2019-01-23","purchased_purges":1,"victory":false,"max_hp_per_floor":[82,82,82,82,82,82,82,82,82,82,82,82,82,82,82,82,82,82,87,87,87,87,87,87,87,87,87],"card_choices":[{"not_picked":["Rebound","Streamline"],"picked":"Hologram","floor":1.0},{"not_picked":["Barrage","Conserve Battery"],"picked":"Sweeping Beam","floor":3.0},{"not_picked":["Auto Shields","Cold Snap"],"picked":"Consume","floor":4.0},{"not_picked":["Go for the Eyes","Compile Driver","Storm"],"picked":"SKIP","floor":5.0},{"not_picked":["Gash","Scrape","Loop"],"picked":"SKIP","floor":10.0},{"not_picked":["Gash","Scrape"],"picked":"Loop","floor":10.0},{"not_picked":["Sweeping Beam","Force Field"],"picked":"Gash","floor":13.0},{"not_picked":["Leap","Auto Shields"],"picked":"Electrodynamics","floor":14.0},{"not_picked":["Reboot","Fission"],"picked":"Echo Form","floor":16.0},{"not_picked":["Stack","Streamline+1"],"picked":"Ball Lightning","floor":18.0},{"not_picked":["Gash","Tempest+1"],"picked":"White Noise","floor":20.0},{"not_picked":["Genetic Algorithm","Rebound"],"picked":"Gash+1","floor":24.0},{"not_picked":["Conserve Battery","Go for the Eyes+1"],"picked":"Steam","floor":25}],"player_experience":863086,"relics_obtained":[],"event_choices":[{"damage_healed":0.0,"max_hp_gain":0.0,"max_hp_loss":0.0,"gold_gain":275.0,"event_name":"Golden Shrine","player_choice":"Desecrate","floor":11.0,"gold_loss":0.0,"damage_taken":0.0,"cards_obtained":["Regret"]},{"damage_healed":0.0,"max_hp_gain":5.0,"max_hp_loss":0.0,"gold_gain":0.0,"event_name":"Forgotten Altar","player_choice":"Shed Blood","floor":19.0,"gold_loss":0.0,"damage_taken":21.0},{"damage_healed":0.0,"max_hp_gain":0.0,"max_hp_loss":0.0,"gold_gain":0.0,"event_name":"Beggar","player_choice":"Ignored","floor":22.0,"gold_loss":0.0,"damage_taken":0.0}],"is_beta":false,"boss_relics":[{"not_picked":[]}],"items_purged_floors":[21],"is_endless":false,"potions_floor_spawned":[4,10,14,20,25],"killed_by":"Sentry and Sphere","ascension_level":0}