{"gold_per_floor":[114,74,74,74,6,36,51,51,101,116,191,191,141,156,156,256,256,271,286,301,246,246,246],"floor_reached":23,"playtime":827,"items_purged":[],"score":264,"play_id":"cf16b5f2-6f11-4590-b276-2aef4889cd3b","local_time":"20180731123441","daily_mods":["Brewmaster","Time Dilation","Hoarder"],"is_ascension_mode":false,"campfire_choices":[{"data":"Body Slam","floor":8,"key":"SMITH"},{"data":"Body Slam","floor":12,"key":"SMITH"},{"data":"Body Slam","floor":15,"key":"SMITH"}],"neow_cost":"","seed_source_timestamp":0,"circlet_count":0,"master_deck":["Strike_R","Strike_R","Strike_R","Strike_R","Strike_R","Defend_R","Defend_R","Defend_R","Defend_R","Bash","Venomology","Venomology","Venomology","Venomology","Venomology","Venomology","Venomology","Venomology","Venomology","Venomology","Venomology","Venomology","Venomology","Venomology","Venomology","Headbutt","Headbutt","Headbutt","Inflame","Inflame","Inflame","Regret","Regret","Regret","Flex","Flex","Flex","Body Slam+1","Body Slam+1","Body Slam+1","Battle Trance","Battle Trance","Battle Trance","Havoc","Havoc","Havoc","Spot Weakness","Spot Weakness","Spot Weakness","Demon Form","Demon Form","Demon Form","Anger+1","Anger+1","Anger+1","Pummel","Pummel","Pummel"],"special_seed":17743,"relics":["Burning Blood","White Beast Statue","Blood Vial","Charon\u0027s Ashes","Turnip","Bag of Marbles","Black Star","Tiny Chest","StoneCalendar"],"potions_floor_usage":[1,1,1,1,6,6,6,6,6,6,6,6,6,7,7,7,10,10,10,10,10,14,16,16,16,16,16,16,16,16,16,18,18,18,18,18,19,20,20,20,23,23,23,23],"damage_taken":[{"damage":6,"enemies":"Cultist","floor":1,"turns":6},{"damage":15,"enemies":"3 Sentries","floor":6,"turns":4},{"damage":0,"enemies":"Small Slimes","floor":7,"turns":3},{"damage":1,"enemies":"2 Louse","floor":10,"turns":1},{"damage":0,"enemies":"Blue Slaver","floor":14,"turns":1},{"damage":55,"enemies":"The Guardian","floor":16,"turns":7},{"damage":19,"enemies":"3 Byrds","floor":18,"turns":4},{"damage":26,"enemies":"Chosen","floor":19,"turns":4},{"damage":0,"enemies":"Snake Plant","floor":20,"turns":2},{"damage":82,"enemies":"Gremlin Leader","floor":23,"turns":4}],"seed_played":"4161929215003559377","potions_obtained":[{"floor":1,"key":"FairyPotion"},{"floor":10,"key":"AttackPotion"},{"floor":14,"key":"FearPotion"},{"floor":16,"key":"Swift Potion"},{"floor":19,"key":"Poison Potion"},{"floor":20,"key":"Block Potion"}],"is_trial":false,"path_per_floor":["M","$","?","?","$","E","M","R","T","M","?","R","$","M","R","B",null,"M","M","M","?","?"],"character_chosen":"IRONCLAD","items_purchased":["Inflame","Flex","Body Slam","Havoc"],"campfire_rested":0,"item_purchase_floors":[2,5,5,13],"current_hp_per_floor":[80,80,77,77,77,70,78,78,78,80,69,69,69,77,77,30,80,67,49,57,57,57,0],"gold":246,"neow_bonus":"","is_prod":false,"is_daily":true,"chose_seed":false,"campfire_upgraded":3,"win_rate":0,"timestamp":1533054881,"path_taken":["M","$","?","?","?","E","?","R","T","M","?","R","$","?","R","BOSS","M","M","M","?","?","E"],"build_version":"2018-07-30","purchased_purges":0,"victory":false,"max_hp_per_floor":[80,80,80,80,80,80,80,80,80,80,80,80,80,80,80,80,80,80,80,80,80,80,80],"card_choices":[{"not_picked":["Shrug It Off","Blood for Blood"],"picked":"Headbutt","floor":1},{"not_picked":["Bloodletting","Headbutt","Warcry"],"picked":"SKIP","floor":6},{"not_picked":["Twin Strike","Iron Wave"],"picked":"Battle Trance","floor":7},{"not_picked":["Fire Breathing","Thunderclap","Whirlwind"],"picked":"SKIP","floor":10},{"not_picked":["Power Through","Body Slam"],"picked":"Spot Weakness","floor":14},{"not_picked":["Juggernaut","Exhume"],"picked":"Demon Form","floor":16},{"not_picked":["Thunderclap","Headbutt"],"picked":"Anger+1","floor":18},{"not_picked":["Intimidate","Hemokinesis"],"picked":"Pummel","floor":19},{"not_picked":["Uppercut","Sentinel","Anger+1"],"picked":"SKIP","floor":20}],"player_experience":173589,"relics_obtained":[{"floor":6,"key":"Turnip"},{"floor":9,"key":"Bag of Marbles"}],"event_choices":[{"event_name":"Scrap Ooze","player_choice":"success","floor":3,"damage_taken":3},{"event_name":"Big Fish","player_choice":"Box","floor":4,"damage_taken":0},{"event_name":"World of Goop","player_choice":"Gather Gold","floor":11,"damage_taken":0},{"event_name":"Addict","player_choice":"Obtained Relic","floor":21,"damage_taken":0},{"event_name":"WeMeetAgain","player_choice":"Potion","floor":22,"damage_taken":0}],"is_beta":true,"boss_relics":[{"not_picked":["Coffee Dripper","Runic Pyramid"],"picked":"Black Star"}],"items_purged_floors":[],"is_endless":false,"potions_floor_spawned":[1,6,7,10,14,16,18,19,20],"killed_by":"Gremlin Leader","ascension_level":0}