{"gold_per_floor":[109,121,121,141,113,113,169,169,169,134,153,177,201,222,222,343,343,343],"floor_reached":18,"playtime":1694,"items_purged":[],"score":154,"play_id":"ba425a98-039b-465a-b343-99b2238a7e4a","local_time":"20190312051641","is_ascension_mode":false,"campfire_choices":[{"data":"Quick Slash","floor":6.0,"key":"SMITH"},{"data":"Riddle With Holes","floor":8.0,"key":"SMITH"},{"floor":15,"key":"REST"}],"neow_cost":"PERCENT_DAMAGE","seed_source_timestamp":0,"circlet_count":0,"master_deck":["Deadly Poison","Defend_G","Defend_G","Defend_G","Defend_G","Defend_G","Injury","Neutralize","Noxious Fumes","Poisoned Stab","Predator","Quick Slash+1","Riddle With Holes+1","Strike_G","Strike_G","Strike_G","Strike_G","Strike_G","Survivor","Envenom"],"special_seed":0,"relics":["Ring of the Snake","Golden Idol","Tiny Chest","Kunai","Runic Pyramid"],"potions_floor_usage":[14,14],"damage_taken":[{"damage":5.0,"enemies":"Cultist","floor":1.0,"turns":6.0},{"damage":0.0,"enemies":"Jaw Worm","floor":2.0,"turns":3.0},{"damage":0.0,"enemies":"2 Louse","floor":4.0,"turns":3.0},{"damage":8.0,"enemies":"Exordium Wildlife","floor":11.0,"turns":5.0},{"damage":0,"enemies":"Blue Slaver","floor":12,"turns":4},{"damage":8,"enemies":"2 Fungi Beasts","floor":13,"turns":4},{"damage":10,"enemies":"Lots of Slimes","floor":14,"turns":4},{"damage":53,"enemies":"Slime Boss","floor":16,"turns":13},{"damage":14,"enemies":"Shell Parasite","floor":18,"turns":4}],"seed_played":"2466853373544172125","potions_obtained":[{"floor":2.0,"key":"Fire Potion"},{"floor":4.0,"key":"Dexterity Potion"},{"floor":12,"key":"Dexterity Potion"}],"is_trial":false,"path_per_floor":["M","M","?","M","?","R","T","R","T","$","M","M","M","M","R","B",null,"M"],"character_chosen":"THE_SILENT","items_purchased":["Predator"],"campfire_rested":1,"item_purchase_floors":[10],"current_hp_per_floor":[58,58,58,58,58,58,58,58,58,58,50,50,42,32,57,4,84,70],"gold":343,"neow_bonus":"TWENTY_PERCENT_HP_BONUS","is_prod":false,"is_daily":false,"chose_seed":false,"campfire_upgraded":2,"win_rate":0.0,"timestamp":1552385801,"path_taken":["M","M","?","M","?","R","?","R","T","$","M","?","M","M","R","BOSS","M"],"build_version":"2019-01-23","purchased_purges":0,"victory":false,"max_hp_per_floor":[84,84,84,84,84,84,84,84,84,84,84,84,84,84,84,84,84,84],"card_choices":[{"not_picked":["Dagger Spray","All Out Attack"],"picked":"Riddle With Holes","floor":1.0},{"not_picked":["Acrobatics","Masterful Stab","Escape Plan"],"picked":"SKIP","floor":2.0},{"not_picked":["Dagger Spray","Prepared"],"picked":"Quick Slash","floor":4.0},{"not_picked":["Dodge and Roll","Prepared","Tactician"],"picked":"SKIP","floor":11},{"not_picked":["Sucker Punch","Tactician"],"picked":"Noxious Fumes","floor":12},{"not_picked":["Noxious Fumes","Dagger Throw"],"picked":"Deadly Poison","floor":13},{"not_picked":["Underhanded Strike","Deadly Poison"],"picked":"Poisoned Stab","floor":14},{"not_picked":["Bullet Time","Storm of Steel"],"picked":"Envenom","floor":16}],"player_experience":55018,"relics_obtained":[{"floor":7.0,"key":"Tiny Chest"},{"floor":9.0,"key":"Kunai"}],"event_choices":[{"damage_healed":0.0,"max_hp_gain":0.0,"max_hp_loss":0.0,"gold_gain":0.0,"event_name":"Golden Idol","player_choice":"Take Wound","floor":3.0,"gold_loss":0.0,"damage_taken":0.0,"relics_obtained":["Golden Idol"],"cards_obtained":["Injury"]},{"damage_healed":0.0,"max_hp_gain":0.0,"max_hp_loss":0.0,"gold_gain":0.0,"event_name":"World of Goop","player_choice":"Left Gold","floor":5.0,"gold_loss":28.0,"damage_taken":0.0}],"is_beta":false,"boss_relics":[{"not_picked":["Velvet Choker","Cursed Key"],"picked":"Runic Pyramid"}],"items_purged_floors":[],"is_endless":false,"potions_floor_spawned":[2,4,12],"killed_by":"Shell Parasite","ascension_level":0}