{"gold_per_floor":[119,119,194,205,205,205,205,235,314,58,93,104,104,50,50,50],"floor_reached":16,"playtime":239,"items_purged":[],"score":262,"play_id":"fafa3e2b-5a0b-4a6e-bf63-45650d01c1e6","local_time":"20190321132012","is_ascension_mode":true,"campfire_choices":[{"data":"Neutralize","floor":6,"key":"SMITH"},{"data":"Blade Dance","floor":13,"key":"SMITH"},{"data":"Accuracy","floor":15,"key":"SMITH"}],"neow_cost":"NONE","seed_source_timestamp":68460369112235,"circlet_count":0,"master_deck":["AscendersBane","Defend_G","Defend_G","Defend_G","Defend_G","Defend_G","Strike_G","Strike_G","Strike_G","Strike_G","Strike_G","Survivor","Neutralize+1","Accuracy+1","Poisoned Stab","Cloak And Dagger","Blade Dance+1","Bane"],"relics":["Ring of the Snake","NeowsBlessing","Regal Pillow","Paper Crane","TwistedFunnel","Unceasing Top"],"potions_floor_usage":[11,16],"damage_taken":[{"damage":0,"enemies":"2 Louse","floor":1,"turns":1},{"damage":0,"enemies":"Jaw Worm","floor":4,"turns":1},{"damage":0,"enemies":"3 Sentries","floor":8,"turns":1},{"damage":22,"enemies":"Gremlin Nob","floor":11,"turns":4},{"damage":4,"enemies":"Small Slimes","floor":12,"turns":3},{"damage":30,"enemies":"Slime Boss","floor":16,"turns":6}],"seed_played":"8458740074326543715","potions_obtained":[{"floor":1,"key":"Explosive Potion"},{"floor":11,"key":"Poison Potion"}],"is_trial":false,"path_per_floor":["M","$","?","M","?","R","?","E","T","$","E","M","R","$","R","B"],"character_chosen":"THE_SILENT","items_purchased":["TwistedFunnel","Cloak And Dagger","Bane"],"campfire_rested":0,"item_purchase_floors":[10,10,14],"current_hp_per_floor":[59,59,48,48,66,66,66,66,66,66,44,40,40,40,40,10],"gold":50,"neow_bonus":"THREE_ENEMY_KILL","is_prod":false,"is_daily":false,"chose_seed":false,"campfire_upgraded":3,"win_rate":0,"timestamp":1553188812,"path_taken":["M","$","?","M","?","R","?","E","T","?","E","?","R","$","R","BOSS"],"build_version":"2019-01-23","purchased_purges":0,"victory":false,"max_hp_per_floor":[66,66,66,66,66,66,66,66,66,66,66,66,66,66,66,66],"card_choices":[{"not_picked":["Dodge and Roll","Prepared"],"picked":"Accuracy","floor":1},{"not_picked":["Sucker Punch","Quick Slash","Eviscerate"],"picked":"SKIP","floor":4},{"not_picked":["Flying Knee","PiercingWail"],"picked":"Poisoned Stab","floor":8},{"not_picked":["Dagger Throw","Sucker Punch","Dagger Spray"],"picked":"SKIP","floor":11},{"not_picked":["Burst","Dodge and Roll"],"picked":"Blade Dance","floor":12}],"player_experience":875677,"relics_obtained":[{"floor":8,"key":"Regal Pillow"},{"floor":9,"key":"Paper Crane"},{"floor":11,"key":"Unceasing Top"}],"event_choices":[{"damage_healed":0,"gold_gain":75,"player_choice":"Gather Gold","damage_taken":11,"max_hp_gain":0,"max_hp_loss":0,"event_name":"World of Goop","floor":3,"gold_loss":0},{"damage_healed":22,"gold_gain":0,"player_choice":"Banana","damage_taken":0,"max_hp_gain":0,"max_hp_loss":0,"event_name":"Big Fish","floor":5,"gold_loss":0},{"damage_healed":0,"gold_gain":0,"player_choice":"Searched \u00270\u0027 times","damage_taken":0,"max_hp_gain":0,"max_hp_loss":0,"event_name":"Dead Adventurer","floor":7,"gold_loss":0}],"is_beta":false,"boss_relics":[],"items_purged_floors":[],"is_endless":false,"potions_floor_spawned":[1,11],"killed_by":"Slime Boss","ascension_level":20}