{"gold_per_floor":[109,127,27,38,49,49,59,59,59,59,59,91,109,136,136,136],"floor_reached":16,"playtime":335,"items_purged":[],"score":274,"play_id":"4de8e083-8cfd-4ce2-81bc-3e563b21689e","local_time":"20190415142640","is_ascension_mode":true,"campfire_choices":[{"data":"Dagger Spray","floor":6,"key":"SMITH"},{"data":"Storm of Steel","floor":10,"key":"SMITH"},{"floor":15,"key":"REST"}],"neow_cost":"NONE","seed_source_timestamp":420423682677809,"circlet_count":0,"master_deck":["AscendersBane","Defend_G+1","Defend_G","Defend_G+1","Defend_G","Defend_G","Strike_G","Strike_G","Strike_G","Strike_G","Strike_G","Survivor","Neutralize","Infinite Blades","Backstab","Slice","Blade Dance","Dagger Spray+1","Storm of Steel+1","Dash","Backstab"],"relics":["Ring of the Snake","NeowsBlessing","Mummified Hand","Darkstone Periapt","Oddly Smooth Stone"],"potions_floor_usage":[5,12],"damage_taken":[{"damage":0,"enemies":"Cultist","floor":1,"turns":1},{"damage":0,"enemies":"2 Louse","floor":2,"turns":1},{"damage":0,"enemies":"Small Slimes","floor":4,"turns":1},{"damage":12,"enemies":"Exordium Thugs","floor":5,"turns":6},{"damage":6,"enemies":"Exordium Wildlife","floor":7,"turns":3},{"damage":0,"enemies":"Gremlin Nob","floor":12,"turns":2},{"damage":3,"enemies":"Blue Slaver","floor":13,"turns":3},{"damage":25,"enemies":"Lagavulin","floor":14,"turns":5},{"damage":34,"enemies":"Hexaghost","floor":16,"turns":9}],"seed_played":"2870343535356366979","potions_obtained":[{"floor":1,"key":"Energy Potion"},{"floor":7,"key":"Fire Potion"}],"is_trial":false,"path_per_floor":["M","M","$","M","M","R","M","?","T","R","?","E","M","E","R","B"],"character_chosen":"THE_SILENT","items_purchased":["Backstab","Slice"],"campfire_rested":1,"item_purchase_floors":[3,3],"current_hp_per_floor":[59,59,59,59,47,47,41,63,63,63,43,43,40,15,34,0],"gold":136,"neow_bonus":"THREE_ENEMY_KILL","is_prod":false,"is_daily":false,"chose_seed":false,"campfire_upgraded":2,"win_rate":0,"timestamp":1555352800,"path_taken":["M","?","?","?","M","R","M","?","T","R","?","E","M","E","R","BOSS"],"build_version":"2019-01-23","purchased_purges":0,"victory":false,"max_hp_per_floor":[66,66,66,66,66,66,66,66,66,66,66,66,66,66,66,66],"card_choices":[{"not_picked":["Bane","PiercingWail"],"picked":"Infinite Blades","floor":1},{"not_picked":["Dagger Throw","Reflex","Quick Slash"],"picked":"SKIP","floor":2},{"not_picked":["Deflect","PiercingWail"],"picked":"Blade Dance","floor":4},{"not_picked":["Tactician","Outmaneuver"],"picked":"Dagger Spray","floor":5},{"not_picked":["Sucker Punch","Slice"],"picked":"Storm of Steel","floor":7},{"not_picked":["Distraction","Blade Dance"],"picked":"Dash","floor":12},{"not_picked":["Deadly Poison","Dagger Throw","Dodge and Roll"],"picked":"SKIP","floor":13},{"not_picked":["Prepared","Bane"],"picked":"Backstab","floor":14}],"player_experience":896117,"relics_obtained":[{"floor":9,"key":"Mummified Hand"},{"floor":12,"key":"Darkstone Periapt"},{"floor":14,"key":"Oddly Smooth Stone"}],"event_choices":[{"damage_healed":22,"gold_gain":0,"player_choice":"Banana","damage_taken":0,"max_hp_gain":0,"max_hp_loss":0,"event_name":"Big Fish","floor":8,"gold_loss":0},{"damage_healed":0,"gold_gain":0,"player_choice":"Entered Light","damage_taken":20,"max_hp_gain":0,"max_hp_loss":0,"event_name":"Shining Light","floor":11,"gold_loss":0,"cards_upgraded":["Defend_G","Defend_G"]}],"is_beta":false,"boss_relics":[],"items_purged_floors":[],"is_endless":false,"potions_floor_spawned":[1,7],"killed_by":"Hexaghost","ascension_level":20}