{"gold_per_floor":[111,111,138,154,154,154,198,212,264,299,320,320],"floor_reached":12,"playtime":599,"items_purged":[],"score":88,"play_id":"3ba3de98-31c2-44da-8173-a4956d4add7a","local_time":"20190217125922","is_ascension_mode":false,"campfire_choices":[{"floor":6,"key":"REST"}],"neow_cost":"NONE","seed_source_timestamp":67662421466183,"circlet_count":0,"master_deck":["Strike_B","Strike_B","Strike_B","Strike_B","Defend_B","Defend_B","Defend_B","Defend_B","Zap","Dualcast","Ball Lightning","Redo+1","Sweeping Beam","Storm","Loop","Cold Snap"],"relics":["Runic Pyramid","Golden Idol","Bag of Marbles","Mercury Hourglass","Dream Catcher","Oddly Smooth Stone"],"potions_floor_usage":[],"damage_taken":[{"damage":11,"enemies":"2 Louse","floor":1,"turns":3},{"damage":6,"enemies":"Jaw Worm","floor":4,"turns":3},{"damage":25,"enemies":"Gremlin Nob","floor":7,"turns":4},{"damage":0,"enemies":"Cultist","floor":8,"turns":3},{"damage":16,"enemies":"Lagavulin","floor":10,"turns":5},{"damage":14,"enemies":"3 Louse","floor":11,"turns":2},{"damage":10,"enemies":"Large Slime","floor":12,"turns":3}],"seed_played":"3739975685598828980","potions_obtained":[{"floor":1,"key":"SkillPotion"},{"floor":7,"key":"LiquidBronze"},{"floor":10,"key":"Poison Potion"}],"is_trial":false,"path_per_floor":["M","?","T","M","?","R","E","M","T","E","M","M"],"character_chosen":"DEFECT","items_purchased":[],"campfire_rested":1,"item_purchase_floors":[],"current_hp_per_floor":[64,46,46,40,40,62,37,37,37,21,7,0],"gold":320,"neow_bonus":"BOSS_RELIC","is_prod":false,"is_daily":false,"chose_seed":false,"campfire_upgraded":0,"win_rate":0.0,"timestamp":1550429962,"path_taken":["M","?","?","?","?","R","E","M","T","E","M","M"],"build_version":"2019-01-23","purchased_purges":0,"victory":false,"max_hp_per_floor":[75,75,75,75,75,75,75,75,75,75,75,75],"card_choices":[{"not_picked":["Reprogram","Streamline"],"picked":"Ball Lightning","floor":1},{"not_picked":["Aggregate","Barrage"],"picked":"Redo","floor":4},{"not_picked":["Fission","Streamline"],"picked":"Sweeping Beam","floor":7},{"not_picked":["Streamline","Steam"],"picked":"Storm","floor":8},{"not_picked":["Scrape","Steam Power"],"picked":"Loop","floor":10},{"not_picked":["Compile Driver","Steam"],"picked":"Cold Snap","floor":11}],"player_experience":11578,"relics_obtained":[{"floor":3,"key":"Bag of Marbles"},{"floor":7,"key":"Mercury Hourglass"},{"floor":9,"key":"Dream Catcher"},{"floor":10,"key":"Oddly Smooth Stone"}],"event_choices":[{"damage_healed":0,"gold_gain":0,"player_choice":"Take Damage","damage_taken":18,"relics_obtained":["Golden Idol"],"max_hp_gain":0,"max_hp_loss":0,"event_name":"Golden Idol","floor":2,"gold_loss":0},{"damage_healed":0,"gold_gain":0,"player_choice":"Grow","damage_taken":0,"max_hp_gain":0,"max_hp_loss":0,"event_name":"Living Wall","floor":5,"gold_loss":0,"cards_upgraded":["Redo"]}],"is_beta":false,"boss_relics":[],"items_purged_floors":[],"is_endless":false,"potions_floor_spawned":[1,7,10],"killed_by":"Large Slime","ascension_level":0}