{"gold_per_floor":[116,36,36,36,36,36,65,82,105,105,105,105,115,144,144,219,219,238,254,50,100,25,25,25,25],"floor_reached":25,"playtime":1558,"items_purged":["Strike_G"],"score":460,"play_id":"2041ac1a-fe6f-497a-bbc0-c41495214a07","local_time":"20190506220939","is_ascension_mode":true,"campfire_choices":[{"data":"Footwork","floor":6.0,"key":"SMITH"},{"data":"Caltrops","floor":10.0,"key":"SMITH"},{"floor":12.0,"key":"REST"},{"data":"Deadly Poison","floor":15,"key":"SMITH"},{"floor":23,"key":"REST"}],"neow_cost":"NONE","seed_source_timestamp":202717202451100,"circlet_count":0,"master_deck":["AscendersBane","Defend_G","Defend_G","Defend_G","Defend_G","Strike_G","Strike_G","Survivor","Neutralize","Footwork+1","Backflip","Quick Slash","Caltrops+1","Dash","Deflect","Deadly Poison+1","Die Die Die","Magnetism"],"special_seed":0,"relics":["Ring of the Snake","NeowsBlessing","Singing Bowl","Anchor","Happy Flower","Letter Opener","Empty Cage","Nloth\u0027s Gift"],"potions_floor_usage":[14,16,18],"damage_taken":[{"damage":0.0,"enemies":"Small Slimes","floor":1.0,"turns":1.0},{"damage":0.0,"enemies":"3 Sentries","floor":7.0,"turns":2.0},{"damage":0.0,"enemies":"Jaw Worm","floor":8.0,"turns":1.0},{"damage":0.0,"enemies":"Cultist","floor":13.0,"turns":5.0},{"damage":33,"enemies":"Lagavulin","floor":14,"turns":7},{"damage":1,"enemies":"Hexaghost","floor":16,"turns":9},{"damage":14,"enemies":"3 Byrds","floor":18,"turns":5},{"damage":6,"enemies":"Shell Parasite","floor":19,"turns":7},{"damage":46,"enemies":"Gremlin Leader","floor":25,"turns":5}],"seed_played":"-4539332707792076054","potions_obtained":[{"floor":7.0,"key":"Block Potion"},{"floor":13.0,"key":"SteroidPotion"},{"floor":14,"key":"Poison Potion"}],"is_trial":false,"path_per_floor":["M","$","?","T","$","R","E","M","T","R","?","R","M","E","R","B",null,"M","M","$","?","$","R","?","E"],"character_chosen":"THE_SILENT","items_purchased":["Backflip","Quick Slash","Magnetism"],"campfire_rested":2,"item_purchase_floors":[2,2,20],"current_hp_per_floor":[59,59,52,52,52,52,52,52,52,52,34,53,53,20,20,19,54,42,38,38,38,38,59,59,13],"gold":25,"neow_bonus":"THREE_ENEMY_KILL","is_prod":false,"is_daily":false,"chose_seed":false,"campfire_upgraded":3,"win_rate":0,"timestamp":1557194979,"path_taken":["M","$","?","?","$","R","E","?","T","R","?","R","M","E","R","BOSS","M","M","$","?","?","R","?","E"],"build_version":"2019-04-23","purchased_purges":1,"victory":false,"max_hp_per_floor":[66,66,66,66,66,66,66,66,66,66,66,66,66,66,66,66,66,68,70,70,70,70,70,70,70],"card_choices":[{"not_picked":["Deadly Poison","Flying Knee"],"picked":"Footwork","floor":1.0},{"not_picked":["Flying Knee","PiercingWail"],"picked":"Caltrops","floor":7.0},{"not_picked":["Prepared","All Out Attack"],"picked":"Dash","floor":8.0},{"not_picked":["Bane","Flying Knee"],"picked":"Deflect","floor":13.0},{"not_picked":["Dagger Spray","Flying Knee"],"picked":"Deadly Poison","floor":14},{"not_picked":["Venomology","Grand Finale"],"picked":"Die Die Die","floor":16},{"not_picked":["Accuracy","Eviscerate","Backflip"],"picked":"Singing Bowl","floor":18},{"not_picked":["Poisoned Stab","Deadly Poison","Bane"],"picked":"Singing Bowl","floor":19}],"player_experience":1414310,"relics_obtained":[{"floor":4.0,"key":"Singing Bowl"},{"floor":7.0,"key":"Anchor"},{"floor":9.0,"key":"Happy Flower"},{"floor":14,"key":"Letter Opener"}],"event_choices":[{"cards_removed":["Strike_G"],"damage_healed":0.0,"max_hp_gain":0.0,"max_hp_loss":0.0,"gold_gain":0.0,"event_name":"Golden Wing","player_choice":"Card Removal","floor":3.0,"gold_loss":0.0,"damage_taken":7.0},{"damage_healed":0.0,"max_hp_gain":0.0,"max_hp_loss":0.0,"gold_gain":0.0,"event_name":"Scrap Ooze","player_choice":"Success","floor":11.0,"gold_loss":0.0,"damage_taken":18.0,"relics_obtained":["Juzu Bracelet"]},{"damage_healed":0,"gold_gain":50,"player_choice":"Pray","damage_taken":0,"max_hp_gain":0,"max_hp_loss":0,"event_name":"Golden Shrine","floor":21,"gold_loss":0},{"damage_healed":0,"gold_gain":0,"player_choice":"Traded Relic","damage_taken":0,"relics_obtained":["Nloth\u0027s Gift"],"max_hp_gain":0,"max_hp_loss":0,"event_name":"N\u0027loth","floor":24,"relics_lost":["Juzu Bracelet"],"gold_loss":0}],"is_beta":true,"boss_relics":[{"not_picked":["Calling Bell","Tiny House"],"picked":"Empty Cage"}],"items_purged_floors":[22],"is_endless":false,"potions_floor_spawned":[7,13,14],"killed_by":"Gremlin Leader","ascension_level":20}