{"gold_per_floor":[110,128,128,146,158,158,170,180,207,224,242,242,259,25,25,124,124,141,141,161,161,13,13,42,42,42,141,157,167,167,187,187,187],"floor_reached":33,"playtime":1945,"items_purged":[],"score":263,"play_id":"2883a88e-ff5f-4656-9bfe-1266947e9881","local_time":"20190318115026","is_ascension_mode":false,"campfire_choices":[{"data":"Accuracy","floor":6,"key":"SMITH"},{"data":"Bouncing Flask","floor":12,"key":"SMITH"},{"data":"Terror","floor":15,"key":"SMITH"},{"floor":25,"key":"REST"},{"floor":32,"key":"REST"}],"neow_cost":"NONE","seed_source_timestamp":441729722744327,"circlet_count":0,"master_deck":["Defend_G","Defend_G","Defend_G","Defend_G","Defend_G","Strike_G","Strike_G","Strike_G","Strike_G","Survivor","Neutralize+1","Cloak And Dagger","Blade Dance","Accuracy+1","Bouncing Flask+1","Outmaneuver","Choke","Finisher","Underhanded Strike","Terror+1","Dagger Throw","Storm of Steel","Poisoned Stab","Bouncing Flask","Heel Hook+1","Acrobatics","Noxious Fumes+1","PiercingWail","Cloak And Dagger"],"relics":["Ring of the Snake","PreservedInsect","Lee\u0027s Waffle","Fusion Hammer","Enchiridion","Happy Flower","The Courier","Art of War","StoneCalendar","Pen Nib"],"potions_floor_usage":[10,16,24,24,28,28,31],"damage_taken":[{"damage":9,"enemies":"Cultist","floor":1,"turns":4},{"damage":4,"enemies":"2 Louse","floor":2,"turns":3},{"damage":0,"enemies":"Jaw Worm","floor":4,"turns":4},{"damage":1,"enemies":"Exordium Wildlife","floor":5,"turns":4},{"damage":4,"enemies":"2 Fungi Beasts","floor":7,"turns":3},{"damage":6,"enemies":"Blue Slaver","floor":8,"turns":4},{"damage":9,"enemies":"Lots of Slimes","floor":10,"turns":3},{"damage":5,"enemies":"Exordium Thugs","floor":11,"turns":3},{"damage":0,"enemies":"2 Fungi Beasts","floor":13,"turns":3},{"damage":26,"enemies":"The Guardian","floor":16,"turns":9},{"damage":16,"enemies":"2 Thieves","floor":18,"turns":4},{"damage":14,"enemies":"Spheric Guardian","floor":20,"turns":4},{"damage":9,"enemies":"Slavers","floor":24,"turns":4},{"damage":10,"enemies":"Centurion and Healer","floor":28,"turns":5},{"damage":15,"enemies":"Snecko","floor":29,"turns":4},{"damage":18,"enemies":"Shelled Parasite and Fungi","floor":31,"turns":5},{"damage":26,"enemies":"Automaton","floor":33,"turns":4}],"seed_played":"3837865080221419757","potions_obtained":[{"floor":4,"key":"Dexterity Potion"},{"floor":5,"key":"FearPotion"},{"floor":7,"key":"LiquidBronze"},{"floor":16,"key":"Block Potion"},{"floor":20,"key":"Dexterity Potion"},{"floor":24,"key":"Swift Potion"},{"floor":29,"key":"Weak Potion"}],"is_trial":false,"path_per_floor":["M","M","?","M","M","R","M","M","T","M","M","R","M","$","R","B",null,"M","?","M","?","$","T","E","R","T","?","M","M","?","M","R","B"],"character_chosen":"THE_SILENT","items_purchased":["Lee\u0027s Waffle","Dagger Throw","Happy Flower"],"campfire_rested":2,"item_purchase_floors":[14,14,22],"current_hp_per_floor":[61,57,57,57,56,56,52,46,46,37,32,32,32,77,77,51,77,61,61,47,31,31,31,22,45,45,45,35,20,20,2,25,0],"gold":187,"neow_bonus":"REMOVE_CARD","is_prod":false,"is_daily":false,"chose_seed":false,"campfire_upgraded":3,"win_rate":0.0,"timestamp":1552935026,"path_taken":["M","?","?","?","?","R","?","M","T","M","M","R","M","$","R","BOSS","M","?","M","?","$","?","E","R","T","?","?","M","?","M","R","BOSS"],"build_version":"2019-01-23","purchased_purges":0,"victory":false,"max_hp_per_floor":[70,70,70,70,70,70,70,70,70,70,70,70,70,77,77,77,77,77,77,77,77,77,77,77,77,77,77,77,77,77,77,77,77],"card_choices":[{"not_picked":["Dagger Throw","PiercingWail"],"picked":"Cloak And Dagger","floor":1},{"not_picked":["Underhanded Strike","Slice"],"picked":"Blade Dance","floor":2},{"not_picked":["Dagger Throw","Slice"],"picked":"Accuracy","floor":4},{"not_picked":["Finisher","Calculated Gamble"],"picked":"Bouncing Flask","floor":5},{"not_picked":["Slice","Flying Knee"],"picked":"Outmaneuver","floor":7},{"not_picked":["Envenom","Cloak And Dagger"],"picked":"Choke","floor":8},{"not_picked":["Cloak And Dagger","Dagger Throw"],"picked":"Finisher","floor":10},{"not_picked":["Slice","Quick Slash"],"picked":"Underhanded Strike","floor":11},{"not_picked":["Flying Knee","All Out Attack"],"picked":"Terror","floor":13},{"not_picked":["Phantasmal Killer","Bullet Time"],"picked":"Storm of Steel","floor":16},{"not_picked":["Footwork","Dash"],"picked":"Poisoned Stab","floor":18},{"not_picked":["Eviscerate","Cloak And Dagger"],"picked":"Heel Hook+1","floor":20},{"not_picked":["Poisoned Stab","Expertise"],"picked":"Acrobatics","floor":24},{"not_picked":["Blur+1","Underhanded Strike+1"],"picked":"Noxious Fumes+1","floor":28},{"not_picked":["Acrobatics","Terror+1"],"picked":"PiercingWail","floor":29},{"not_picked":["Dagger Throw","Well Laid Plans"],"picked":"Cloak And Dagger","floor":31}],"player_experience":278076,"relics_obtained":[{"floor":9,"key":"PreservedInsect"},{"floor":21,"key":"Enchiridion"},{"floor":23,"key":"The Courier"},{"floor":24,"key":"Art of War"},{"floor":26,"key":"StoneCalendar"}],"event_choices":[{"damage_healed":0,"gold_gain":0,"player_choice":"Upgraded","damage_taken":0,"max_hp_gain":0,"max_hp_loss":0,"event_name":"Upgrade Shrine","floor":3,"gold_loss":0,"cards_upgraded":["Neutralize"]},{"damage_healed":0,"gold_gain":0,"player_choice":"Read","damage_taken":0,"max_hp_gain":0,"max_hp_loss":0,"event_name":"The Library","floor":19,"gold_loss":0,"cards_obtained":["Bouncing Flask"]},{"damage_healed":0,"gold_gain":0,"player_choice":"Obtained Book","damage_taken":16,"max_hp_gain":0,"max_hp_loss":0,"event_name":"Cursed Tome","floor":21,"gold_loss":0},{"damage_healed":0,"gold_gain":99,"player_choice":"Stole From Cult","damage_taken":0,"max_hp_gain":0,"max_hp_loss":0,"event_name":"Nest","floor":27,"gold_loss":0},{"damage_healed":0,"gold_gain":0,"player_choice":"Opened","damage_taken":0,"relics_obtained":["Pen Nib"],"max_hp_gain":0,"max_hp_loss":0,"event_name":"The Mausoleum","floor":30,"gold_loss":0}],"is_beta":false,"boss_relics":[{"not_picked":["Astrolabe","Orrery"],"picked":"Fusion Hammer"}],"items_purged_floors":[],"is_endless":false,"potions_floor_spawned":[4,5,7,16,20,24,29],"killed_by":"Automaton","ascension_level":0}