{"path_per_floor":["M","M","$","M","?","M","M","R","T","$","?","M","M","M","R","B",null,"M","?","?","M","$","E","M","R","T","M","M","R","M","M","R","B",null,"M","?","M","M","$","E"],"character_chosen":"THE_SILENT","items_purchased":["Reflex","Fire Potion","Catalyst","Well Laid Plans+1","Art of War","Backflip"],"gold_per_floor":[117,131,19,32,32,44,58,58,58,9,29,42,52,71,71,176,176,189,189,189,201,61,122,136,136,163,181,192,192,208,221,221,319,319,333,333,351,362,0,28,28],"floor_reached":41,"campfire_rested":3,"playtime":2096,"item_purchase_floors":[3,10,22,39,39,39],"current_hp_per_floor":[35,33,33,33,33,32,29,29,29,29,14,12,12,10,31,3,70,70,70,70,39,39,26,8,29,29,25,25,46,46,41,41,29,70,70,70,68,53,53,24,0],"items_purged":["Strike_G","Writhe","Terror"],"gold":28,"score":507,"play_id":"09a8b9c9-71f4-42ce-9837-c0e4e0cb04e1","local_time":"20180528214946","is_prod":false,"is_daily":false,"chose_seed":false,"is_ascension_mode":true,"campfire_upgraded":2,"win_rate":0,"timestamp":1527515386,"campfire_choices":[{"data":"Noxious Fumes","floor":8,"key":"SMITH"},{"floor":15,"key":"REST"},{"floor":25,"key":"REST"},{"floor":29,"key":"REST"},{"data":"Catalyst","floor":32,"key":"SMITH"}],"path_taken":["M","M","$","M","?","?","M","R","T","?","?","?","M","M","R","BOSS","M","?","?","M","$","E","M","R","T","M","M","R","M","M","R","BOSS","M","?","M","M","$","E","?"],"build_version":"2018-05-24","seed_source_timestamp":47170661829743,"purchased_purges":3,"victory":false,"master_deck":["Survivor","Neutralize","Acrobatics","Bane","Reflex","Dagger Throw","Noxious Fumes+1","Poisoned Stab","Wraith Form v2+1","Reflex","Choke","Calculated Gamble","Sucker Punch","Poisoned Stab","Outmaneuver","Escape Plan","Dagger Throw","Noxious Fumes+1","Bouncing Flask","Catalyst+1","Escape Plan","Bane+1","Deadly Poison","Burst","Well Laid Plans+1","Backflip","Calculated Gamble+1"],"max_hp_per_floor":[70,70,70,70,70,70,70,70,70,70,70,70,70,70,70,70,70,70,70,70,70,70,70,70,70,70,70,70,70,70,70,70,70,70,70,70,70,70,70,70,70],"relics":["Ring of the Snake","Thread and Needle","Frozen Egg 2","Odd Mushroom","Pandora\u0027s Box","Gremlin Horn","Tiny Chest","Orichalcum","Cursed Key","Art of War","Snake Skull"],"card_choices":[{"not_picked":["Predator","Cloak And Dagger"],"picked":"Acrobatics","floor":1},{"not_picked":["Terror","Sucker Punch"],"picked":"Bane","floor":2},{"not_picked":["Acrobatics","Endless Agony"],"picked":"Dagger Throw","floor":4},{"not_picked":["Dagger Throw","Concentrate"],"picked":"Noxious Fumes","floor":6},{"not_picked":["Acrobatics","Dagger Spray","Concentrate"],"picked":"SKIP","floor":7},{"not_picked":["PiercingWail","Sucker Punch"],"picked":"Terror","floor":11},{"not_picked":["Quick Slash","Night Terror","Malaise"],"picked":"SKIP","floor":12},{"not_picked":["Skewer","Malaise","Sucker Punch"],"picked":"SKIP","floor":13},{"not_picked":["Backflip","Endless Agony"],"picked":"Poisoned Stab","floor":14},{"not_picked":["Venomology","Grand Finale"],"picked":"Wraith Form v2+1","floor":16},{"not_picked":["Crippling Poison","Leg Sweep"],"picked":"Noxious Fumes+1","floor":18},{"not_picked":["Escape Plan","Endless Agony"],"picked":"Bouncing Flask","floor":21},{"not_picked":["Dagger Spray+1","Underhanded Strike"],"picked":"Escape Plan","floor":23},{"not_picked":["Acrobatics+1","Cloak And Dagger"],"picked":"Bane+1","floor":24},{"not_picked":["Dodge and Roll+1","All Out Attack+1","Sucker Punch"],"picked":"SKIP","floor":27},{"not_picked":["Dagger Throw","Acrobatics","PiercingWail"],"picked":"SKIP","floor":28},{"not_picked":["Deflect+1","Quick Slash+1"],"picked":"Deadly Poison","floor":30},{"not_picked":["Night Terror","Noxious Fumes+1","Cloak And Dagger"],"picked":"SKIP","floor":31},{"not_picked":["Grand Finale","Night Terror"],"picked":"Burst","floor":33},{"not_picked":["Dagger Spray","Riddle With Holes","Sucker Punch+1"],"picked":"SKIP","floor":35},{"not_picked":["Cloak And Dagger+1","Malaise","Dagger Spray"],"picked":"SKIP","floor":37},{"not_picked":["Dagger Spray","Terror","Endless Agony+1"],"picked":"SKIP","floor":38},{"not_picked":["Prepared","Crippling Poison"],"picked":"Calculated Gamble+1","floor":40}],"player_experience":190921,"potions_floor_usage":[7,11,16,16,16,23,31],"damage_taken":[{"damage":0,"enemies":"2 Louse","floor":1,"turns":3},{"damage":2,"enemies":"Small Slimes","floor":2,"turns":4},{"damage":0,"enemies":"Jaw Worm","floor":4,"turns":6},{"damage":1,"enemies":"Red Slaver","floor":6,"turns":4},{"damage":3,"enemies":"Exordium Thugs","floor":7,"turns":5},{"damage":15,"enemies":"The Mushroom Lair","floor":11,"turns":4},{"damage":2,"enemies":"2 Fungi Beasts","floor":12,"turns":5},{"damage":0,"enemies":"Large Slime","floor":13,"turns":4},{"damage":2,"enemies":"Exordium Wildlife","floor":14,"turns":4},{"damage":28,"enemies":"Slime Boss","floor":16,"turns":10},{"damage":0,"enemies":"Shell Parasite","floor":18,"turns":4},{"damage":31,"enemies":"3 Byrds","floor":21,"turns":5},{"damage":13,"enemies":"Book of Stabbing","floor":23,"turns":6},{"damage":18,"enemies":"Centurion and Healer","floor":24,"turns":5},{"damage":4,"enemies":"Chosen and Byrds","floor":27,"turns":4},{"damage":0,"enemies":"3 Cultists","floor":28,"turns":5},{"damage":0,"enemies":"Snake Plant","floor":30,"turns":4},{"damage":5,"enemies":"Slaver and Parasite","floor":31,"turns":5},{"damage":12,"enemies":"Collector","floor":33,"turns":9},{"damage":0,"enemies":"Orb Walker","floor":35,"turns":4},{"damage":2,"enemies":"3 Darklings","floor":37,"turns":5},{"damage":15,"enemies":"Sphere and 2 Shapes","floor":38,"turns":5},{"damage":29,"enemies":"2 Orb Walkers","floor":40,"turns":7},{"damage":29,"enemies":"4 Shapes","floor":41,"turns":1}],"relics_obtained":[{"floor":9,"key":"Frozen Egg 2"},{"floor":11,"key":"Odd Mushroom"},{"floor":23,"key":"Tiny Chest"},{"floor":26,"key":"Orichalcum"},{"floor":40,"key":"Snake Skull"}],"event_choices":[{"event_name":"The Cleric","player_choice":"Leave","floor":5,"damage_taken":0},{"event_name":"Mushrooms","player_choice":"Fought Mushrooms","floor":11,"damage_taken":0},{"event_name":"Vampires","player_choice":"Ignored","floor":19,"damage_taken":0},{"event_name":"The Mausoleum","player_choice":"Yes","floor":20,"damage_taken":0}],"boss_relics":[{"not_picked":["Sozu","Tiny House"],"picked":"Pandora\u0027s Box"},{"not_picked":["Black Star","Runic Dome"],"picked":"Cursed Key"}],"items_purged_floors":[3,22,39],"potions_floor_spawned":[4,7,11,12,21,27,28,37],"seed_played":"3693975430642187385","killed_by":"4 Shapes","ascension_level":3,"potions_obtained":[{"floor":4,"key":"SteroidPotion"},{"floor":7,"key":"FearPotion"},{"floor":11,"key":"SpeedPotion"},{"floor":12,"key":"Ancient Potion"},{"floor":21,"key":"Weak Potion"},{"floor":27,"key":"FearPotion"},{"floor":28,"key":"FearPotion"},{"floor":37,"key":"GhostInAJar"}],"is_trial":false}