{"gold_per_floor":[117,117,129,143,143,170,187,187,187,187,187,187,200,19,19,124,124,139,65,65,78,31,31,41,41,95,95,95,113,113,133,133,229,229,240,35,35,49,65,65,80,98,125,125,225,257,274,290,290,290],"floor_reached":51,"playtime":1147,"items_purged":["Regret"],"score":706,"play_id":"b632e4fa-1280-4563-a373-115a0f8db037","local_time":"20190308164145","is_ascension_mode":false,"campfire_choices":[{"data":"Flex","floor":8.0,"key":"SMITH"},{"data":"Bash","floor":10.0,"key":"SMITH"},{"floor":15.0,"key":"REST"},{"data":"Flex","floor":23.0,"key":"SMITH"},{"data":"Inflame","floor":30.0,"key":"SMITH"},{"floor":32.0,"key":"REST"},{"floor":40,"key":"REST"},{"floor":44,"key":"REST"},{"floor":49,"key":"REST"}],"neow_cost":"NONE","seed_source_timestamp":0,"circlet_count":0,"master_deck":["Strike_R","Strike_R","Strike_R","Strike_R","Defend_R","Defend_R","Defend_R","Defend_R","Bash+1","Flex+1","Twin Strike","Inflame","Pummel","Limit Break+1","Pummel","Inflame+1","Flex+1","Pummel","Double Tap","Limit Break+1","Trip","Feel No Pain+1","Corruption+1","Havoc+1","Heavy Blade"],"special_seed":0,"relics":["Black Blood","NeowsBlessing","Mercury Hourglass","Singing Bowl","Dodecahedron","Question Card","Lizard Tail","Potion Belt","DollysMirror","Centennial Puzzle","StoneCalendar","Frozen Egg 2"],"potions_floor_usage":[33,38,47,50],"damage_taken":[{"damage":0.0,"enemies":"Cultist","floor":1.0,"turns":1.0},{"damage":0.0,"enemies":"Jaw Worm","floor":3.0,"turns":1.0},{"damage":0.0,"enemies":"2 Louse","floor":4.0,"turns":1.0},{"damage":33.0,"enemies":"Lagavulin","floor":6.0,"turns":6.0},{"damage":9.0,"enemies":"Gremlin Gang","floor":7.0,"turns":4.0},{"damage":6.0,"enemies":"3 Louse","floor":13.0,"turns":3.0},{"damage":59.0,"enemies":"Hexaghost","floor":16.0,"turns":7.0},{"damage":15.0,"enemies":"2 Thieves","floor":18.0,"turns":4.0},{"damage":29.0,"enemies":"Shell Parasite","floor":21.0,"turns":5.0},{"damage":23.0,"enemies":"3 Cultists","floor":24.0,"turns":5.0},{"damage":0.0,"enemies":"Snecko","floor":28.0,"turns":1.0},{"damage":0.0,"enemies":"Centurion and Healer","floor":29.0,"turns":3.0},{"damage":10.0,"enemies":"Shelled Parasite and Fungi","floor":31.0,"turns":3.0},{"damage":61,"enemies":"Champ","floor":33,"turns":8},{"damage":51,"enemies":"3 Shapes","floor":35,"turns":5},{"damage":23,"enemies":"Orb Walker","floor":38,"turns":3},{"damage":13,"enemies":"Transient","floor":39,"turns":5},{"damage":5,"enemies":"Maw","floor":41,"turns":4},{"damage":16,"enemies":"Spire Growth","floor":42,"turns":3},{"damage":0,"enemies":"Mind Bloom Boss Battle","floor":45,"turns":2},{"damage":51,"enemies":"Giant Head","floor":46,"turns":6},{"damage":21,"enemies":"Sphere and 2 Shapes","floor":47,"turns":5},{"damage":21,"enemies":"4 Shapes","floor":48,"turns":5},{"damage":41,"enemies":"Time Eater","floor":50,"turns":4}],"seed_played":"9181847332665092975","potions_obtained":[{"floor":2.0,"key":"Weak Potion"},{"floor":2.0,"key":"SneckoOil"},{"floor":2.0,"key":"SmokeBomb"},{"floor":7.0,"key":"Fire Potion"},{"floor":13.0,"key":"Explosive Potion"},{"floor":16.0,"key":"Weak Potion"},{"floor":24.0,"key":"SkillPotion"},{"floor":29.0,"key":"GamblersBrew"},{"floor":31.0,"key":"Strength Potion"},{"floor":33,"key":"SpeedPotion"},{"floor":35,"key":"AttackPotion"},{"floor":42,"key":"Dexterity Potion"},{"floor":46,"key":"BloodPotion"}],"is_trial":false,"path_per_floor":["M","?","M","M","?","E","M","R","T","R","?","T","M","$","R","B",null,"M","$","?","M","$","R","M","?","T","?","M","M","R","M","R","B",null,"M","$","?","M","M","R","M","M","T","R","?","E","M","M","R","B",null],"character_chosen":"IRONCLAD","items_purchased":["Inflame","Pummel","Inflame","Flex","DollysMirror"],"campfire_rested":5,"item_purchase_floors":[14,14,19,22,36],"current_hp_per_floor":[80,80,80,80,80,55,54,54,54,54,47,47,49,49,74,21,86,77,77,77,56,56,56,41,41,41,41,47,53,53,51,78,23,92,53,53,53,42,41,70,75,71,71,100,102,61,60,49,79,48],"gold":290,"neow_bonus":"THREE_ENEMY_KILL","is_prod":false,"is_daily":false,"chose_seed":false,"campfire_upgraded":4,"win_rate":0,"timestamp":1552081305,"path_taken":["M","?","M","?","?","E","M","R","T","R","?","?","M","$","R","BOSS","M","$","?","M","$","R","?","?","T","?","M","M","R","?","R","BOSS","M","$","?","M","M","R","M","M","T","R","?","E","?","M","R","BOSS"],"build_version":"2019-01-23","purchased_purges":1,"victory":true,"max_hp_per_floor":[80,80,80,80,80,82,84,84,84,84,84,84,86,86,86,86,86,86,86,86,88,88,88,90,90,90,90,90,90,90,92,92,92,92,94,94,94,96,98,98,98,100,100,100,102,102,102,102,102,102],"card_choices":[{"not_picked":["Armaments","Rupture"],"picked":"Flex","floor":1.0},{"not_picked":["Rupture","Shrug It Off"],"picked":"Twin Strike","floor":3.0},{"not_picked":["Perfected Strike","Warcry","Body Slam"],"picked":"SKIP","floor":4.0},{"not_picked":["Feel No Pain","Uppercut","Intimidate"],"picked":"Singing Bowl","floor":6.0},{"not_picked":["Blood for Blood","True Grit","Anger"],"picked":"Singing Bowl","floor":7.0},{"not_picked":["Iron Wave","Intimidate","Perfected Strike","Hemokinesis"],"picked":"Singing Bowl","floor":13.0},{"not_picked":["Impervious","Barricade","Dark Embrace"],"picked":"Limit Break","floor":16.0},{"not_picked":["Clash+1","Shockwave","Anger"],"picked":"Pummel","floor":18.0},{"not_picked":["Disarm","Perfected Strike+1","Havoc","Thunderclap"],"picked":"Singing Bowl","floor":21.0},{"not_picked":["Power Through+1","Rupture","Flex","Metallicize+1"],"picked":"Singing Bowl","floor":24.0},{"not_picked":["True Grit","Cleave","Clash+1"],"picked":"Pummel","floor":29.0},{"not_picked":["Ghostly Armor","Havoc","Entrench","Shrug It Off"],"picked":"Singing Bowl","floor":31.0},{"not_picked":["Immolate","Fiend Fire","Limit Break"],"picked":"Double Tap","floor":33},{"not_picked":["Rupture+1","Body Slam","Evolve+1","Pummel+1"],"picked":"Singing Bowl","floor":35},{"not_picked":["Deep Breath","Mayhem","Metamorphosis"],"picked":"Trip","floor":37},{"not_picked":["Headbutt","Rupture+1","Bloodletting","Dropkick"],"picked":"Singing Bowl","floor":38},{"not_picked":["Sever Soul+1","Carnage","Shockwave+1","Anger"],"picked":"Singing Bowl","floor":39},{"not_picked":["Warcry+1","Rupture","Rage"],"picked":"Feel No Pain+1","floor":41},{"not_picked":["Armaments+1","Power Through+1","Reckless Charge","Intimidate+1"],"picked":"Singing Bowl","floor":42},{"not_picked":["Shockwave","Dual Wield+1","Anger","Clash"],"picked":"Singing Bowl","floor":45},{"not_picked":["Disarm","Seeing Red+1","Perfected Strike"],"picked":"Corruption","floor":46},{"not_picked":["Bloodletting+1","Armaments","Entrench"],"picked":"Havoc+1","floor":47},{"not_picked":["Pommel Strike+1","Shockwave","Thunderclap+1"],"picked":"Heavy Blade","floor":48}],"player_experience":856618,"relics_obtained":[{"floor":6.0,"key":"Singing Bowl"},{"floor":9.0,"key":"Dodecahedron"},{"floor":12.0,"key":"Question Card"},{"floor":26.0,"key":"Potion Belt"},{"floor":43,"key":"Centennial Puzzle"},{"floor":45,"key":"StoneCalendar"},{"floor":46,"key":"Frozen Egg 2"}],"event_choices":[{"damage_healed":0.0,"max_hp_gain":0.0,"max_hp_loss":0.0,"gold_gain":0.0,"event_name":"Lab","player_choice":"Got Potions","floor":2.0,"gold_loss":0.0,"damage_taken":0.0},{"damage_healed":0.0,"max_hp_gain":0.0,"max_hp_loss":0.0,"gold_gain":0.0,"event_name":"Big Fish","player_choice":"Box","floor":5.0,"gold_loss":0.0,"damage_taken":0.0,"relics_obtained":["Mercury Hourglass"],"cards_obtained":["Regret"]},{"cards_removed":["Strike_R"],"damage_healed":0.0,"max_hp_gain":0.0,"max_hp_loss":0.0,"gold_gain":0.0,"event_name":"Golden Wing","player_choice":"Card Removal","floor":11.0,"gold_loss":0.0,"damage_taken":7.0},{"damage_healed":0.0,"max_hp_gain":0.0,"max_hp_loss":0.0,"gold_gain":0.0,"event_name":"Accursed Blacksmith","player_choice":"Forge","floor":20.0,"gold_loss":0.0,"damage_taken":0.0,"cards_upgraded":["Limit Break"]},{"damage_healed":0.0,"max_hp_gain":0.0,"max_hp_loss":0.0,"gold_gain":0.0,"event_name":"Forgotten Altar","player_choice":"Smashed Altar","floor":25.0,"gold_loss":0.0,"damage_taken":0.0,"cards_obtained":["Decay"]},{"cards_removed":["Decay"],"damage_healed":0.0,"max_hp_gain":0.0,"max_hp_loss":0.0,"gold_gain":0.0,"event_name":"Purifier","player_choice":"Purged","floor":27.0,"gold_loss":0.0,"damage_taken":0.0},{"damage_healed":0,"gold_gain":0,"player_choice":"Memory 1","damage_taken":0,"max_hp_gain":0,"max_hp_loss":0,"event_name":"SensoryStone","floor":37,"gold_loss":0},{"damage_healed":0,"gold_gain":0,"player_choice":"Fight","damage_taken":0,"max_hp_gain":0,"max_hp_loss":0,"event_name":"MindBloom","floor":45,"gold_loss":0}],"is_beta":false,"boss_relics":[{"not_picked":["Fusion Hammer","Coffee Dripper"],"picked":"Lizard Tail"},{"not_picked":["Astrolabe","Sozu"],"picked":"Black Blood"}],"items_purged_floors":[14],"is_endless":false,"potions_floor_spawned":[7,13,16,24,29,31,33,35,42,46],"ascension_level":0}