{"gold_per_floor":[112,187,187,206,222,222,249,298,349,363,381,114,128,162,162,162],"floor_reached":16,"playtime":433,"items_purged":["Injury"],"score":157,"play_id":"4a120591-59b8-4206-b7b6-3d112541d119","local_time":"20180915070723","is_ascension_mode":true,"campfire_choices":[{"floor":6,"key":"REST"},{"floor":15,"key":"REST"}],"neow_cost":"CURSE","seed_source_timestamp":204407061992126,"circlet_count":0,"master_deck":["Strike_B","Strike_B","Strike_B","Strike_B","Defend_B","Defend_B","Defend_B","Defend_B","Zap","Dualcast","Echo Form","Rip and Tear","Leap","BootSequence","Beam Cell","Defragment","Thunder Strike","Apotheosis","Glacier","Chill"],"relics":["Cracked Core","Boot","Omamori","Vajra","Blood Vial"],"potions_floor_usage":[7,11,14,14],"damage_taken":[{"damage":10,"enemies":"Small Slimes","floor":1,"turns":3},{"damage":1,"enemies":"2 Louse","floor":4,"turns":2},{"damage":28,"enemies":"Jaw Worm","floor":5,"turns":4},{"damage":19,"enemies":"Gremlin Nob","floor":7,"turns":4},{"damage":2,"enemies":"Large Slime","floor":10,"turns":5},{"damage":5,"enemies":"Exordium Thugs","floor":11,"turns":3},{"damage":0,"enemies":"Looter","floor":13,"turns":2},{"damage":7,"enemies":"3 Sentries","floor":14,"turns":6},{"damage":31,"enemies":"The Guardian","floor":16,"turns":2}],"seed_played":"2213650734760151301","potions_obtained":[{"floor":4,"key":"Poison Potion"},{"floor":7,"key":"Explosive Potion"},{"floor":10,"key":"EssenceOfSteel"},{"floor":13,"key":"AttackPotion"}],"is_trial":false,"path_per_floor":["M","?","?","M","M","R","E","T","T","M","M","$","M","E","R"],"character_chosen":"DEFECT","items_purchased":["Apotheosis"],"campfire_rested":2,"item_purchase_floors":[12],"current_hp_per_floor":[58,47,47,46,18,40,21,21,21,19,14,14,14,7,29,0],"gold":162,"neow_bonus":"THREE_RARE_CARDS","is_prod":false,"is_daily":false,"chose_seed":false,"campfire_upgraded":0,"win_rate":0,"timestamp":1537009643,"path_taken":["M","?","?","M","M","R","E","?","T","M","M","$","M","E","R","BOSS"],"build_version":"2018-09-06","purchased_purges":1,"victory":false,"max_hp_per_floor":[75,75,75,75,75,75,75,75,75,75,75,75,75,75,75,75],"card_choices":[{"not_picked":["Thunder Strike","Buffer"],"picked":"Echo Form","floor":0},{"not_picked":["Sunder","Turbo"],"picked":"Rip and Tear","floor":1},{"not_picked":["Stack","Barrage"],"picked":"Leap","floor":4},{"not_picked":["Defragment","Reinforced Body"],"picked":"BootSequence","floor":5},{"not_picked":["Auto Shields","Streamline"],"picked":"Beam Cell","floor":7},{"not_picked":["Conserve Battery","Sweeping Beam"],"picked":"Defragment","floor":10},{"not_picked":["Sweeping Beam","Hello World"],"picked":"Thunder Strike","floor":11},{"not_picked":["Turbo","Tempest"],"picked":"Glacier","floor":13},{"not_picked":["Rebound","Cold Snap"],"picked":"Chill","floor":14}],"player_experience":535302,"relics_obtained":[{"floor":7,"key":"Boot"},{"floor":8,"key":"Omamori"},{"floor":9,"key":"Vajra"},{"floor":14,"key":"Blood Vial"}],"event_choices":[{"event_name":"World of Goop","player_choice":"Gather Gold","floor":2,"damage_taken":0},{"event_name":"Scrap Ooze","player_choice":"unsuccessful","floor":3,"damage_taken":0}],"is_beta":false,"boss_relics":[],"items_purged_floors":[12],"is_endless":false,"potions_floor_spawned":[4,7,10,13],"killed_by":"The Guardian","ascension_level":8}