{"gold_per_floor":[119,195,46,66,85,111,111,122,198,198,212,212,212,60,60,164,164,181,196,27,39,39,39,138,173,173,173],"floor_reached":27,"playtime":1354,"items_purged":[],"score":231,"play_id":"2cfb7c08-e2a8-438a-9cf8-30440423a166","local_time":"20190427212333","is_ascension_mode":false,"campfire_choices":[{"floor":7,"key":"REST"},{"data":"Capacitor","floor":10,"key":"SMITH"},{"data":"Lockon","floor":13,"key":"SMITH"},{"floor":15,"key":"REST"},{"data":"Thunder Strike","floor":23,"key":"SMITH"}],"neow_cost":"NONE","seed_source_timestamp":1476356613298500,"circlet_count":0,"master_deck":["Strike_B","Strike_B","Strike_B","Strike_B","Defend_B","Defend_B","Defend_B","Defend_B","Zap","Dualcast","Beam Cell","Tempest","Capacitor+1","Lockon+1","Tempest","Storm","Conserve Battery","Conserve Battery","Streamline","Thunder Strike+1","Sweeping Beam+1","Ball Lightning+1","Capacitor","Barrage","Conserve Battery","Streamline+1","Doom and Gloom+1"],"relics":["Cracked Core","Dodecahedron","Bird Faced Urn","Shuriken","Anchor","Nuclear Battery","Meat on the Bone","Pocketwatch"],"potions_floor_usage":[11,25,27,27],"damage_taken":[{"damage":6,"enemies":"Cultist","floor":1,"turns":3},{"damage":8,"enemies":"Jaw Worm","floor":4,"turns":4},{"damage":5,"enemies":"2 Louse","floor":5,"turns":3},{"damage":26,"enemies":"Lagavulin","floor":6,"turns":5},{"damage":10,"enemies":"Looter","floor":8,"turns":3},{"damage":4,"enemies":"Exordium Wildlife","floor":11,"turns":5},{"damage":37,"enemies":"Hexaghost","floor":16,"turns":8},{"damage":0,"enemies":"Chosen","floor":18,"turns":3},{"damage":0,"enemies":"Spheric Guardian","floor":19,"turns":3},{"damage":7,"enemies":"Cultist and Chosen","floor":21,"turns":4},{"damage":65,"enemies":"Slavers","floor":25,"turns":6},{"damage":20,"enemies":"Snecko","floor":27,"turns":4}],"seed_played":"-738808366877445746","potions_obtained":[{"floor":1,"key":"SmokeBomb"},{"floor":5,"key":"Explosive Potion"},{"floor":6,"key":"FocusPotion"},{"floor":11,"key":"Weak Potion"},{"floor":21,"key":"SpeedPotion"}],"is_trial":false,"path_per_floor":["M","T","$","M","M","E","R","M","T","R","M","?","R","$","R","B",null,"M","M","$","M","?","R","?","E","T","M"],"character_chosen":"DEFECT","items_purchased":["Capacitor","Lockon","Anchor","Capacitor","Barrage","Conserve Battery"],"campfire_rested":2,"item_purchase_floors":[3,3,14,20,20,20],"current_hp_per_floor":[69,69,69,61,56,30,52,42,42,42,42,42,42,42,64,31,75,75,75,75,68,68,68,68,9,9,0],"gold":173,"neow_bonus":"THREE_CARDS","is_prod":false,"is_daily":false,"chose_seed":false,"campfire_upgraded":3,"win_rate":0.0,"timestamp":1556414613,"path_taken":["M","?","$","M","M","E","R","M","T","R","M","?","R","$","R","BOSS","M","M","$","M","?","R","?","E","T","M"],"build_version":"2019-01-23","purchased_purges":0,"victory":false,"max_hp_per_floor":[75,75,75,75,75,75,75,75,75,75,75,75,75,75,75,75,75,75,75,75,75,75,75,75,75,75,75],"card_choices":[{"not_picked":["Cold Snap","Leap"],"picked":"Beam Cell","floor":0},{"not_picked":["Darkness","Cold Snap"],"picked":"Tempest","floor":1},{"not_picked":["Rip and Tear","Stack"],"picked":"Tempest","floor":4},{"not_picked":["Leap","Cold Snap"],"picked":"Storm","floor":5},{"not_picked":["Rip and Tear","Coolheaded"],"picked":"Conserve Battery","floor":6},{"not_picked":["Loop","Cold Snap"],"picked":"Conserve Battery","floor":8},{"not_picked":["Reboot","Aggregate"],"picked":"Streamline","floor":11},{"not_picked":["Amplify","Biased Cognition"],"picked":"Thunder Strike","floor":16},{"not_picked":["Compile Driver","Leap"],"picked":"Sweeping Beam+1","floor":18},{"not_picked":["Self Repair","Defragment+1"],"picked":"Ball Lightning+1","floor":19},{"not_picked":["Tempest","Sweeping Beam"],"picked":"Streamline+1","floor":21},{"not_picked":["Ball Lightning","Compile Driver+1"],"picked":"Doom and Gloom+1","floor":25}],"player_experience":8804,"relics_obtained":[{"floor":2,"key":"Dodecahedron"},{"floor":6,"key":"Bird Faced Urn"},{"floor":9,"key":"Shuriken"},{"floor":25,"key":"Meat on the Bone"},{"floor":26,"key":"Pocketwatch"}],"event_choices":[{"damage_healed":0,"gold_gain":0,"player_choice":"Ignored","damage_taken":0,"max_hp_gain":0,"max_hp_loss":0,"event_name":"Liars Game","floor":12,"gold_loss":0},{"damage_healed":0,"gold_gain":99,"player_choice":"Stole From Cult","damage_taken":0,"max_hp_gain":0,"max_hp_loss":0,"event_name":"Nest","floor":24,"gold_loss":0}],"is_beta":false,"boss_relics":[{"not_picked":["Black Star","Velvet Choker"],"picked":"Nuclear Battery"}],"items_purged_floors":[],"is_endless":false,"potions_floor_spawned":[1,5,6,11,21],"killed_by":"Snecko","ascension_level":0}