{"gold_per_floor":[119,137,137,157,157,192,192,227,253,276,294,294,337,362,362,483,483,497,48,66,89,89,89,108,108,134,134,155,189,210,230,230,360,360,383,406,426,61,81,81,9,9,9,9,52,52,52,96,96,96],"floor_reached":51,"playtime":4147,"items_purged":[],"score":1172,"play_id":"0e4aaf15-d92e-4714-8a27-0ca81e6008e7","local_time":"20190409155511","is_ascension_mode":true,"campfire_choices":[{"floor":7.0,"key":"REST"},{"floor":12.0,"key":"REST"},{"floor":15.0,"key":"REST"},{"data":"Cloak And Dagger","floor":23.0,"key":"SMITH"},{"data":"Cloak And Dagger","floor":25.0,"key":"SMITH"},{"data":"Cloak And Dagger","floor":27.0,"key":"SMITH"},{"data":"After Image","floor":32.0,"key":"SMITH"},{"data":"Footwork","floor":42,"key":"SMITH"},{"data":"Accuracy","floor":46,"key":"SMITH"},{"data":"Sucker Punch","floor":49,"key":"SMITH"}],"neow_cost":"NONE","seed_source_timestamp":2164910432107499,"circlet_count":0,"master_deck":["Defend_G","Defend_G","Defend_G","Defend_G","Strike_G","Strike_G+1","Survivor","Neutralize+1","Malaise+1","Accuracy+1","Sucker Punch+1","Cloak And Dagger+1","Bouncing Flask","Cloak And Dagger+1","Cloak And Dagger+1","Accuracy+1","Sucker Punch+1","PiercingWail","After Image+1","Flying Knee","Backflip+1","Prepared+1","Backflip+1","Deflect+1","Escape Plan+1","Venomology+1","Terror+1","Burst+1","PiercingWail+1","Backflip+1","Deflect+1","Footwork+1","PiercingWail+1","Backflip+1","Slice+1","Accuracy+1"],"special_seed":0,"relics":["Astrolabe","Golden Idol","Smiling Mask","Orichalcum","Bronze Scales","The Courier","Coffee Dripper","Vajra","Omamori","Toxic Egg 2","Bag of Marbles","Molten Egg 2","WristBlade","Membership Card","Dead Branch","Bag of Preparation","Pen Nib","Centennial Puzzle","Whetstone","Art of War"],"potions_floor_usage":[39,45,50,50,50],"damage_taken":[{"damage":4.0,"enemies":"Jaw Worm","floor":1.0,"turns":4.0},{"damage":4.0,"enemies":"Small Slimes","floor":2.0,"turns":5.0},{"damage":1.0,"enemies":"Cultist","floor":4.0,"turns":5.0},{"damage":14.0,"enemies":"Gremlin Nob","floor":6.0,"turns":4.0},{"damage":17.0,"enemies":"3 Sentries","floor":8.0,"turns":10.0},{"damage":1.0,"enemies":"Red Slaver","floor":10.0,"turns":5.0},{"damage":0.0,"enemies":"2 Fungi Beasts","floor":11.0,"turns":3.0},{"damage":16.0,"enemies":"Lagavulin","floor":13.0,"turns":10.0},{"damage":8.0,"enemies":"3 Louse","floor":14.0,"turns":4.0},{"damage":18.0,"enemies":"Slime Boss","floor":16.0,"turns":9.0},{"damage":0.0,"enemies":"Spheric Guardian","floor":18.0,"turns":5.0},{"damage":0.0,"enemies":"3 Byrds","floor":20.0,"turns":4.0},{"damage":28.0,"enemies":"Sentry and Sphere","floor":21.0,"turns":6.0},{"damage":1.0,"enemies":"Centurion and Healer","floor":24.0,"turns":8.0},{"damage":11.0,"enemies":"Shelled Parasite and Fungi","floor":28.0,"turns":5.0},{"damage":14.0,"enemies":"Slavers","floor":29.0,"turns":5.0},{"damage":0.0,"enemies":"Cultist and Chosen","floor":30.0,"turns":6.0},{"damage":8.0,"enemies":"Snecko","floor":31.0,"turns":6.0},{"damage":30.0,"enemies":"Champ","floor":33.0,"turns":12.0},{"damage":1.0,"enemies":"3 Shapes","floor":35.0,"turns":7.0},{"damage":0.0,"enemies":"Orb Walker","floor":36.0,"turns":4.0},{"damage":17.0,"enemies":"Jaw Worm Horde","floor":37.0,"turns":6.0},{"damage":0,"enemies":"Spire Growth","floor":39,"turns":3},{"damage":0,"enemies":"Nemesis","floor":45,"turns":7},{"damage":0,"enemies":"Giant Head","floor":48,"turns":4},{"damage":6,"enemies":"Donu and Deca","floor":50,"turns":6}],"seed_played":"-213218757265304951","potions_obtained":[{"floor":1.0,"key":"EssenceOfSteel"},{"floor":4.0,"key":"Poison Potion"},{"floor":13.0,"key":"PowerPotion"},{"floor":14.0,"key":"Ancient Potion"},{"floor":18.0,"key":"Ancient Potion"},{"floor":24.0,"key":"Fire Potion"},{"floor":30.0,"key":"Dexterity Potion"},{"floor":31.0,"key":"Weak Potion"},{"floor":39,"key":"Dexterity Potion"}],"is_trial":false,"path_per_floor":["M","M","?","M","?","E","R","E","T","M","M","R","E","M","R","B",null,"M","$","M","M","?","R","M","R","T","R","M","E","M","M","R","B",null,"M","M","M","$","M","?","$","R","T","?","E","R","?","E","R","B",null],"character_chosen":"THE_SILENT","items_purchased":["Vajra","Omamori","Toxic Egg 2","Membership Card","Dead Branch","Footwork","Bag of Preparation","Pen Nib","Backflip+1"],"campfire_rested":3,"item_purchase_floors":[19,19,19,38,38,38,38,41,41],"current_hp_per_floor":[59,55,38,37,23,9,30,13,13,12,12,33,17,9,30,12,56,56,56,56,28,70,70,69,69,69,69,58,44,44,36,36,21,58,57,57,40,40,40,40,40,40,40,40,40,40,40,40,40,34],"gold":96,"neow_bonus":"BOSS_RELIC","is_prod":false,"is_daily":false,"chose_seed":false,"campfire_upgraded":7,"win_rate":0,"timestamp":1554839711,"path_taken":["M","M","?","M","?","E","R","E","T","?","M","R","E","M","R","BOSS","M","$","M","M","?","R","?","R","T","R","M","E","M","M","R","BOSS","M","M","M","$","M","?","$","R","T","?","E","R","?","E","R","BOSS"],"build_version":"2019-01-23","purchased_purges":0,"victory":true,"max_hp_per_floor":[70,70,70,70,70,70,70,70,70,70,70,70,70,70,70,70,70,70,70,70,70,70,70,70,70,70,70,70,70,70,70,70,70,70,70,70,70,70,70,66,66,66,66,66,66,66,66,66,66,66],"card_choices":[{"not_picked":["Distraction","Acrobatics"],"picked":"Sucker Punch","floor":1.0},{"not_picked":["Endless Agony","Outmaneuver","Acrobatics"],"picked":"SKIP","floor":2.0},{"not_picked":["Noxious Fumes","Quick Slash"],"picked":"Cloak And Dagger","floor":4.0},{"not_picked":["Masterful Stab","Unload"],"picked":"Bouncing Flask","floor":6.0},{"not_picked":["Terror","Slice"],"picked":"Cloak And Dagger","floor":8.0},{"not_picked":["Dodge and Roll","Dagger Throw"],"picked":"Cloak And Dagger","floor":10.0},{"not_picked":["Expertise","Catalyst"],"picked":"Accuracy","floor":11.0},{"not_picked":["Outmaneuver","Choke"],"picked":"Sucker Punch","floor":13.0},{"not_picked":["Dagger Spray","Masterful Stab"],"picked":"PiercingWail","floor":14.0},{"not_picked":["Phantasmal Killer","A Thousand Cuts"],"picked":"After Image","floor":16.0},{"not_picked":["Sucker Punch","Underhanded Strike"],"picked":"Flying Knee","floor":18.0},{"not_picked":["Setup+1","Catalyst+1"],"picked":"Backflip+1","floor":20.0},{"not_picked":["Flying Knee","Predator"],"picked":"Prepared+1","floor":21.0},{"not_picked":["Choke+1","Deflect+1"],"picked":"Backflip+1","floor":24.0},{"not_picked":["Underhanded Strike","Deadly Poison+1"],"picked":"Deflect+1","floor":28.0},{"not_picked":["Prepared+1","Backflip+1"],"picked":"Escape Plan+1","floor":29.0},{"not_picked":["Outmaneuver+1","Eviscerate+1"],"picked":"Venomology+1","floor":30.0},{"not_picked":["Accuracy+1","Deadly Poison+1"],"picked":"Terror+1","floor":31.0},{"not_picked":["Glass Knife+1","Venomology+1"],"picked":"Burst+1","floor":33.0},{"not_picked":["Distraction+1","Acrobatics+1"],"picked":"PiercingWail+1","floor":35.0},{"not_picked":["Deadly Poison+1","Underhanded Strike+1"],"picked":"Backflip+1","floor":36.0},{"not_picked":["Quick Slash+1","Predator+1"],"picked":"Deflect+1","floor":37.0},{"not_picked":["Deadly Poison+1","Underhanded Strike+1"],"picked":"PiercingWail+1","floor":39},{"not_picked":["Outmaneuver+1","Predator+1"],"picked":"Slice+1","floor":45},{"not_picked":["Deadly Poison+1","Distraction+1"],"picked":"Accuracy+1","floor":48}],"player_experience":303214,"relics_obtained":[{"floor":6.0,"key":"Smiling Mask"},{"floor":8.0,"key":"Orichalcum"},{"floor":9.0,"key":"Bronze Scales"},{"floor":13.0,"key":"The Courier"},{"floor":26.0,"key":"Bag of Marbles"},{"floor":29.0,"key":"Molten Egg 2"},{"floor":43,"key":"Centennial Puzzle"},{"floor":45,"key":"Whetstone"},{"floor":48,"key":"Art of War"}],"event_choices":[{"damage_healed":0.0,"max_hp_gain":0.0,"max_hp_loss":0.0,"gold_gain":0.0,"event_name":"Golden Idol","player_choice":"Take Damage","floor":3.0,"gold_loss":0.0,"damage_taken":17.0,"relics_obtained":["Golden Idol"]},{"damage_healed":0.0,"max_hp_gain":0.0,"max_hp_loss":0.0,"gold_gain":0.0,"event_name":"Shining Light","player_choice":"Entered Light","floor":5.0,"gold_loss":0.0,"damage_taken":14.0,"cards_upgraded":["Sucker Punch","Strike_G"]},{"cards_removed":["Riddle With Holes"],"damage_healed":42.0,"max_hp_gain":0.0,"max_hp_loss":0.0,"gold_gain":0.0,"event_name":"Bonfire Elementals","player_choice":"Offered Uncommon","floor":22.0,"gold_loss":0.0,"damage_taken":0.0},{"damage_healed":0,"gold_gain":0,"player_choice":"Max HP","damage_taken":0,"max_hp_gain":0,"max_hp_loss":4,"event_name":"Winding Halls","floor":40,"gold_loss":0},{"cards_removed":["Strike_G"],"damage_healed":0,"gold_gain":0,"player_choice":"Removed Attack","damage_taken":0,"max_hp_gain":0,"max_hp_loss":0,"event_name":"Falling","floor":44,"gold_loss":0},{"damage_healed":0,"gold_gain":0,"player_choice":"Got Potions","damage_taken":0,"max_hp_gain":0,"max_hp_loss":0,"event_name":"Lab","floor":47,"gold_loss":0}],"is_beta":false,"boss_relics":[{"not_picked":["Tiny House","Ectoplasm"],"picked":"Coffee Dripper"},{"not_picked":["Snecko Eye","Black Star"],"picked":"WristBlade"}],"items_purged_floors":[],"is_endless":false,"potions_floor_spawned":[1,4,13,14,18,24,30,31,35,36,39],"ascension_level":9}