{"gold_per_floor":[112,129,140,140,65,65,78,78,104,129,149,114,189,208,208,312,312,331,16,16,16,16,16,33,50,101,101,120,120],"floor_reached":29,"playtime":1335,"items_purged":["Regret"],"score":315,"play_id":"c0c4e637-f457-42a7-8c2e-90a53215a2e4","local_time":"20180819173726","is_ascension_mode":true,"campfire_choices":[{"data":"Zap","floor":6,"key":"SMITH"},{"data":"Self Repair","floor":8,"key":"SMITH"},{"floor":15,"key":"REST"},{"floor":23,"key":"REST"},{"floor":27,"key":"REST"}],"neow_cost":"CURSE","seed_source_timestamp":12735290717282,"circlet_count":0,"master_deck":["Strike_B","Strike_B","Strike_B","Defend_B","Defend_B","Defend_B","Defend_B","Zap+1","Dualcast","Self Repair+1","Auto Shields","Defragment","FTL","Loop","Echo Form","Capacitor+1","RitualDagger","Defragment","Loop"],"relics":["Cracked Core","Ancient Tea Set","Blood Vial","Bottled Flame","Velvet Choker","Toxic Egg 2","Nilry\u0027s Codex","Orichalcum"],"potions_floor_usage":[10,10,18,28],"damage_taken":[{"damage":9,"enemies":"2 Louse","floor":1,"turns":2},{"damage":13,"enemies":"Jaw Worm","floor":2,"turns":4},{"damage":20,"enemies":"Small Slimes","floor":3,"turns":5},{"damage":1,"enemies":"Looter","floor":7,"turns":3},{"damage":37,"enemies":"Gremlin Nob","floor":10,"turns":5},{"damage":18,"enemies":"Exordium Wildlife","floor":11,"turns":5},{"damage":14,"enemies":"Large Slime","floor":14,"turns":6},{"damage":55,"enemies":"The Guardian","floor":16,"turns":13},{"damage":36,"enemies":"Chosen","floor":18,"turns":5},{"damage":38,"enemies":"3 Byrds","floor":24,"turns":6},{"damage":37,"enemies":"Snake Plant","floor":25,"turns":5},{"damage":20,"enemies":"3 Cultists","floor":28,"turns":5},{"damage":51,"enemies":"Centurion and Healer","floor":29,"turns":6}],"seed_played":"901246124769453301","potions_obtained":[{"floor":1,"key":"EssenceOfSteel"},{"floor":7,"key":"EssenceOfSteel"},{"floor":10,"key":"SkillPotion"},{"floor":16,"key":"LiquidBronze"},{"floor":24,"key":"SkillPotion"}],"is_trial":false,"path_per_floor":["M","M","M","?","$","R","M","R","T","E","M","?","?","M","R","B",null,"M","$","?","?","?","R","M","M","T","R","M"],"character_chosen":"DEFECT","items_purchased":["Defragment","Toxic Egg 2"],"campfire_rested":3,"item_purchase_floors":[5,19],"current_hp_per_floor":[73,67,54,51,51,51,50,50,50,25,19,41,30,28,54,11,70,46,46,40,40,24,50,48,30,30,56,48,0],"gold":120,"neow_bonus":"TWENTY_PERCENT_HP_BONUS","is_prod":false,"is_daily":false,"chose_seed":false,"campfire_upgraded":2,"win_rate":0,"timestamp":1534693046,"path_taken":["M","M","M","?","$","R","M","R","T","E","M","?","?","M","R","BOSS","M","$","?","?","?","R","M","M","T","R","M","?"],"build_version":"2018-08-16","purchased_purges":1,"victory":false,"max_hp_per_floor":[89,89,89,89,89,89,89,89,89,89,89,89,89,89,89,89,89,89,89,89,89,89,89,89,89,89,89,89,89],"card_choices":[{"not_picked":["Reinforced Body","Go for the Eyes"],"picked":"Self Repair","floor":1},{"not_picked":["Rebound","Hologram"],"picked":"Auto Shields","floor":2},{"not_picked":["Recycle","Fusion","Turbo"],"picked":"SKIP","floor":3},{"not_picked":["Turbo","Sweeping Beam"],"picked":"FTL","floor":7},{"not_picked":["Compile Driver","Streamline","Go for the Eyes"],"picked":"SKIP","floor":10},{"not_picked":["Steam Power","Redo","Double Energy"],"picked":"SKIP","floor":11},{"not_picked":["Go for the Eyes","Hello World"],"picked":"Loop","floor":14},{"not_picked":["Rainbow","Amplify"],"picked":"Echo Form","floor":16},{"not_picked":["Beam Cell","Rip and Tear"],"picked":"Capacitor+1","floor":18},{"not_picked":["Fusion+1","Streamline"],"picked":"Defragment","floor":24},{"not_picked":["Steam+1","Sweeping Beam","Redo+1"],"picked":"SKIP","floor":25},{"not_picked":["Chill+1","Sweeping Beam+1"],"picked":"Loop","floor":28}],"player_experience":470549,"relics_obtained":[{"floor":9,"key":"Blood Vial"},{"floor":10,"key":"Bottled Flame"},{"floor":22,"key":"Nilry\u0027s Codex"},{"floor":26,"key":"Orichalcum"}],"event_choices":[{"event_name":"Scrap Ooze","player_choice":"success","floor":4,"damage_taken":3},{"event_name":"The Cleric","player_choice":"Healed","floor":12,"damage_taken":0},{"event_name":"World of Goop","player_choice":"Gather Gold","floor":13,"damage_taken":0},{"event_name":"Nest","player_choice":"Joined the Cult","floor":20,"damage_taken":0},{"event_name":"Wheel of Change","player_choice":"Card Removal","floor":21,"damage_taken":0},{"event_name":"Cursed Tome","player_choice":"Obtained Book","floor":22,"damage_taken":0}],"is_beta":false,"boss_relics":[{"not_picked":["Fusion Hammer","Lizard Tail"],"picked":"Velvet Choker"}],"items_purged_floors":[19],"is_endless":false,"potions_floor_spawned":[1,7,10,16,24],"killed_by":"Centurion and Healer","ascension_level":8}