{"gold_per_floor":[115,190,204,204,217,142,157,157,157,157,172,172,172,185,185,280,330,342,267,283,283,158,158,173,173,196,210,85,85],"floor_reached":29,"playtime":1203,"items_purged":["Hello World","Strike_B","Defend_B"],"score":280,"play_id":"50ba03f2-63b4-46a6-9430-04d58d5a8d5c","local_time":"20180811015058","is_ascension_mode":true,"campfire_choices":[{"data":"Zap","floor":8,"key":"SMITH"},{"data":"Dualcast","floor":10,"key":"SMITH"},{"floor":15,"key":"REST"},{"data":"Scrape","floor":23,"key":"SMITH"},{"data":"Steam","floor":25,"key":"SMITH"}],"neow_cost":"CURSE","seed_source_timestamp":561133960800,"circlet_count":0,"master_deck":["Strike_B","Defend_B","Defend_B+1","Zap+1","Dualcast+1","Scrape+1","Rebound","Gash","Glacier","BootSequence+1","Steam+1","BootSequence"],"relics":["Cracked Core","Pear","Ancient Tea Set","Tiny House","DataDisk"],"potions_floor_usage":[20,20],"damage_taken":[{"damage":14,"enemies":"2 Louse","floor":1,"turns":3},{"damage":0,"enemies":"Small Slimes","floor":3,"turns":3},{"damage":7,"enemies":"Jaw Worm","floor":5,"turns":3},{"damage":0,"enemies":"2 Fungi Beasts","floor":7,"turns":2},{"damage":9,"enemies":"3 Louse","floor":11,"turns":3},{"damage":8,"enemies":"Blue Slaver","floor":14,"turns":3},{"damage":57,"enemies":"Hexaghost","floor":16,"turns":11},{"damage":5,"enemies":"Shell Parasite","floor":18,"turns":5},{"damage":16,"enemies":"3 Byrds","floor":20,"turns":5},{"damage":5,"enemies":"Centurion and Healer","floor":24,"turns":8},{"damage":5,"enemies":"Snake Plant","floor":27,"turns":5},{"damage":50,"enemies":"Book of Stabbing","floor":29,"turns":5}],"seed_played":"-105006418554637259","potions_obtained":[{"floor":1,"key":"SpeedPotion"},{"floor":5,"key":"Strength Potion"},{"floor":11,"key":"SneckoOil"},{"floor":14,"key":"Ancient Potion"},{"floor":17,"key":"PowerPotion"},{"floor":27,"key":"Ancient Potion"}],"is_trial":false,"path_per_floor":["M","?","M","?","M","$","M","R","T","R","M","?","?","M","R","B",null,"M","?","M","?","$","R","M","R","T","M","$"],"character_chosen":"DEFECT","items_purchased":["Steam"],"campfire_rested":1,"item_purchase_floors":[22],"current_hp_per_floor":[54,43,43,50,43,43,43,43,43,43,34,27,54,46,70,13,70,65,65,56,56,56,56,51,51,51,46,46,0],"gold":85,"neow_bonus":"TRANSFORM_TWO_CARDS","is_prod":false,"is_daily":false,"chose_seed":false,"campfire_upgraded":4,"win_rate":0,"timestamp":1533945058,"path_taken":["M","?","M","?","?","$","M","R","T","R","M","?","?","M","R","BOSS","M","?","M","?","$","R","M","R","T","M","?","E"],"build_version":"2018-08-09","purchased_purges":3,"victory":false,"max_hp_per_floor":[75,75,75,85,85,85,85,85,85,85,85,82,82,82,82,82,87,87,87,87,87,87,87,87,87,87,87,87,87],"card_choices":[{"not_picked":["Chaos","Barrage"],"picked":"Rebound","floor":1},{"not_picked":["Hologram","Leap","Chill"],"picked":"SKIP","floor":3},{"not_picked":["Fusion","Double Energy"],"picked":"Gash","floor":5},{"not_picked":["Redo","Static Discharge","Beam Cell"],"picked":"SKIP","floor":7},{"not_picked":["Electrodynamics","Rebound"],"picked":"Glacier","floor":11},{"not_picked":["Reprogram","Cold Snap","Streamline"],"picked":"SKIP","floor":14},{"not_picked":["Undo","Redo","Stack"],"picked":"SKIP","floor":18},{"not_picked":["Redo+1","Reprogram"],"picked":"BootSequence+1","floor":20},{"not_picked":["Recycle","Barrage"],"picked":"BootSequence","floor":24},{"not_picked":["White Noise","Consume","Conserve Battery+1"],"picked":"SKIP","floor":27}],"player_experience":403166,"relics_obtained":[{"floor":9,"key":"Ancient Tea Set"},{"floor":26,"key":"DataDisk"}],"event_choices":[{"event_name":"World of Goop","player_choice":"Gather Gold","floor":2,"damage_taken":0},{"event_name":"Scrap Ooze","player_choice":"success","floor":4,"damage_taken":3},{"event_name":"Golden Wing","player_choice":"Card Removal","floor":12,"damage_taken":0},{"event_name":"Big Fish","player_choice":"Banana","floor":13,"damage_taken":0},{"event_name":"Beggar","player_choice":"Gave Gold","floor":19,"damage_taken":0},{"event_name":"Ghosts","player_choice":"Ignored","floor":21,"damage_taken":0}],"is_beta":false,"boss_relics":[{"not_picked":["Coffee Dripper","Black Star"],"picked":"Tiny House"}],"items_purged_floors":[6,22,28],"is_endless":false,"potions_floor_spawned":[1,5,11,14,18,27],"killed_by":"Book of Stabbing","ascension_level":6}