{"gold_per_floor":[111,126,126,142,161,161,192,209,209,219,248,1,1,66,66,171,171,187,187,200,115,115,145,145,145,145,162,162,162,177,177,177,280,280,300,318,278,83,95,95,113,113,113,113,127,158,158,178,178,178,178,178,6,38,38],"floor_reached":55,"playtime":3613,"items_purged":["Strike_G"],"score":772,"play_id":"b77f3658-6327-4530-b9f8-739906febf97","local_time":"20190103232900","is_ascension_mode":false,"campfire_choices":[{"floor":6.0,"key":"REST"},{"floor":13.0,"key":"RECALL"},{"data":"Catalyst","floor":15.0,"key":"SMITH"},{"floor":25.0,"key":"REST"},{"floor":32.0,"key":"REST"},{"data":"Catalyst","floor":40.0,"key":"SMITH"},{"floor":42.0,"key":"REST"},{"floor":44.0,"key":"REST"},{"floor":47.0,"key":"REST"},{"floor":49.0,"key":"REST"},{"data":"Neutralize","floor":52.0,"key":"SMITH"}],"neow_cost":"NONE","seed_source_timestamp":0,"circlet_count":0,"master_deck":["Defend_G","Defend_G","Defend_G+1","Defend_G","Defend_G","Strike_G","Survivor","Neutralize+1","Doppelganger+1","Distraction+1","Choke+1","Noxious Fumes","Deflect+1","Deadly Poison","Quick Slash","Bane","Catalyst+1","Backflip","Envenom+1","Deadly Poison+1","Venomology+1","Catalyst+1","Backflip+1","Poisoned Stab+1","Escape Plan","Sucker Punch+1","Catalyst+1","Prepared+1","Escape Plan"],"special_seed":0,"relics":["Astrolabe","Juzu Bracelet","Frozen Egg 2","Strange Spoon","Philosopher\u0027s Stone","Letter Opener","Bottled Flame","Nunchaku","TwistedFunnel","Darkstone Periapt","Thread and Needle","Happy Flower"],"potions_floor_usage":[55],"damage_taken":[{"damage":0.0,"enemies":"Small Slimes","floor":1.0,"turns":3.0},{"damage":3.0,"enemies":"Jaw Worm","floor":2.0,"turns":2.0},{"damage":0.0,"enemies":"Cultist","floor":4.0,"turns":3.0},{"damage":0.0,"enemies":"Large Slime","floor":5.0,"turns":4.0},{"damage":0.0,"enemies":"Lagavulin","floor":7.0,"turns":5.0},{"damage":5.0,"enemies":"Gremlin Gang","floor":8.0,"turns":4.0},{"damage":0.0,"enemies":"Looter","floor":10.0,"turns":2.0},{"damage":7.0,"enemies":"Gremlin Nob","floor":11.0,"turns":3.0},{"damage":18.0,"enemies":"Hexaghost","floor":16.0,"turns":7.0},{"damage":11.0,"enemies":"Spheric Guardian","floor":18.0,"turns":5.0},{"damage":10.0,"enemies":"3 Byrds","floor":20.0,"turns":5.0},{"damage":5.0,"enemies":"Slavers","floor":23.0,"turns":5.0},{"damage":16.0,"enemies":"Cultist and Chosen","floor":27.0,"turns":5.0},{"damage":1.0,"enemies":"Snecko","floor":30.0,"turns":5.0},{"damage":0.0,"enemies":"Gremlin Leader","floor":31.0,"turns":1.0},{"damage":7.0,"enemies":"Champ","floor":33.0,"turns":7.0},{"damage":12.0,"enemies":"3 Shapes","floor":35.0,"turns":4.0},{"damage":1.0,"enemies":"Orb Walker","floor":36.0,"turns":3.0},{"damage":17.0,"enemies":"4 Shapes","floor":39.0,"turns":5.0},{"damage":22.0,"enemies":"3 Darklings","floor":41.0,"turns":4.0},{"damage":23.0,"enemies":"Sphere and 2 Shapes","floor":45.0,"turns":6.0},{"damage":0.0,"enemies":"Giant Head","floor":46.0,"turns":4.0},{"damage":16.0,"enemies":"Maw","floor":48.0,"turns":4.0},{"damage":39.0,"enemies":"Time Eater","floor":50.0,"turns":7.0},{"damage":23.0,"enemies":"Shield and Spear","floor":54.0,"turns":5.0},{"damage":55,"enemies":"The Heart","floor":55,"turns":3}],"seed_played":"3963307081415974241","potions_obtained":[{"floor":4.0,"key":"AttackPotion"},{"floor":10.0,"key":"SneckoOil"},{"floor":18.0,"key":"GhostInAJar"},{"floor":33.0,"key":"Dexterity Potion"},{"floor":45.0,"key":"SkillPotion"},{"floor":48.0,"key":"EssenceOfSteel"}],"is_trial":false,"path_per_floor":["M","M","?","M","M","R","E","M","T","M","E","$","R","?","R","B",null,"M","?","M","?","$","E","$","R","T","M","?","$","M","E","R","B",null,"M","M","?","$","M","R","M","R","T","R","M","E","R","M","R","B",null,"R","$","E","B"],"character_chosen":"THE_SILENT","items_purchased":["Strange Spoon","Deadly Poison","TwistedFunnel","SmokeBomb"],"campfire_rested":7,"item_purchase_floors":[12,12,38,53],"current_hp_per_floor":[70,67,53,53,53,70,70,65,65,65,58,58,58,58,58,40,70,59,59,49,49,49,44,44,65,65,49,36,36,35,35,57,50,75,63,62,62,62,45,45,23,45,45,67,44,44,66,50,72,33,75,75,75,52,0],"gold":38,"neow_bonus":"BOSS_RELIC","is_prod":false,"is_daily":false,"chose_seed":false,"campfire_upgraded":3,"win_rate":0,"timestamp":1546576140,"path_taken":["M","M","?","M","M","R","E","M","T","M","E","$","R","?","R","BOSS","M","?","M","?","?","E","$","R","T","M","?","$","M","E","R","BOSS","M","M","?","$","M","R","M","R","T","R","M","E","R","M","R","BOSS","R","$","E","BOSS"],"build_version":"2019-01-03v2","purchased_purges":1,"victory":false,"max_hp_per_floor":[70,70,70,70,70,70,70,70,70,70,70,70,70,70,70,70,70,70,70,70,70,70,70,70,70,70,70,75,75,75,75,75,75,75,75,75,75,75,75,75,75,75,75,75,75,75,75,75,75,75,75,75,75,75,75],"card_choices":[{"not_picked":["Underhanded Strike","Endless Agony"],"picked":"Noxious Fumes","floor":1.0},{"not_picked":["Choke","Blade Dance"],"picked":"Deflect","floor":2.0},{"not_picked":["Setup","Dodge and Roll"],"picked":"Deadly Poison","floor":4.0},{"not_picked":["Outmaneuver","Dodge and Roll"],"picked":"Quick Slash","floor":5.0},{"not_picked":["Outmaneuver","Reflex"],"picked":"Bane","floor":7.0},{"not_picked":["Bane","Deadly Poison"],"picked":"Catalyst","floor":8.0},{"not_picked":["Cloak And Dagger","Acrobatics"],"picked":"Backflip","floor":10.0},{"not_picked":["Expertise","Calculated Gamble"],"picked":"Envenom","floor":11.0},{"not_picked":["Doppelganger","Unload"],"picked":"Venomology","floor":16.0},{"not_picked":["Prepared","Backstab+1"],"picked":"Catalyst","floor":18.0},{"not_picked":["Acrobatics","Reflex"],"picked":"Backflip+1","floor":20.0},{"not_picked":["Finisher","Endless Agony+1","Terror"],"picked":"SKIP","floor":23.0},{"not_picked":["Escape Plan","Acrobatics+1"],"picked":"Poisoned Stab+1","floor":27.0},{"not_picked":["Bane","Glass Knife","Dagger Throw+1"],"picked":"SKIP","floor":30.0},{"not_picked":["Footwork+1","Blade Dance"],"picked":"Escape Plan","floor":35.0},{"not_picked":["Dodge and Roll+1","Backstab+1"],"picked":"Sucker Punch+1","floor":36.0},{"not_picked":["Dagger Spray","Blade Dance+1","Terror+1"],"picked":"SKIP","floor":39.0},{"not_picked":["Flying Knee+1","Footwork+1","Dagger Throw+1"],"picked":"SKIP","floor":41.0},{"not_picked":["Underhanded Strike+1","Deflect+1"],"picked":"Catalyst+1","floor":45.0},{"not_picked":["Poisoned Stab","Calculated Gamble+1"],"picked":"Prepared+1","floor":46.0},{"not_picked":["Quick Slash","Dodge and Roll"],"picked":"Escape Plan","floor":48.0},{"not_picked":["Skewer","Choke+1","Terror+1"],"picked":"SKIP","floor":54.0}],"player_experience":108176,"relics_obtained":[{"floor":7.0,"key":"Juzu Bracelet"},{"floor":11.0,"key":"Frozen Egg 2"},{"floor":23.0,"key":"Bottled Flame"},{"floor":26.0,"key":"Nunchaku"},{"floor":43.0,"key":"Darkstone Periapt"},{"floor":46.0,"key":"Thread and Needle"},{"floor":54.0,"key":"Happy Flower"}],"event_choices":[{"damage_healed":0.0,"max_hp_gain":0.0,"max_hp_loss":0.0,"gold_gain":0.0,"event_name":"Shining Light","player_choice":"Entered Light","floor":3.0,"gold_loss":0.0,"damage_taken":14.0,"cards_upgraded":["Defend_G","Deflect"]},{"damage_healed":0.0,"max_hp_gain":0.0,"max_hp_loss":0.0,"gold_gain":65.0,"event_name":"Golden Wing","player_choice":"Gained Gold","floor":14.0,"gold_loss":0.0,"damage_taken":0.0},{"damage_healed":0.0,"max_hp_gain":0.0,"max_hp_loss":0.0,"gold_gain":0.0,"event_name":"Vampires","player_choice":"Ignored","floor":19.0,"gold_loss":0.0,"damage_taken":0.0},{"damage_healed":0.0,"max_hp_gain":0.0,"max_hp_loss":0.0,"gold_gain":0.0,"event_name":"Addict","player_choice":"Obtained Relic","floor":21.0,"gold_loss":85.0,"damage_taken":0.0,"relics_obtained":["Letter Opener"]},{"damage_healed":0.0,"max_hp_gain":5.0,"max_hp_loss":0.0,"gold_gain":0.0,"event_name":"Forgotten Altar","player_choice":"Shed Blood","floor":28.0,"gold_loss":0.0,"damage_taken":18.0},{"damage_healed":0.0,"max_hp_gain":0.0,"max_hp_loss":0.0,"gold_gain":0.0,"event_name":"Designer","player_choice":"Upgraded Two","floor":37.0,"gold_loss":40.0,"damage_taken":0.0,"cards_upgraded":["Deadly Poison","Venomology"]}],"is_beta":false,"boss_relics":[{"not_picked":["Orrery","WristBlade"],"picked":"Philosopher\u0027s Stone"},{"not_picked":["Pandora\u0027s Box","Fusion Hammer","Coffee Dripper"]}],"items_purged_floors":[53],"is_endless":false,"potions_floor_spawned":[4,10,18,20,31,33,39,45,46,48],"killed_by":"The Heart","ascension_level":0}