{"gold_per_floor":[112,112,122,50,50,84,84,110,191,416,430,430,480,515,515,613,613,627,353,367,114,164,198,198,230,230,230,247,267,299,299],"floor_reached":31,"playtime":1000,"items_purged":["Doubt"],"score":418,"play_id":"6eee0299-6a64-40b2-b2b6-7e9c9f5be5e5","local_time":"20180904202636","is_ascension_mode":true,"campfire_choices":[{"data":"Buffer","floor":7,"key":"SMITH"},{"data":"Creative AI","floor":12,"key":"SMITH"},{"floor":15,"key":"REST"},{"floor":24,"key":"REST"},{"data":"Tempest","floor":27,"key":"SMITH"}],"neow_cost":"NONE","seed_source_timestamp":396016557347327,"circlet_count":0,"master_deck":["Strike_B","Strike_B","Strike_B+1","Strike_B+1","Defend_B","Defend_B","Defend_B","Defend_B+1","Zap+1","Dualcast","Beam Cell","Rip and Tear+1","Buffer+1","Creative AI+1","Conserve Battery","Tempest+1","Electrodynamics","BootSequence+1","Magnetism","Jack Of All Trades","Multi-Cast","Undo","Barrage+1","Core Surge"],"relics":["Cracked Core","NeowsBlessing","SsserpentHead","Regal Pillow","Ornamental Fan","Blue Candle","Blood Vial","Cursed Key","Pear","Omamori","Whetstone","Bottled Lightning","Oddly Smooth Stone"],"potions_floor_usage":[14,20,23,23,25],"damage_taken":[{"damage":0,"enemies":"2 Louse","floor":1,"turns":1},{"damage":0,"enemies":"Jaw Worm","floor":3,"turns":1},{"damage":0,"enemies":"Lagavulin","floor":6,"turns":1},{"damage":4,"enemies":"Gremlin Nob","floor":8,"turns":4},{"damage":0,"enemies":"Cultist","floor":11,"turns":4},{"damage":21,"enemies":"3 Sentries","floor":14,"turns":8},{"damage":29,"enemies":"Slime Boss","floor":16,"turns":9},{"damage":11,"enemies":"Spheric Guardian","floor":18,"turns":4},{"damage":5,"enemies":"Shell Parasite","floor":20,"turns":6},{"damage":10,"enemies":"Gremlin Leader","floor":23,"turns":5},{"damage":36,"enemies":"Book of Stabbing","floor":25,"turns":6},{"damage":0,"enemies":"3 Cultists","floor":28,"turns":3},{"damage":11,"enemies":"Snake Plant","floor":29,"turns":3},{"damage":42,"enemies":"Gremlin Leader","floor":30,"turns":5},{"damage":26,"enemies":"Shelled Parasite and Fungi","floor":31,"turns":3}],"seed_played":"6473290196175730552","potions_obtained":[{"floor":6,"key":"Poison Potion"},{"floor":16,"key":"SkillPotion"},{"floor":18,"key":"Explosive Potion"},{"floor":20,"key":"Explosive Potion"},{"floor":23,"key":"SkillPotion"}],"is_trial":false,"path_per_floor":["M","?","M","$","?","E","R","E","T","?","M","R","?","E","R","B",null,"M","$","M","$","?","E","R","E","T","R","M","M","E"],"character_chosen":"DEFECT","items_purchased":["Rip and Tear","Magnetism","Pear"],"campfire_rested":2,"item_purchase_floors":[4,19,21],"current_hp_per_floor":[75,60,60,60,60,60,60,56,56,56,56,56,56,35,72,45,68,59,59,56,66,50,42,82,48,48,48,50,45,5,0],"gold":299,"neow_bonus":"THREE_ENEMY_KILL","is_prod":false,"is_daily":false,"chose_seed":false,"campfire_upgraded":3,"win_rate":0,"timestamp":1536107196,"path_taken":["M","?","M","$","?","E","R","E","T","?","M","R","?","E","R","BOSS","M","$","M","$","?","E","R","E","T","R","M","M","E","M"],"build_version":"2018-08-30","purchased_purges":1,"victory":false,"max_hp_per_floor":[75,75,75,75,75,75,75,75,75,75,75,75,75,75,75,75,75,75,75,75,85,85,85,85,85,85,85,85,85,85,85],"card_choices":[{"not_picked":["Stack","Streamline"],"picked":"Beam Cell","floor":1},{"not_picked":["Recycle","Stack","Rebound"],"picked":"SKIP","floor":3},{"not_picked":["Aggregate","Multi-Cast"],"picked":"Buffer","floor":6},{"not_picked":["Go for the Eyes","Redo"],"picked":"Creative AI","floor":8},{"not_picked":["Force Field","Aggregate"],"picked":"Conserve Battery","floor":11},{"not_picked":["Sweeping Beam","Double Energy"],"picked":"Tempest","floor":14},{"not_picked":["Rainbow","Creative AI"],"picked":"Electrodynamics","floor":16},{"not_picked":["Conserve Battery+1","Streamline"],"picked":"BootSequence+1","floor":18},{"not_picked":["Undo","Streamline","Gash"],"picked":"SKIP","floor":20},{"not_picked":["Conserve Battery","Genetic Algorithm"],"picked":"Multi-Cast","floor":23},{"not_picked":["Compile Driver","Rebound+1"],"picked":"Undo","floor":25},{"not_picked":["Rebound+1","Steam"],"picked":"Barrage+1","floor":28},{"not_picked":["Reprogram","Blizzard+1","Stack+1"],"picked":"SKIP","floor":29},{"not_picked":["Ball Lightning+1","Amplify"],"picked":"Core Surge","floor":30}],"player_experience":509352,"relics_obtained":[{"floor":6,"key":"Regal Pillow"},{"floor":8,"key":"Ornamental Fan"},{"floor":9,"key":"Blue Candle"},{"floor":14,"key":"Blood Vial"},{"floor":23,"key":"Omamori"},{"floor":25,"key":"Whetstone"},{"floor":26,"key":"Bottled Lightning"},{"floor":30,"key":"Oddly Smooth Stone"}],"event_choices":[{"event_name":"Shining Light","player_choice":"Entered Light","floor":2,"damage_taken":0},{"event_name":"FaceTrader","player_choice":"Trade","floor":5,"damage_taken":0},{"event_name":"Liars Game","player_choice":"agreed","floor":10,"damage_taken":0},{"event_name":"Living Wall","player_choice":"Grow","floor":13,"damage_taken":0},{"event_name":"Knowing Skull","player_choice":"CARD ","floor":22,"damage_taken":0}],"is_beta":false,"boss_relics":[{"not_picked":["Black Star","Pandora\u0027s Box"],"picked":"Cursed Key"}],"items_purged_floors":[19],"is_endless":false,"potions_floor_spawned":[6,16,18,20,23],"killed_by":"Shelled Parasite and Fungi","ascension_level":5}