{"gold_per_floor":[112,124,139,150,160,160,173,173,219,234,309,341,352,152,152,252,252,269,221,235,435,453,453,466,466,520,542,573,18,47,60,60,161,161,175,175,189,202,212,212],"floor_reached":40,"playtime":3279,"items_purged":[],"score":631,"play_id":"ad1ad3a9-810d-48e0-9746-613ad3fb50f3","local_time":"20190125002733","is_ascension_mode":true,"campfire_choices":[{"data":"Body Slam","floor":6.0,"key":"SMITH"},{"data":"Flame Barrier","floor":8.0,"key":"SMITH"},{"data":"Demon Form","floor":15.0,"key":"SMITH"},{"data":"Body Slam","floor":23.0,"key":"SMITH"},{"floor":25.0,"key":"REST"},{"data":"Flame Barrier","floor":32.0,"key":"SMITH"}],"neow_cost":"NONE","seed_source_timestamp":0,"circlet_count":0,"master_deck":["Bash","Panacea","Body Slam+1","Clothesline","Flame Barrier+1","Demon Form+1","Armaments","Shrug It Off","Second Wind","Pommel Strike","Flame Barrier+1","Reaper","Shrug It Off","Body Slam+1","Heavy Blade","Armaments+1","Fiend Fire","Flame Barrier","Battle Trance+1","Juggernaut","Fire Breathing","Headbutt","Clothesline","Barricade+1","Metallicize","Combust","Rupture","Perfected Strike","Dark Embrace","Spot Weakness+1","Fire Breathing+1","Parasite","Rage+1"],"special_seed":0,"relics":["Burning Blood","Lantern","Blue Candle","TheAbacus","Mark of Pain","MawBank","Ginger","Pantograph","Bottled Tornado","Pandora\u0027s Box"],"potions_floor_usage":[37,40,40],"damage_taken":[{"damage":4.0,"enemies":"Jaw Worm","floor":1.0,"turns":4.0},{"damage":5.0,"enemies":"Cultist","floor":2.0,"turns":4.0},{"damage":2.0,"enemies":"Small Slimes","floor":3.0,"turns":4.0},{"damage":0.0,"enemies":"2 Fungi Beasts","floor":4.0,"turns":2.0},{"damage":12.0,"enemies":"3 Louse","floor":5.0,"turns":5.0},{"damage":3.0,"enemies":"Looter","floor":7.0,"turns":4.0},{"damage":0.0,"enemies":"Blue Slaver","floor":10.0,"turns":3.0},{"damage":10.0,"enemies":"Lagavulin","floor":12.0,"turns":6.0},{"damage":0.0,"enemies":"Large Slime","floor":13.0,"turns":5.0},{"damage":20.0,"enemies":"The Guardian","floor":16.0,"turns":13.0},{"damage":6.0,"enemies":"2 Thieves","floor":18.0,"turns":5.0},{"damage":15.0,"enemies":"Shell Parasite","floor":20.0,"turns":10.0},{"damage":11.0,"enemies":"Snecko","floor":22.0,"turns":7.0},{"damage":35.0,"enemies":"Centurion and Healer","floor":24.0,"turns":14.0},{"damage":0.0,"enemies":"Snake Plant","floor":27.0,"turns":4.0},{"damage":9.0,"enemies":"Snecko","floor":28.0,"turns":5.0},{"damage":42.0,"enemies":"Gremlin Leader","floor":30.0,"turns":7.0},{"damage":18.0,"enemies":"Centurion and Healer","floor":31.0,"turns":7.0},{"damage":70.0,"enemies":"Champ","floor":33.0,"turns":10.0},{"damage":34.0,"enemies":"Orb Walker","floor":35.0,"turns":5.0},{"damage":33,"enemies":"3 Shapes","floor":37,"turns":6},{"damage":27,"enemies":"Spire Growth","floor":38,"turns":6},{"damage":19,"enemies":"Writhing Mass","floor":39,"turns":6},{"damage":54,"enemies":"Nemesis","floor":40,"turns":5}],"seed_played":"-7636832584956307109","potions_obtained":[{"floor":2.0,"key":"LiquidBronze"},{"floor":3.0,"key":"Explosive Potion"},{"floor":5.0,"key":"BloodPotion"},{"floor":10.0,"key":"AttackPotion"},{"floor":12.0,"key":"Explosive Potion"},{"floor":16.0,"key":"Block Potion"},{"floor":24.0,"key":"GamblersBrew"},{"floor":27.0,"key":"Regen Potion"},{"floor":33.0,"key":"Dexterity Potion"},{"floor":37,"key":"Ancient Potion"}],"is_trial":false,"path_per_floor":["M","M","M","M","M","R","M","R","T","M","?","E","M","$","R","B",null,"M","$","M","?","M","R","M","R","T","M","M","$","E","M","R","B",null,"M","?","M","M","M","E"],"character_chosen":"IRONCLAD","items_purchased":["TheAbacus","Dexterity Potion","Ginger","Pantograph"],"campfire_rested":1,"item_purchase_floors":[14,19,29,29],"current_hp_per_floor":[74,75,79,80,74,74,77,77,77,80,69,65,71,71,71,57,74,80,80,71,71,72,72,51,75,75,80,77,77,80,68,68,33,68,50,50,53,39,26,0],"gold":212,"neow_bonus":"RANDOM_COLORLESS","is_prod":false,"is_daily":false,"chose_seed":false,"campfire_upgraded":5,"win_rate":0,"timestamp":1548372453,"path_taken":["M","M","M","M","M","R","M","R","T","M","?","E","M","$","R","BOSS","M","$","M","?","?","R","M","R","T","M","M","$","E","?","R","BOSS","M","?","M","?","M","E"],"build_version":"2019-01-23","purchased_purges":0,"victory":false,"max_hp_per_floor":[80,80,80,80,80,80,80,80,80,80,80,80,80,80,80,80,80,80,80,80,80,80,80,80,80,80,80,80,80,80,80,80,80,80,80,80,80,80,80,80],"card_choices":[{"not_picked":["True Grit","Headbutt"],"picked":"Body Slam","floor":1.0},{"not_picked":["Rupture","Flex"],"picked":"Clothesline","floor":2.0},{"not_picked":["Rage","Perfected Strike"],"picked":"Flame Barrier","floor":3.0},{"not_picked":["Anger","Blood for Blood"],"picked":"Demon Form","floor":4.0},{"not_picked":["Intimidate","Cleave"],"picked":"Armaments","floor":5.0},{"not_picked":["Havoc","Pommel Strike"],"picked":"Shrug It Off","floor":7.0},{"not_picked":["Dual Wield","Sentinel"],"picked":"Second Wind","floor":10.0},{"not_picked":["Spot Weakness","Rampage"],"picked":"Pommel Strike","floor":12.0},{"not_picked":["Sword Boomerang","Headbutt"],"picked":"Flame Barrier","floor":13.0},{"not_picked":["Fiend Fire","Immolate"],"picked":"Reaper","floor":16.0},{"not_picked":["True Grit","Armaments"],"picked":"Shrug It Off","floor":18.0},{"not_picked":["Reckless Charge+1","Seeing Red"],"picked":"Body Slam","floor":20.0},{"not_picked":["Armaments","Clash"],"picked":"Heavy Blade","floor":22.0},{"not_picked":["Clash","Second Wind+1"],"picked":"Armaments+1","floor":24.0},{"not_picked":["Twin Strike","Pommel Strike"],"picked":"Fiend Fire","floor":27.0},{"not_picked":["Perfected Strike","Cleave","Carnage"],"picked":"SKIP","floor":28.0},{"not_picked":["Body Slam","Evolve"],"picked":"Flame Barrier","floor":30.0},{"not_picked":["Carnage","Twin Strike"],"picked":"Battle Trance+1","floor":31.0},{"not_picked":["Exhume","Brutality"],"picked":"Juggernaut","floor":33.0},{"not_picked":["Blood for Blood+1","Perfected Strike+1"],"picked":"Spot Weakness+1","floor":35.0},{"not_picked":["Twin Strike","Second Wind"],"picked":"Fire Breathing+1","floor":37},{"not_picked":["Havoc","Clothesline","Clash"],"picked":"SKIP","floor":38},{"not_picked":["Headbutt","Iron Wave"],"picked":"Rage+1","floor":39}],"player_experience":370490,"relics_obtained":[{"floor":9.0,"key":"Lantern"},{"floor":12.0,"key":"Blue Candle"},{"floor":26.0,"key":"MawBank"},{"floor":30.0,"key":"Bottled Tornado"}],"event_choices":[{"damage_healed":0.0,"max_hp_gain":0.0,"max_hp_loss":0.0,"gold_gain":75.0,"event_name":"World of Goop","player_choice":"Gather Gold","floor":11.0,"gold_loss":0.0,"damage_taken":11.0},{"damage_healed":0.0,"max_hp_gain":0.0,"max_hp_loss":0.0,"gold_gain":200.0,"event_name":"Wheel of Change","player_choice":"Gold","floor":21.0,"gold_loss":0.0,"damage_taken":0.0},{"damage_healed":0.0,"max_hp_gain":0.0,"max_hp_loss":0.0,"gold_gain":0.0,"event_name":"Upgrade Shrine","player_choice":"Upgraded","floor":36.0,"gold_loss":0.0,"damage_taken":0.0,"cards_upgraded":["Barricade"]}],"is_beta":false,"boss_relics":[{"not_picked":["Tiny House","Eternal Feather"],"picked":"Mark of Pain"},{"not_picked":["Black Star","Empty Cage"],"picked":"Pandora\u0027s Box"}],"items_purged_floors":[],"is_endless":false,"potions_floor_spawned":[2,3,5,10,12,16,24,27,33,37],"killed_by":"Nemesis","ascension_level":9}