{"gold_per_floor":[16,32,45,45,56,91,102,114,188,188,188,113,113,127,127,232,232,243,243,243,75,94,94,122,49,73,73,73,73],"floor_reached":29,"playtime":769,"items_purged":["Strike_B","Strike_B"],"score":279,"play_id":"b283beb5-940c-43d7-8b2a-942638b91d52","local_time":"20180714193740","is_ascension_mode":true,"campfire_choices":[{"floor":10,"key":"REST"},{"floor":13,"key":"REST"},{"floor":15,"key":"REST"},{"data":"Rainbow","floor":23,"key":"SMITH"},{"data":"Decay","floor":27,"key":"PURGE"}],"neow_cost":"NO_GOLD","seed_source_timestamp":221898946590665,"circlet_count":0,"master_deck":["Strike_B","Strike_B+1","Defend_B","Defend_B","Defend_B","Defend_B","Zap","Dualcast+1","Coolheaded","Tempest","Conserve Battery","Biased Cognition","Rainbow+1","Loop","Fission","Writhe"],"relics":["Cracked Core","Sundial","Oddly Smooth Stone","Bag of Preparation","Pantograph","Cursed Key","Nilry\u0027s Codex","Peace Pipe","Juzu Bracelet","DataDisk"],"potions_floor_usage":[5,8,16,18,24],"damage_taken":[{"damage":1,"enemies":"Cultist","floor":1,"turns":3},{"damage":7,"enemies":"Small Slimes","floor":2,"turns":3},{"damage":7,"enemies":"Jaw Worm","floor":3,"turns":3},{"damage":18,"enemies":"Exordium Thugs","floor":5,"turns":4},{"damage":28,"enemies":"3 Sentries","floor":6,"turns":7},{"damage":3,"enemies":"2 Fungi Beasts","floor":7,"turns":4},{"damage":0,"enemies":"Large Slime","floor":8,"turns":4},{"damage":0,"enemies":"Blue Slaver","floor":14,"turns":3},{"damage":4,"enemies":"The Guardian","floor":16,"turns":12},{"damage":10,"enemies":"2 Thieves","floor":18,"turns":4},{"damage":0,"enemies":"Chosen","floor":22,"turns":3},{"damage":10,"enemies":"Book of Stabbing","floor":24,"turns":5},{"damage":44,"enemies":"Slavers","floor":29,"turns":4}],"seed_played":"-7156666386520824410","potions_obtained":[{"floor":2,"key":"SkillPotion"},{"floor":5,"key":"FearPotion"},{"floor":7,"key":"Poison Potion"},{"floor":8,"key":"Poison Potion"},{"floor":14,"key":"Explosive Potion"},{"floor":22,"key":"FocusPotion"}],"is_trial":false,"path_per_floor":["M","M","M","?","M","E","M","M","T","R","?","$","R","M","R","B",null,"M","?","?","$","M","R","E","$","T","R","?"],"character_chosen":"DEFECT","items_purchased":["Loop","Fission"],"campfire_rested":3,"item_purchase_floors":[21,25],"current_hp_per_floor":[74,67,60,57,39,11,8,8,8,30,15,15,37,37,59,71,75,65,65,49,49,49,49,39,39,39,39,39,0],"gold":73,"neow_bonus":"ONE_RARE_RELIC","is_prod":false,"is_daily":false,"chose_seed":false,"campfire_upgraded":1,"win_rate":0,"timestamp":1531589860,"path_taken":["M","M","?","?","M","E","M","M","T","R","?","?","R","M","R","BOSS","M","?","?","$","?","R","E","$","T","R","?","E"],"build_version":"2018-07-13","purchased_purges":2,"victory":false,"max_hp_per_floor":[75,75,75,75,75,75,75,75,75,75,75,75,75,75,75,75,75,75,75,75,75,75,75,75,75,75,75,75,75],"card_choices":[{"not_picked":["Ball Lightning","Cold Snap"],"picked":"Coolheaded","floor":1},{"not_picked":["Redo","Double Energy"],"picked":"Tempest","floor":2},{"not_picked":["Coolheaded","Streamline","Tempest"],"picked":"SKIP","floor":3},{"not_picked":["Static Discharge","Beam Cell","Hologram"],"picked":"SKIP","floor":5},{"not_picked":["Cold Snap","Streamline","Beam Cell"],"picked":"SKIP","floor":6},{"not_picked":["Hologram","Lockon"],"picked":"Conserve Battery","floor":7},{"not_picked":["Stack","Redo"],"picked":"Biased Cognition","floor":8},{"not_picked":["Skim","Sweeping Beam","Stack"],"picked":"SKIP","floor":14},{"not_picked":["Seek","Buffer"],"picked":"Rainbow","floor":16},{"not_picked":["Hologram+1","Gash","Lockon"],"picked":"SKIP","floor":18},{"not_picked":["Rip and Tear","Fusion","Gash"],"picked":"SKIP","floor":22},{"not_picked":["Hello World","Beam Cell+1","Turbo"],"picked":"SKIP","floor":24}],"player_experience":58935,"relics_obtained":[{"floor":6,"key":"Bag of Preparation"},{"floor":9,"key":"Pantograph"},{"floor":20,"key":"Nilry\u0027s Codex"},{"floor":24,"key":"Peace Pipe"},{"floor":26,"key":"Juzu Bracelet"}],"event_choices":[{"event_name":"Scrap Ooze","player_choice":"success","floor":4,"damage_taken":3},{"event_name":"Shining Light","player_choice":"Entered Light","floor":11,"damage_taken":0},{"event_name":"Ghosts","player_choice":"Ignored","floor":19,"damage_taken":0},{"event_name":"Cursed Tome","player_choice":"Obtained Book","floor":20,"damage_taken":0},{"event_name":"The Mausoleum","player_choice":"Yes","floor":28,"damage_taken":0}],"boss_relics":[{"not_picked":["Runic Dome","Velvet Choker"],"picked":"Cursed Key"}],"items_purged_floors":[12,21],"is_endless":false,"potions_floor_spawned":[2,5,7,8,14,22],"killed_by":"Slavers","ascension_level":3}