{"gold_per_floor":[111,111,124,89,100,100,115,115,115,115,147,163,163,163],"floor_reached":14,"playtime":293,"items_purged":[],"score":167,"play_id":"13d440b7-7084-4518-8a3e-9e965d1aa6f8","local_time":"20180928072052","is_ascension_mode":true,"campfire_choices":[{"data":"Defragment","floor":6,"key":"SMITH"},{"data":"Redo","floor":8,"key":"SMITH"},{"data":"Ball Lightning","floor":10,"key":"SMITH"},{"data":"Hologram","floor":13,"key":"SMITH"}],"neow_cost":"NONE","seed_source_timestamp":733586230998426,"circlet_count":0,"master_deck":["Strike_B","Strike_B","Defend_B","Defend_B","Defend_B","Defend_B","Zap","Dualcast","AscendersBane","Turbo","Ball Lightning+1","Defragment+1","Capacitor","Redo+1","Darkness","Hologram+1"],"relics":["Cracked Core","Bronze Scales","Frozen Egg 2"],"potions_floor_usage":[14,14],"damage_taken":[{"damage":1,"enemies":"Cultist","floor":1,"turns":3},{"damage":5,"enemies":"2 Louse","floor":3,"turns":2},{"damage":4,"enemies":"Small Slimes","floor":5,"turns":3},{"damage":2,"enemies":"2 Fungi Beasts","floor":7,"turns":3},{"damage":30,"enemies":"Lagavulin","floor":11,"turns":4},{"damage":14,"enemies":"Exordium Wildlife","floor":12,"turns":3},{"damage":26,"enemies":"Gremlin Gang","floor":14,"turns":2}],"seed_played":"-3100382687617388129","potions_obtained":[{"floor":5,"key":"Energy Potion"},{"floor":12,"key":"FocusPotion"}],"is_trial":false,"path_per_floor":["M","?","M","?","M","R","M","R","T","R","E","M","R"],"character_chosen":"DEFECT","items_purchased":[],"campfire_rested":0,"item_purchase_floors":[],"current_hp_per_floor":[63,63,58,71,67,67,65,65,65,65,35,21,21,0],"gold":163,"neow_bonus":"TRANSFORM_CARD","is_prod":false,"is_daily":false,"chose_seed":false,"campfire_upgraded":4,"win_rate":0,"timestamp":1538133652,"path_taken":["M","?","M","?","M","R","M","R","T","R","E","M","R","M"],"build_version":"2018-09-27","purchased_purges":0,"victory":false,"max_hp_per_floor":[71,71,71,71,71,71,71,71,71,71,71,71,71,71],"card_choices":[{"not_picked":["Conserve Battery","Chaos"],"picked":"Ball Lightning","floor":1},{"not_picked":["Cold Snap","Gash"],"picked":"Defragment","floor":3},{"not_picked":["Scrape","Go for the Eyes"],"picked":"Capacitor","floor":5},{"not_picked":["Gash","Steam Power"],"picked":"Redo","floor":7},{"not_picked":["Stack","Fusion"],"picked":"Darkness","floor":11},{"not_picked":["Streamline","Conserve Battery"],"picked":"Hologram","floor":12}],"player_experience":597118,"relics_obtained":[{"floor":9,"key":"Bronze Scales"},{"floor":11,"key":"Frozen Egg 2"}],"event_choices":[{"event_name":"Bonfire Elementals","player_choice":"BASIC","floor":2,"damage_taken":0},{"event_name":"The Cleric","player_choice":"Healed","floor":4,"damage_taken":0}],"is_beta":false,"boss_relics":[],"items_purged_floors":[],"is_endless":false,"potions_floor_spawned":[5,12],"killed_by":"Gremlin Gang","ascension_level":17}