{"gold_per_floor":[112,124,38,38,38,71,71,71,153,177,67,85,17,17,17,143,143,156,175,200,200],"floor_reached":21,"playtime":915,"items_purged":["Injury"],"score":188,"play_id":"5017c839-a99a-4cb5-ba4e-b7fbe4cf1cb3","local_time":"20190502215647","is_ascension_mode":true,"campfire_choices":[{"floor":8,"key":"REST"},{"data":"Poisoned Stab","floor":15,"key":"SMITH"}],"neow_cost":"TEN_PERCENT_HP_LOSS","seed_source_timestamp":452593711418700,"circlet_count":0,"master_deck":["Defend_G","Defend_G","Defend_G","Defend_G","Defend_G","Strike_G","Strike_G","Strike_G","Strike_G","Survivor","Neutralize","Malaise","Poisoned Stab+1","Slice","Madness","Poisoned Stab","Escape Plan","Deadly Poison","Caltrops+1","Masterful Stab","Well Laid Plans+1","Glass Knife","Blur+1","Dagger Spray","Slice"],"relics":["Ring of the Snake","Golden Idol","Frozen Egg 2","Turnip","Ornamental Fan","WristBlade"],"potions_floor_usage":[6,20,20,21],"damage_taken":[{"damage":2,"enemies":"Cultist","floor":1,"turns":5},{"damage":7,"enemies":"2 Louse","floor":2,"turns":3},{"damage":22,"enemies":"Lagavulin","floor":6,"turns":10},{"damage":3,"enemies":"Jaw Worm","floor":10,"turns":3},{"damage":4,"enemies":"2 Fungi Beasts","floor":12,"turns":3},{"damage":16,"enemies":"Hexaghost","floor":16,"turns":9},{"damage":15,"enemies":"Spheric Guardian","floor":18,"turns":4},{"damage":10,"enemies":"3 Byrds","floor":19,"turns":3},{"damage":11,"enemies":"Centurion and Healer","floor":20,"turns":6},{"damage":32,"enemies":"3 Cultists","floor":21,"turns":5}],"seed_played":"1648205901945709108","potions_obtained":[{"floor":2,"key":"Weak Potion"},{"floor":10,"key":"SteroidPotion"},{"floor":12,"key":"FearPotion"},{"floor":18,"key":"GhostInAJar"},{"floor":20,"key":"Ancient Potion"}],"is_trial":false,"path_per_floor":["M","M","$","?","T","E","?","R","T","M","$","M","$","T","R","B",null,"M","M","M","M"],"character_chosen":"THE_SILENT","items_purchased":["Madness","Caltrops+1","Well Laid Plans+1"],"campfire_rested":1,"item_purchase_floors":[3,11,13],"current_hp_per_floor":[61,54,54,54,54,32,32,50,50,47,47,43,43,43,43,27,63,48,38,27,0],"gold":200,"neow_bonus":"THREE_RARE_CARDS","is_prod":false,"is_daily":false,"chose_seed":false,"campfire_upgraded":1,"win_rate":0,"timestamp":1556852207,"path_taken":["M","?","$","?","?","E","?","R","T","M","$","M","$","?","R","BOSS","M","M","M","M"],"build_version":"2019-01-23","purchased_purges":1,"victory":false,"max_hp_per_floor":[63,63,63,63,63,63,63,63,63,63,63,63,63,63,63,63,63,63,63,63,63],"card_choices":[{"not_picked":["Doppelganger","After Image"],"picked":"Malaise","floor":0},{"not_picked":["Catalyst","Deflect"],"picked":"Poisoned Stab","floor":1},{"not_picked":["Blade Dance","Eviscerate"],"picked":"Slice","floor":2},{"not_picked":["Predator","Eviscerate"],"picked":"Poisoned Stab","floor":6},{"not_picked":["Infinite Blades+1","Terror"],"picked":"Deadly Poison","floor":10},{"not_picked":["Doppelganger","Dash"],"picked":"Masterful Stab","floor":12},{"not_picked":["Die Die Die","Tools of the Trade+1"],"picked":"Glass Knife","floor":16},{"not_picked":["Slice","Sucker Punch"],"picked":"Blur+1","floor":18},{"not_picked":["Dagger Throw","Predator+1"],"picked":"Dagger Spray","floor":19},{"not_picked":["Leg Sweep","Underhanded Strike"],"picked":"Slice","floor":20}],"player_experience":199882,"relics_obtained":[{"floor":5,"key":"Frozen Egg 2"},{"floor":6,"key":"Turnip"},{"floor":14,"key":"Ornamental Fan"}],"event_choices":[{"damage_healed":0,"gold_gain":0,"player_choice":"Take Wound","damage_taken":0,"relics_obtained":["Golden Idol"],"max_hp_gain":0,"max_hp_loss":0,"event_name":"Golden Idol","floor":4,"gold_loss":0,"cards_obtained":["Injury"]},{"damage_healed":0,"gold_gain":0,"cards_transformed":["Strike_G"],"player_choice":"Change","damage_taken":0,"max_hp_gain":0,"max_hp_loss":0,"event_name":"Living Wall","floor":7,"gold_loss":0,"cards_obtained":["Escape Plan"]}],"is_beta":false,"boss_relics":[{"not_picked":["Calling Bell","Tiny House"],"picked":"WristBlade"}],"items_purged_floors":[11],"is_endless":false,"potions_floor_spawned":[2,10,12,18,20],"killed_by":"3 Cultists","ascension_level":1}