{"path_per_floor":["M","M","?","M","E","R","E","T","$","?","R","M","M","R"],"character_chosen":"DEFECT","items_purchased":[],"gold_per_floor":[99,99,70,70,35,35,35,35,35,35,35,35,35,35,35],"floor_reached":15,"campfire_rested":2,"playtime":846,"current_hp_per_floor":[65,64,64,57,15,37,25,25,25,25,47,43,44,44,0],"items_purged":[],"gold":35,"score":139,"play_id":"7c6b972a-3e0a-461c-8313-3242b793e209","local_time":"20180517085910","is_prod":false,"is_daily":false,"chose_seed":false,"is_ascension_mode":true,"campfire_upgraded":1,"timestamp":1526561950,"campfire_choices":[{"floor":6,"key":"REST"},{"floor":11,"key":"REST"},{"data":"Ball Lightning","floor":14,"key":"SMITH"}],"path_taken":["M","M","?","?","?","E","R","E","T","?","?","R","M","M","R","BOSS"],"build_version":"2018-05-16","seed_source_timestamp":0,"purchased_purges":0,"victory":false,"master_deck":["Strike_B","Strike_B","Strike_B","Strike_B","Defend_B","Defend_B","Defend_B","Defend_B","Zap","Dualcast","Turbo","Cold Snap","Self Repair","Cold Snap","Ball Lightning+1","Coolheaded","Hologram"],"max_hp_per_floor":[75,75,75,75,75,75,75,75,75,75,75,75,75,75,75],"relics":["Ectoplasm","Happy Flower","Ancient Tea Set"],"card_choices":[{"not_picked":["Double Energy","Gash"],"picked":"Turbo","floor":1.0},{"not_picked":["Turbo","Consume"],"picked":"Cold Snap","floor":2.0},{"not_picked":["Hologram","Axe Kick"],"picked":"Self Repair","floor":4.0},{"not_picked":["Turbo","Axe Kick"],"picked":"Cold Snap","floor":5},{"not_picked":["Steam","Genetic Algorithm"],"picked":"Ball Lightning","floor":7},{"not_picked":["Heatsinks","Turbo"],"picked":"Coolheaded","floor":12},{"not_picked":["Leap","Steam"],"picked":"Hologram","floor":13}],"player_experience":90613,"potions_floor_usage":[5,7],"damage_taken":[{"damage":3.0,"enemies":"2 Louse","floor":1.0,"turns":4.0},{"damage":1.0,"enemies":"Cultist","floor":2.0,"turns":4.0},{"damage":7.0,"enemies":"Small Slimes","floor":4.0,"turns":4.0},{"damage":14.0,"enemies":"Exordium Wildlife","floor":5.0,"turns":5.0},{"damage":60,"enemies":"Gremlin Nob","floor":5,"turns":5},{"damage":19,"enemies":"Lagavulin","floor":7,"turns":8},{"damage":11,"enemies":"Blue Slaver","floor":12,"turns":4},{"damage":6,"enemies":"Large Slime","floor":13,"turns":6},{"damage":49,"enemies":"Hexaghost","floor":15,"turns":10}],"relics_obtained":[{"floor":7,"key":"Happy Flower"},{"floor":8,"key":"Ancient Tea Set"}],"event_choices":[{"event_name":"World of Goop","player_choice":"Left","floor":3.0,"damage_taken":0.0},{"event_name":"The Cleric","player_choice":"Healed","floor":5,"damage_taken":0},{"event_name":"Scrap Ooze","player_choice":"unsuccessful","floor":10,"damage_taken":0}],"boss_relics":[],"potions_floor_spawned":[1,2,7],"seed_played":"3507484075559631359","killed_by":"Hexaghost","ascension_level":8,"potions_obtained":[{"floor":1.0,"key":"Swift Potion"},{"floor":2.0,"key":"Strength Potion"},{"floor":7,"key":"Strength Potion"}],"is_trial":false}