{"gold_per_floor":[115,138,157,83,94,94,122,122,145,164,194,210,210,210,210,306,306,327,16,16,28,40,52,88,100,139,151,163,211,237,249,261,366,378,413,445,457,493,529,541,276,276,276,291,27,27,48,66,66,66,66],"floor_reached":51,"playtime":1417,"items_purged":["Normality"],"score":1304,"play_id":"29e706cd-efc8-4a4d-a019-e3bae162fabb","local_time":"20190206070710","is_ascension_mode":true,"campfire_choices":[{"data":"Perfected Strike","floor":6.0,"key":"SMITH"},{"data":"Double Tap","floor":8.0,"key":"SMITH"},{"floor":13.0,"key":"REST"},{"data":"Flex","floor":15.0,"key":"SMITH"},{"data":"Flex","floor":23.0,"key":"SMITH"},{"data":"Heavy Blade","floor":25.0,"key":"SMITH"},{"data":"Dark Embrace","floor":27.0,"key":"SMITH"},{"floor":32.0,"key":"REST"},{"floor":40.0,"key":"REST"},{"data":"Flex","floor":46.0,"key":"SMITH"},{"floor":49.0,"key":"REST"}],"neow_cost":"NONE","seed_source_timestamp":0,"circlet_count":0,"master_deck":["AscendersBane","Strike_R+1","Strike_R","Strike_R","Strike_R","Strike_R","Defend_R","Defend_R","Defend_R","Defend_R","Bash+1","Cleave","Double Tap+1","Flex+1","Dark Embrace+1","Heavy Blade+1","Infernal Blade","Reaper","Flex+1","Rampage","Cleave+1","Impervious","Parasite","Parasite","Havoc+1","Havoc","Sword Boomerang+1","Flash of Steel","Whirlwind","Flex+1","Shockwave+1"],"special_seed":0,"relics":["Burning Blood","NeowsBlessing","Art of War","Oddly Smooth Stone","Whetstone","Gambling Chip","Golden Idol","Busted Crown","Brimstone","MawBank","Dream Catcher","Red Skull","Calling Bell","Strawberry","Kunai","Incense Burner","Blue Candle","Bag of Marbles"],"potions_floor_usage":[],"damage_taken":[{"damage":0.0,"enemies":"Cultist","floor":1.0,"turns":1.0},{"damage":0.0,"enemies":"Jaw Worm","floor":3.0,"turns":1.0},{"damage":0.0,"enemies":"2 Louse","floor":5.0,"turns":1.0},{"damage":10.0,"enemies":"Gremlin Nob","floor":7.0,"turns":3.0},{"damage":13.0,"enemies":"Blue Slaver","floor":10.0,"turns":2.0},{"damage":34.0,"enemies":"Lagavulin","floor":11.0,"turns":5.0},{"damage":8.0,"enemies":"Red Slaver","floor":12.0,"turns":2.0},{"damage":54.0,"enemies":"Slime Boss","floor":16.0,"turns":11.0},{"damage":7.0,"enemies":"Spheric Guardian","floor":18.0,"turns":3.0},{"damage":6.0,"enemies":"3 Byrds","floor":24.0,"turns":3.0},{"damage":11.0,"enemies":"Book of Stabbing","floor":29.0,"turns":3.0},{"damage":21.0,"enemies":"Snake Plant","floor":30.0,"turns":2.0},{"damage":0.0,"enemies":"Snecko","floor":31.0,"turns":1.0},{"damage":38.0,"enemies":"Automaton","floor":33.0,"turns":4.0},{"damage":48.0,"enemies":"3 Darklings","floor":35.0,"turns":4.0},{"damage":0.0,"enemies":"Orb Walker","floor":36.0,"turns":2.0},{"damage":33.0,"enemies":"Spire Growth","floor":38.0,"turns":3.0},{"damage":31.0,"enemies":"Maw","floor":39.0,"turns":6.0},{"damage":0.0,"enemies":"Transient","floor":44.0,"turns":6.0},{"damage":34.0,"enemies":"4 Shapes","floor":47.0,"turns":4.0},{"damage":8.0,"enemies":"Spire Growth","floor":48.0,"turns":3.0},{"damage":64.0,"enemies":"Donu and Deca","floor":50.0,"turns":5.0},{"damage":23,"enemies":"Awakened One","floor":51,"turns":2}],"seed_played":"4523905790423887819","potions_obtained":[{"floor":3.0,"key":"Energy Potion"},{"floor":7.0,"key":"PowerPotion"},{"floor":10.0,"key":"LiquidBronze"},{"floor":12.0,"key":"GamblersBrew"},{"floor":16.0,"key":"EssenceOfSteel"},{"floor":18.0,"key":"Block Potion"},{"floor":30.0,"key":"SmokeBomb"},{"floor":44.0,"key":"Strength Potion"},{"floor":47.0,"key":"Fire Potion"}],"is_trial":false,"path_per_floor":["M","T","M","$","M","R","E","R","T","M","E","M","R","?","R","B",null,"M","$","?","?","$","R","M","R","T","R","?","E","M","M","R","B",null,"M","M","?","M","M","R","$","?","T","M","$","R","M","M","R","B","B"],"character_chosen":"IRONCLAD","items_purchased":["Double Tap","Flex","Brimstone","Rampage","Block Potion","Swift Potion","Flash of Steel","Bag of Marbles","Whirlwind","Flex"],"campfire_rested":4,"item_purchase_floors":[4,19,19,19,41,41,41,45,45,45],"current_hp_per_floor":[74,74,75,75,75,75,71,71,71,64,36,34,56,56,56,8,58,57,57,57,57,57,57,62,62,62,62,67,62,47,53,75,43,74,40,46,46,31,29,53,53,53,53,77,77,77,50,48,72,54,31],"gold":66,"neow_bonus":"THREE_ENEMY_KILL","is_prod":false,"is_daily":false,"chose_seed":false,"campfire_upgraded":7,"win_rate":0,"timestamp":1549454830,"path_taken":["M","?","M","?","?","R","E","R","T","?","E","M","R","?","R","BOSS","M","$","?","?","$","R","?","R","T","R","?","E","M","M","R","BOSS","M","?","?","M","?","R","$","?","T","M","?","R","M","M","R","BOSS","BOSS"],"build_version":"2019-01-23","purchased_purges":1,"victory":false,"max_hp_per_floor":[75,75,75,75,75,75,75,75,75,75,75,75,75,75,75,75,75,75,75,75,75,75,75,75,75,75,75,75,75,75,75,75,75,82,82,82,82,82,82,82,82,82,82,82,82,82,82,82,82,82,82],"card_choices":[{"not_picked":["Evolve","Clash"],"picked":"Perfected Strike","floor":1.0},{"not_picked":["Pommel Strike","Headbutt"],"picked":"Cleave","floor":3.0},{"not_picked":["Reckless Charge","Anger","Power Through"],"picked":"SKIP","floor":5.0},{"not_picked":["Clash","Blood for Blood"],"picked":"Flex","floor":7.0},{"not_picked":["Armaments","Warcry"],"picked":"Dark Embrace","floor":10.0},{"not_picked":["Iron Wave","Bludgeon"],"picked":"Heavy Blade","floor":11.0},{"not_picked":["Clash","True Grit"],"picked":"Infernal Blade","floor":12.0},{"not_picked":["Brutality","Juggernaut"],"picked":"Reaper","floor":16.0},{"not_picked":["Sword Boomerang"],"picked":"SKIP","floor":18.0},{"not_picked":["Second Wind"],"picked":"SKIP","floor":24.0},{"not_picked":["Anger"],"picked":"SKIP","floor":29.0},{"not_picked":["Bloodletting"],"picked":"SKIP","floor":30.0},{"not_picked":[],"picked":"Cleave+1","floor":32.0},{"not_picked":[],"picked":"Impervious","floor":33.0},{"not_picked":[],"picked":"Havoc","floor":35.0},{"not_picked":["Rupture"],"picked":"SKIP","floor":36.0},{"not_picked":[],"picked":"Havoc","floor":38.0},{"not_picked":["Uppercut"],"picked":"SKIP","floor":39.0},{"not_picked":[],"picked":"Sword Boomerang+1","floor":40.0},{"not_picked":["Havoc"],"picked":"SKIP","floor":44.0},{"not_picked":["Warcry"],"picked":"SKIP","floor":47.0},{"not_picked":["Dropkick"],"picked":"SKIP","floor":48.0},{"not_picked":[],"picked":"Shockwave+1","floor":49.0}],"player_experience":822547,"relics_obtained":[{"floor":2.0,"key":"Art of War"},{"floor":7.0,"key":"Oddly Smooth Stone"},{"floor":9.0,"key":"Whetstone"},{"floor":11.0,"key":"Gambling Chip"},{"floor":26.0,"key":"Dream Catcher"},{"floor":29.0,"key":"Red Skull"},{"floor":34.0,"key":"Strawberry"},{"floor":34.0,"key":"Kunai"},{"floor":34.0,"key":"Incense Burner"},{"floor":43.0,"key":"Blue Candle"}],"event_choices":[{"damage_healed":0.0,"max_hp_gain":0.0,"max_hp_loss":0.0,"gold_gain":0.0,"event_name":"Golden Idol","player_choice":"Take Wound","floor":14.0,"gold_loss":0.0,"damage_taken":0.0,"relics_obtained":["Golden Idol"],"cards_obtained":["Injury"]},{"damage_healed":0.0,"max_hp_gain":0.0,"max_hp_loss":0.0,"gold_gain":0.0,"event_name":"The Mausoleum","player_choice":"Opened","floor":20.0,"gold_loss":0.0,"damage_taken":0.0,"relics_obtained":["MawBank"],"cards_obtained":["Writhe"]},{"cards_removed":["Writhe","Injury"],"damage_healed":0.0,"max_hp_gain":0.0,"max_hp_loss":0.0,"gold_gain":0.0,"event_name":"Fountain of Cleansing","player_choice":"Removed Curses","floor":21.0,"gold_loss":0.0,"damage_taken":0.0},{"cards_removed":["Perfected Strike"],"damage_healed":5.0,"max_hp_gain":0.0,"max_hp_loss":0.0,"gold_gain":0.0,"event_name":"Bonfire Elementals","player_choice":"Offered Common","floor":28.0,"gold_loss":0.0,"damage_taken":0.0},{"cards_removed":["Perfected Strike"],"damage_healed":5.0,"max_hp_gain":0.0,"max_hp_loss":0.0,"gold_gain":0.0,"event_name":"Bonfire Elementals","player_choice":"Offered Special","floor":28.0,"gold_loss":0.0,"damage_taken":0.0},{"damage_healed":0.0,"max_hp_gain":0.0,"max_hp_loss":0.0,"gold_gain":0.0,"event_name":"Upgrade Shrine","player_choice":"Upgraded","floor":37.0,"gold_loss":0.0,"damage_taken":0.0,"cards_upgraded":["Havoc"]},{"damage_healed":0.0,"max_hp_gain":0.0,"max_hp_loss":0.0,"gold_gain":0.0,"event_name":"Mysterious Sphere","player_choice":"Ignored","floor":42.0,"gold_loss":0.0,"damage_taken":0.0}],"is_beta":false,"boss_relics":[{"not_picked":["Sozu","Black Star"],"picked":"Busted Crown"},{"not_picked":["Astrolabe","Cursed Key"],"picked":"Calling Bell"}],"items_purged_floors":[41],"is_endless":false,"potions_floor_spawned":[3,7,10,12,16,18,30,31,44,47],"killed_by":"Awakened One","ascension_level":20}