{"path_per_floor":["M","$","M","M","M","R","?","R","T","?","R","$","E","?","R","B",null,"M"],"character_chosen":"DEFECT","items_purchased":["Regen Potion"],"gold_per_floor":[116,41,59,76,92,92,92,92,92,92,92,40,71,146,146,242,242,261,261],"floor_reached":19,"campfire_rested":1,"playtime":1572,"current_hp_per_floor":[67,67,66,66,58,58,58,58,58,43,43,43,41,30,52,48,75,68,68],"items_purged":["Strike_B"],"gold":261,"score":165,"play_id":"ec55c75c-e1b8-4c84-8ded-538caa55d0b3","local_time":"20180427193317","is_prod":false,"is_daily":false,"chose_seed":false,"is_ascension_mode":false,"campfire_upgraded":3,"timestamp":1524871997,"path_taken":["M","$","M","M","M","R","?","R","T","?","R","$","E","?","R","BOSS","M","M"],"build_version":"2018-04-26v2","seed_source_timestamp":387996892337383,"purchased_purges":1,"victory":false,"master_deck":["Strike_B+1","Strike_B","Strike_B","Defend_B","Defend_B+1","Defend_B","Defend_B","Zap+1","Dualcast+1","Allocate+1","Glacier","Seek","Zap+1","Reprogram","Ball Lightning","Thunder Strike","Decay","Decay","Decay","Tempest"],"max_hp_per_floor":[75,75,75,75,75,75,75,75,75,75,75,75,75,75,75,75,75,75,75],"relics":["Cracked Core","Pen Nib","Ornamental Fan","Calling Bell","Bag of Marbles","Toolbox","Sundial"],"card_choices":[{"not_picked":["Cold Snap","Doom and Gloom"],"picked":"Allocate","floor":1},{"not_picked":["Gash","Auto Shields"],"picked":"Glacier","floor":3},{"not_picked":["Leap","Aggregate"],"picked":"Seek","floor":5},{"not_picked":["Conserve Battery","Steam Power"],"picked":"Ball Lightning","floor":13},{"not_picked":["Biased Cognition","Prime"],"picked":"Thunder Strike","floor":16},{"not_picked":["Undo","Stack"],"picked":"Tempest","floor":18}],"player_experience":12825,"potions_floor_usage":[13,18,18],"damage_taken":[{"damage":8,"enemies":"Jaw Worm","floor":1,"turns":3},{"damage":1,"enemies":"Cultist","floor":3,"turns":4},{"damage":0,"enemies":"2 Louse","floor":4,"turns":3},{"damage":8,"enemies":"Blue Slaver","floor":5,"turns":4},{"damage":11,"enemies":"Gremlin Nob","floor":13,"turns":4},{"damage":4,"enemies":"The Guardian","floor":16,"turns":9},{"damage":7,"enemies":"Spheric Guardian","floor":18,"turns":7},{"damage":0,"enemies":"Shell Parasite","floor":19,"turns":2}],"event_choices":[{"event_name":"Match and Keep!","player_choice":"2 cards matched","floor":7,"damage_taken":0},{"event_name":"Shining Light","player_choice":"Entered Light","floor":10,"damage_taken":0},{"event_name":"World of Goop","player_choice":"Gather Gold","floor":14,"damage_taken":0}],"boss_relics":[{"not_picked":["Runic Dome","White Beast Statue"],"picked":"Calling Bell"}],"potions_floor_spawned":[1,13],"seed_played":"1730910441203680687","killed_by":"Shell Parasite","ascension_level":0,"is_trial":false}