{"gold_per_floor":[116,128,128,141,141,167,167,185,185,135,166,182,201,226,226,321,321,338,140,55,69,87,87,12,12],"floor_reached":25,"playtime":970,"items_purged":["Recycle"],"score":268,"play_id":"86a9e4cb-104f-4b80-b52b-976eff27f424","local_time":"20180816005744","is_ascension_mode":true,"campfire_choices":[{"data":"Loop","floor":7,"key":"SMITH"},{"floor":15,"key":"REST"},{"floor":23,"key":"REST"}],"neow_cost":"","seed_source_timestamp":354459062598993,"circlet_count":0,"master_deck":["Defend_B","Defend_B","Defend_B","Zap","Dualcast","Rip and Tear","Loop+1","Conserve Battery","Echo Form","White Noise","Beam Cell","Gash","Melter","All For One","Rebound+1","Chaos+1","Aggregate+1","Beam Cell","Violence","Streamline+1"],"relics":["Cracked Core","Bottled Tornado","Gambling Chip","Nunchaku","Pantograph","Astrolabe","Calipers"],"potions_floor_usage":[6,6,14,14,14,25],"damage_taken":[{"damage":6,"enemies":"Cultist","floor":1,"turns":4},{"damage":2,"enemies":"Jaw Worm","floor":2,"turns":3},{"damage":1,"enemies":"Small Slimes","floor":4,"turns":3},{"damage":4,"enemies":"3 Sentries","floor":6,"turns":9},{"damage":1,"enemies":"2 Fungi Beasts","floor":8,"turns":2},{"damage":13,"enemies":"Lagavulin","floor":11,"turns":5},{"damage":9,"enemies":"3 Louse","floor":12,"turns":3},{"damage":14,"enemies":"Blue Slaver","floor":13,"turns":3},{"damage":6,"enemies":"Gremlin Nob","floor":14,"turns":4},{"damage":35,"enemies":"The Guardian","floor":16,"turns":9},{"damage":28,"enemies":"Shell Parasite","floor":18,"turns":4},{"damage":18,"enemies":"3 Byrds","floor":21,"turns":4},{"damage":27,"enemies":"Centurion and Healer","floor":22,"turns":5},{"damage":29,"enemies":"Slavers","floor":25,"turns":2}],"seed_played":"-2916424018683084590","potions_obtained":[{"floor":1,"key":"SkillPotion"},{"floor":4,"key":"Fire Potion"},{"floor":11,"key":"Explosive Potion"},{"floor":12,"key":"SkillPotion"},{"floor":13,"key":"FocusPotion"},{"floor":22,"key":"Strength Potion"}],"is_trial":false,"path_per_floor":["M","M","$","M","?","E","R","M","T","?","E","M","M","E","R","B",null,"M","$","?","M","M","R","$"],"character_chosen":"DEFECT","items_purchased":["Violence"],"campfire_rested":2,"item_purchase_floors":[19],"current_hp_per_floor":[69,67,67,66,59,55,55,54,54,54,41,32,18,12,34,24,75,47,47,47,29,2,24,24,0],"gold":12,"neow_bonus":"","is_prod":false,"is_daily":false,"chose_seed":false,"campfire_upgraded":1,"win_rate":0,"timestamp":1534373864,"path_taken":["M","M","?","M","?","E","R","M","T","?","E","?","M","E","R","BOSS","M","$","?","M","M","R","?","E"],"build_version":"2018-08-14","purchased_purges":1,"victory":false,"max_hp_per_floor":[75,75,75,75,75,75,75,75,75,75,75,75,75,75,75,75,75,75,75,75,75,75,75,75,75],"card_choices":[{"not_picked":["Redo","Leap"],"picked":"Rip and Tear","floor":1},{"not_picked":["Stack","Blizzard"],"picked":"Loop","floor":2},{"not_picked":["Steam Power","Barrage"],"picked":"Conserve Battery","floor":4},{"not_picked":["Steam","Stack"],"picked":"Echo Form","floor":6},{"not_picked":["Steam","Go for the Eyes"],"picked":"Recycle","floor":8},{"not_picked":["Force Field","Undo"],"picked":"White Noise","floor":11},{"not_picked":["Rip and Tear","Self Repair"],"picked":"Beam Cell","floor":12},{"not_picked":["Stack","Capacitor"],"picked":"Gash","floor":13},{"not_picked":["Turbo","Tempest"],"picked":"Melter","floor":14},{"not_picked":["Biased Cognition","Amplify"],"picked":"All For One","floor":16},{"not_picked":["Redo","Aggregate"],"picked":"Beam Cell","floor":18},{"not_picked":["Redo+1","Gash"],"picked":"Streamline+1","floor":21},{"not_picked":["Compile Driver","Blizzard","Consume"],"picked":"SKIP","floor":22}],"player_experience":69321,"relics_obtained":[{"floor":6,"key":"Bottled Tornado"},{"floor":9,"key":"Gambling Chip"},{"floor":11,"key":"Nunchaku"},{"floor":14,"key":"Pantograph"}],"event_choices":[{"event_name":"Golden Wing","player_choice":"Card Removal","floor":5,"damage_taken":0},{"event_name":"The Cleric","player_choice":"Card Removal","floor":10,"damage_taken":0},{"event_name":"Addict","player_choice":"Obtained Relic","floor":20,"damage_taken":0}],"is_beta":true,"boss_relics":[{"not_picked":["Coffee Dripper","Cursed Key"],"picked":"Astrolabe"}],"items_purged_floors":[24],"is_endless":false,"potions_floor_spawned":[1,4,11,12,13,22],"killed_by":"Slavers","ascension_level":4}