{"gold_per_floor":[119,131,206,221,396,396,396,49,128,140,140,150,164,178,178,281,331,347,347,358,358,358],"floor_reached":22,"playtime":768,"items_purged":["Doubt"],"score":258,"play_id":"6a247415-ac1c-4128-9957-87ddedef4c07","local_time":"20180918074743","is_ascension_mode":true,"campfire_choices":[{"floor":6.0,"key":"REST"},{"data":"Clothesline","floor":11.0,"key":"SMITH"},{"floor":15.0,"key":"REST"}],"neow_cost":"NONE","seed_source_timestamp":0,"circlet_count":0,"master_deck":["Strike_B","Strike_B","Strike_B","Strike_B","Defend_B","Defend_B+1","Defend_B","Defend_B","Zap","Dualcast","Steam","Static Discharge+1","Sweeping Beam","Loop","Clothesline+1","Body Slam","True Grit","Armaments+1","Decay"],"special_seed":0,"relics":["Cracked Core","Vajra","PrismaticShard","Tiny Chest","Tiny House"],"potions_floor_usage":[21,21],"damage_taken":[{"damage":2.0,"enemies":"Jaw Worm","floor":1.0,"turns":3.0},{"damage":10.0,"enemies":"Small Slimes","floor":2.0,"turns":4.0},{"damage":6.0,"enemies":"2 Louse","floor":4.0,"turns":3.0},{"damage":8.0,"enemies":"Blue Slaver","floor":10.0,"turns":3.0},{"damage":0.0,"enemies":"Large Slime","floor":12.0,"turns":4.0},{"damage":7.0,"enemies":"Gremlin Gang","floor":13.0,"turns":4.0},{"damage":12.0,"enemies":"Exordium Wildlife","floor":14.0,"turns":2.0},{"damage":40.0,"enemies":"The Guardian","floor":16.0,"turns":10.0},{"damage":3.0,"enemies":"Chosen","floor":18.0,"turns":5.0},{"damage":17.0,"enemies":"Spheric Guardian","floor":20.0,"turns":5.0},{"damage":28,"enemies":"Colosseum Slavers","floor":21,"turns":6},{"damage":0,"enemies":"Snake Plant","floor":22,"turns":1}],"seed_played":"4447154771937620550","potions_obtained":[{"floor":2.0,"key":"GamblersBrew"},{"floor":4.0,"key":"Strength Potion"},{"floor":12.0,"key":"Dexterity Potion"},{"floor":16.0,"key":"Block Potion"},{"floor":18.0,"key":"Explosive Potion"}],"is_trial":false,"path_per_floor":["M","M","?","M","?","R","?","$","T","M","R","M","M","M","R","B",null,"M","?","M","?"],"character_chosen":"DEFECT","items_purchased":["PrismaticShard","Loop"],"campfire_rested":2,"item_purchase_floors":[8,8],"current_hp_per_floor":[66,56,45,39,39,61,61,61,61,53,53,53,46,34,56,16,65,62,62,45,17,17],"gold":358,"neow_bonus":"RANDOM_COMMON_RELIC","is_prod":false,"is_daily":false,"chose_seed":false,"campfire_upgraded":1,"win_rate":0,"timestamp":1537271263,"path_taken":["M","M","?","M","?","R","?","$","T","M","R","M","?","M","R","BOSS","M","?","M","?","M"],"build_version":"2018-09-06","purchased_purges":1,"victory":false,"max_hp_per_floor":[75,75,75,75,75,75,75,75,75,75,75,75,75,75,75,75,80,80,80,80,80,80],"card_choices":[{"not_picked":["Barrage","Lockon"],"picked":"Steam","floor":1.0},{"not_picked":["Heatsinks","Streamline"],"picked":"Static Discharge","floor":2.0},{"not_picked":["Chaos","Blizzard"],"picked":"Sweeping Beam","floor":4.0},{"not_picked":["Rebound","Auto Shields"],"picked":"Clothesline","floor":10.0},{"not_picked":["All Out Attack","Bane"],"picked":"Body Slam","floor":12.0},{"not_picked":["Hologram","Steam","Jack Of All Trades"],"picked":"SKIP","floor":13.0},{"not_picked":["Quick Slash","Redo","Heatsinks"],"picked":"SKIP","floor":14.0},{"not_picked":["Clash","Melter"],"picked":"True Grit","floor":17.0},{"not_picked":["Deadly Poison","Escape Plan"],"picked":"Armaments+1","floor":18.0},{"not_picked":["Accuracy","Impatience","Dramatic Entrance"],"picked":"SKIP","floor":20.0}],"player_experience":546097,"relics_obtained":[{"floor":9.0,"key":"Tiny Chest"}],"event_choices":[{"event_name":"World of Goop","player_choice":"Gather Gold","floor":3.0,"damage_taken":0.0},{"event_name":"Liars Game","player_choice":"agreed","floor":5.0,"damage_taken":0.0},{"event_name":"Accursed Blacksmith","player_choice":"Forge","floor":7.0,"damage_taken":0.0},{"event_name":"Forgotten Altar","player_choice":"Smashed Altar","floor":19.0,"damage_taken":0.0},{"event_name":"Colosseum","player_choice":"Fight","floor":21,"damage_taken":0},{"event_name":"Colosseum","player_choice":"Fled From Nobs","floor":21,"damage_taken":0}],"is_beta":false,"boss_relics":[{"not_picked":["Philosopher\u0027s Stone","Calling Bell"],"picked":"Tiny House"}],"items_purged_floors":[8],"is_endless":false,"potions_floor_spawned":[2,4,12,13,16,18],"killed_by":"Snake Plant","ascension_level":9}