{"gold_per_floor":[219,394,394,408,20,53,53,53,53,83,98,98,49,60,60,155,155,165,80,80,98,48,78,93,93,93,109,109,119,129,129,129,129],"floor_reached":33,"playtime":1995,"items_purged":[],"score":325,"play_id":"43b7e580-4ace-43ac-97e6-9e7cdde87ab5","local_time":"20190228155756","is_ascension_mode":false,"campfire_choices":[{"data":"Apotheosis","floor":7,"key":"SMITH"},{"floor":12,"key":"REST"},{"data":"Dualcast","floor":15,"key":"SMITH"},{"floor":25,"key":"REST"},{"floor":28,"key":"REST"},{"floor":32,"key":"REST"}],"neow_cost":"NONE","seed_source_timestamp":1027366900610543,"circlet_count":0,"master_deck":["Strike_B","Strike_B","Strike_B","Strike_B","Defend_B","Defend_B","Defend_B","Defend_B","Zap+1","Dualcast+1","Gash","Doubt","Gash","Apotheosis+1","Hologram","Leap","Melter","Gash","Ball Lightning","Leap","Echo Form","Sunder","Writhe","Hologram","Streamline+1","White Noise","Stack","Hologram+1","Capacitor+1"],"relics":["Cracked Core","Regal Pillow","Mercury Hourglass","PreservedInsect","Symbiotic Virus","Art of War","Black Star","Frozen Egg 2","Boot","Smiling Mask","Dead Branch","Vajra"],"potions_floor_usage":[23,24,24,30,33],"damage_taken":[{"damage":8,"enemies":"Jaw Worm","floor":1,"turns":3},{"damage":0,"enemies":"2 Louse","floor":4,"turns":1},{"damage":13,"enemies":"Lagavulin","floor":6,"turns":5},{"damage":4,"enemies":"Gremlin Nob","floor":10,"turns":3},{"damage":0,"enemies":"Cultist","floor":11,"turns":2},{"damage":0,"enemies":"Large Slime","floor":14,"turns":2},{"damage":0,"enemies":"Slime Boss","floor":16,"turns":6},{"damage":23,"enemies":"2 Thieves","floor":18,"turns":5},{"damage":0,"enemies":"Spheric Guardian","floor":21,"turns":3},{"damage":24,"enemies":"Gremlin Leader","floor":23,"turns":4},{"damage":15,"enemies":"Chosen and Byrds","floor":24,"turns":3},{"damage":21,"enemies":"Snake Plant","floor":27,"turns":3},{"damage":6,"enemies":"Snecko","floor":29,"turns":4},{"damage":23,"enemies":"Shelled Parasite and Fungi","floor":30,"turns":5},{"damage":85,"enemies":"Collector","floor":33,"turns":7}],"seed_played":"5543035723001723656","potions_obtained":[{"floor":1,"key":"FearPotion"},{"floor":16,"key":"LiquidBronze"},{"floor":18,"key":"Swift Potion"},{"floor":29,"key":"SkillPotion"},{"floor":30,"key":"Swift Potion"}],"is_trial":false,"path_per_floor":["M","?","?","M","$","E","R","?","T","E","M","R","$","M","R","B",null,"M","?","?","M","?","E","M","R","T","M","R","M","M","?","R","B"],"character_chosen":"DEFECT","items_purchased":["Regal Pillow","Apotheosis","Hologram","Ball Lightning"],"campfire_rested":4,"item_purchase_floors":[5,5,5,13],"current_hp_per_floor":[67,67,67,67,67,54,54,47,47,43,43,75,75,75,75,75,75,52,52,52,52,52,28,13,50,50,29,66,60,37,23,62,0],"gold":129,"neow_bonus":"HUNDRED_GOLD","is_prod":false,"is_daily":false,"chose_seed":false,"campfire_upgraded":2,"win_rate":0.0,"timestamp":1551391076,"path_taken":["M","?","?","?","$","E","R","?","T","E","M","R","?","M","R","BOSS","M","?","?","M","?","E","?","R","T","M","R","M","M","?","R","BOSS"],"build_version":"2019-01-23","purchased_purges":0,"victory":false,"max_hp_per_floor":[75,75,75,75,75,75,75,75,75,75,75,75,75,75,75,75,75,75,75,75,75,75,75,75,75,75,75,75,75,75,80,80,80],"card_choices":[{"not_picked":["Steam Power","Streamline"],"picked":"Gash","floor":1},{"not_picked":["Beam Cell","Stack"],"picked":"Gash","floor":4},{"not_picked":["Tempest","Auto Shields"],"picked":"Leap","floor":6},{"not_picked":["Rainbow","Fusion"],"picked":"Melter","floor":10},{"not_picked":["Sweeping Beam","Coolheaded"],"picked":"Gash","floor":11},{"not_picked":["Steam","Stack"],"picked":"Leap","floor":14},{"not_picked":["Creative AI","Amplify"],"picked":"Echo Form","floor":16},{"not_picked":["Sweeping Beam+1","Redo"],"picked":"Sunder","floor":18},{"not_picked":["Sunder+1","Static Discharge+1"],"picked":"Hologram","floor":21},{"not_picked":["Chill","Sweeping Beam"],"picked":"Streamline+1","floor":23},{"not_picked":["Auto Shields","Leap"],"picked":"White Noise","floor":24},{"not_picked":["Aggregate","Sweeping Beam"],"picked":"Stack","floor":27},{"not_picked":["Compile Driver","Heatsinks+1"],"picked":"Hologram+1","floor":29},{"not_picked":["Double Energy","Aggregate"],"picked":"Capacitor+1","floor":30}],"player_experience":106171,"relics_obtained":[{"floor":6,"key":"Mercury Hourglass"},{"floor":9,"key":"Symbiotic Virus"},{"floor":10,"key":"Art of War"},{"floor":23,"key":"Smiling Mask"},{"floor":23,"key":"Dead Branch"},{"floor":26,"key":"Vajra"}],"event_choices":[{"damage_healed":0,"gold_gain":175,"player_choice":"AGREE","damage_taken":0,"max_hp_gain":0,"max_hp_loss":0,"event_name":"Liars Game","floor":2,"gold_loss":0,"cards_obtained":["Doubt"]},{"damage_healed":0,"gold_gain":0,"player_choice":"Upgraded","damage_taken":0,"max_hp_gain":0,"max_hp_loss":0,"event_name":"Upgrade Shrine","floor":3,"gold_loss":0,"cards_upgraded":["Zap"]},{"damage_healed":0,"gold_gain":0,"player_choice":"Success","damage_taken":7,"relics_obtained":["PreservedInsect"],"max_hp_gain":0,"max_hp_loss":0,"event_name":"Scrap Ooze","floor":8,"gold_loss":0},{"damage_healed":0,"gold_gain":0,"player_choice":"Obtained Relic","damage_taken":0,"relics_obtained":["Frozen Egg 2"],"max_hp_gain":0,"max_hp_loss":0,"event_name":"Addict","floor":19,"gold_loss":85},{"damage_healed":0,"gold_gain":0,"player_choice":"Opened","damage_taken":0,"relics_obtained":["Boot"],"max_hp_gain":0,"max_hp_loss":0,"event_name":"The Mausoleum","floor":20,"gold_loss":0,"cards_obtained":["Writhe"]},{"damage_healed":0,"gold_gain":0,"player_choice":"Bet on Owner","damage_taken":0,"max_hp_gain":0,"max_hp_loss":0,"event_name":"The Joust","floor":22,"gold_loss":50},{"damage_healed":0,"gold_gain":0,"player_choice":"Shed Blood","damage_taken":19,"max_hp_gain":5,"max_hp_loss":0,"event_name":"Forgotten Altar","floor":31,"gold_loss":0}],"is_beta":false,"boss_relics":[{"not_picked":["Empty Cage","Coffee Dripper"],"picked":"Black Star"}],"items_purged_floors":[],"is_endless":false,"potions_floor_spawned":[1,16,18,21,29,30],"killed_by":"Collector","ascension_level":0}