{"gold_per_floor":[112,124,140,157,32,32,64,64,140,153,153,169,180,180,180,275,275,286,301,301,352,366,366,396,396,422,757,682,682,696,148,148,243,243,257,357,372,425,474,474,474,474,474,474,39,54,54,72,72,72],"floor_reached":50,"playtime":3010,"items_purged":["Writhe"],"score":791,"play_id":"3e3ef073-88fe-4024-a0ef-3dcf2e3578a7","local_time":"20190408234040","is_ascension_mode":true,"campfire_choices":[{"data":"Armaments","floor":6.0,"key":"SMITH"},{"data":"Feed","floor":8.0,"key":"SMITH"},{"data":"Perfected Strike","floor":11.0,"key":"SMITH"},{"data":"Whirlwind","floor":15.0,"key":"SMITH"},{"data":"Pommel Strike","floor":23.0,"key":"SMITH"},{"data":"Whirlwind","floor":25.0,"key":"SMITH"},{"data":"Pommel Strike","floor":29.0,"key":"SMITH"},{"data":"Perfected Strike","floor":32.0,"key":"SMITH"},{"data":"Demon Form","floor":40.0,"key":"SMITH"},{"data":"Shrug It Off","floor":41.0,"key":"SMITH"},{"data":"Pommel Strike","floor":44.0,"key":"SMITH"},{"data":"Perfected Strike","floor":47.0,"key":"SMITH"},{"data":"Impervious","floor":49,"key":"SMITH"}],"neow_cost":"NONE","seed_source_timestamp":2107758043608100,"circlet_count":0,"master_deck":["Strike_R","Strike_R","Strike_R","Strike_R","Strike_R","Defend_R","Defend_R","Bash","Feed+1","Perfected Strike+1","Armaments+1","Disarm","Impervious+1","Flex","Whirlwind+1","Shrug It Off+1","Impervious","Flex+1","Anger","Metallicize","Pommel Strike+1","Whirlwind+1","Pommel Strike+1","Perfected Strike+1","Demon Form+1","Pommel Strike+1","Perfected Strike+1","Headbutt+1"],"special_seed":0,"relics":["Burning Blood","Tiny Chest","Du-Vu Doll","Letter Opener","Coffee Dripper","Bronze Scales","Oddly Smooth Stone","Boot","Old Coin","Paper Frog","Magic Flower","Mark of Pain","WingedGreaves","Potion Belt","Art of War","Strawberry"],"potions_floor_usage":[48,50],"damage_taken":[{"damage":11.0,"enemies":"Jaw Worm","floor":1.0,"turns":5.0},{"damage":1.0,"enemies":"Cultist","floor":2.0,"turns":3.0},{"damage":4.0,"enemies":"Small Slimes","floor":3.0,"turns":5.0},{"damage":10.0,"enemies":"Blue Slaver","floor":4.0,"turns":5.0},{"damage":25.0,"enemies":"3 Sentries","floor":7.0,"turns":7.0},{"damage":3.0,"enemies":"3 Louse","floor":10.0,"turns":4.0},{"damage":9.0,"enemies":"Large Slime","floor":12.0,"turns":7.0},{"damage":5.0,"enemies":"Gremlin Gang","floor":13.0,"turns":3.0},{"damage":7.0,"enemies":"Slime Boss","floor":16.0,"turns":8.0},{"damage":9.0,"enemies":"2 Thieves","floor":18.0,"turns":4.0},{"damage":6.0,"enemies":"Shell Parasite","floor":19.0,"turns":3.0},{"damage":10.0,"enemies":"Centurion and Healer","floor":22.0,"turns":8.0},{"damage":13.0,"enemies":"Slavers","floor":24.0,"turns":6.0},{"damage":12.0,"enemies":"Gremlin Leader","floor":27.0,"turns":8.0},{"damage":6.0,"enemies":"Snake Plant","floor":30.0,"turns":3.0},{"damage":83.0,"enemies":"Collector","floor":33.0,"turns":10.0},{"damage":27.0,"enemies":"3 Shapes","floor":35.0,"turns":8.0},{"damage":22.0,"enemies":"3 Darklings","floor":37.0,"turns":5.0},{"damage":35.0,"enemies":"2 Orb Walkers","floor":38.0,"turns":4.0},{"damage":28.0,"enemies":"Maw","floor":46.0,"turns":6.0},{"damage":42,"enemies":"Spire Growth","floor":48,"turns":4},{"damage":57,"enemies":"Donu and Deca","floor":50,"turns":5}],"seed_played":"-1011679560739854439","potions_obtained":[{"floor":2.0,"key":"BloodPotion"},{"floor":7.0,"key":"Swift Potion"},{"floor":10.0,"key":"SkillPotion"},{"floor":12.0,"key":"PowerPotion"},{"floor":18.0,"key":"Explosive Potion"},{"floor":22.0,"key":"Fire Potion"},{"floor":24.0,"key":"SteroidPotion"},{"floor":27.0,"key":"AttackPotion"},{"floor":35.0,"key":"FearPotion"}],"is_trial":false,"path_per_floor":["M","M","M","M","$","R","E","R","T","M","R","M","M","?","R","B",null,"M","M","?","T","M","R","E","R","T","E","?","R","M","$","R","B",null,"M","?","M","?","T","R","R","?","T","R","$","M","R","M","R","B"],"character_chosen":"IRONCLAD","items_purchased":["Tiny Chest","Paper Frog","Magic Flower","Perfected Strike","Strawberry","SpeedPotion","Energy Potion","Ancient Potion"],"campfire_rested":0,"item_purchase_floors":[5,31,31,45,45,45,45,45],"current_hp_per_floor":[70,78,83,83,83,83,68,68,68,75,75,76,81,81,81,84,106,103,107,107,107,107,107,104,104,104,102,102,102,102,102,102,28,104,92,92,79,53,53,53,53,86,86,86,93,74,74,41,41,0],"gold":72,"neow_bonus":"ONE_RANDOM_RARE_CARD","is_prod":false,"is_daily":false,"chose_seed":false,"campfire_upgraded":13,"win_rate":0,"timestamp":1554781240,"path_taken":["M","M","M","M","$","R","E","R","T","M","R","M","M","?","R","BOSS","M","?","?","?","M","R","E","R","T","E","?","R","M","$","R","BOSS","M","?","?","?","?","R","R","?","T","R","$","M","R","M","R","BOSS"],"build_version":"2019-01-23","purchased_purges":1,"victory":false,"max_hp_per_floor":[83,86,89,93,93,93,97,97,97,101,101,105,109,109,109,113,113,113,117,117,117,121,121,125,125,125,129,129,129,129,129,129,129,129,133,133,133,133,133,133,133,133,133,133,140,140,140,140,140,140],"card_choices":[{"not_picked":["Clothesline","Clash"],"picked":"Perfected Strike","floor":1.0},{"not_picked":["Combust","Sword Boomerang"],"picked":"Armaments","floor":2.0},{"not_picked":["Flex","Shockwave"],"picked":"Disarm","floor":3.0},{"not_picked":["Sever Soul","Armaments","Evolve"],"picked":"SKIP","floor":4.0},{"not_picked":["Reckless Charge","Sword Boomerang"],"picked":"Impervious","floor":7.0},{"not_picked":["Battle Trance","Combust"],"picked":"Flex","floor":10.0},{"not_picked":["Body Slam","Warcry"],"picked":"Whirlwind","floor":12.0},{"not_picked":["Sword Boomerang","Heavy Blade"],"picked":"Shrug It Off","floor":13.0},{"not_picked":["Limit Break","Barricade"],"picked":"Impervious","floor":16.0},{"not_picked":["Ghostly Armor+1","Second Wind"],"picked":"Flex+1","floor":18.0},{"not_picked":["Heavy Blade+1","Evolve+1"],"picked":"Anger","floor":19.0},{"not_picked":["Warcry","Dual Wield"],"picked":"Pommel Strike","floor":22.0},{"not_picked":["Headbutt","Pummel"],"picked":"Whirlwind","floor":24.0},{"not_picked":["Sentinel","Dark Embrace"],"picked":"Pommel Strike","floor":27.0},{"not_picked":["Hemokinesis","Clash"],"picked":"Perfected Strike","floor":30.0},{"not_picked":["Barricade","Juggernaut"],"picked":"Demon Form","floor":33.0},{"not_picked":["Flex","Cleave"],"picked":"Pommel Strike","floor":35.0},{"not_picked":["Rupture","Rage","Body Slam"],"picked":"SKIP","floor":37.0},{"not_picked":["Iron Wave","Hemokinesis+1"],"picked":"Headbutt+1","floor":46.0},{"not_picked":["Combust","True Grit","Seeing Red+1"],"picked":"SKIP","floor":48}],"player_experience":296390,"relics_obtained":[{"floor":7.0,"key":"Du-Vu Doll"},{"floor":9.0,"key":"Letter Opener"},{"floor":21.0,"key":"Bronze Scales"},{"floor":24.0,"key":"Oddly Smooth Stone"},{"floor":26.0,"key":"Boot"},{"floor":27.0,"key":"Old Coin"},{"floor":38.0,"key":"WingedGreaves"},{"floor":39.0,"key":"Potion Belt"},{"floor":43.0,"key":"Art of War"}],"event_choices":[{"cards_removed":["Defend_R"],"damage_healed":0.0,"max_hp_gain":0.0,"max_hp_loss":0.0,"gold_gain":0.0,"event_name":"Bonfire Elementals","player_choice":"Offered Basic","floor":14.0,"gold_loss":0.0,"damage_taken":0.0},{"damage_healed":0.0,"max_hp_gain":0.0,"max_hp_loss":0.0,"gold_gain":0.0,"event_name":"The Library","player_choice":"Read","floor":20.0,"gold_loss":0.0,"damage_taken":0.0,"cards_obtained":["Metallicize"]},{"cards_removed":["Defend_R"],"damage_healed":0.0,"max_hp_gain":0.0,"max_hp_loss":0.0,"gold_gain":0.0,"event_name":"Beggar","player_choice":"Gave Gold","floor":28.0,"gold_loss":75.0,"damage_taken":0.0},{"damage_healed":0.0,"max_hp_gain":0.0,"max_hp_loss":0.0,"gold_gain":100.0,"event_name":"Golden Shrine","player_choice":"Pray","floor":36.0,"gold_loss":0.0,"damage_taken":0.0},{"damage_healed":0.0,"max_hp_gain":0.0,"max_hp_loss":0.0,"gold_gain":0.0,"event_name":"Mysterious Sphere","player_choice":"Fight","floor":38.0,"gold_loss":0.0,"damage_taken":0.0},{"damage_healed":33.0,"max_hp_gain":0.0,"max_hp_loss":0.0,"gold_gain":0.0,"event_name":"Winding Halls","player_choice":"Writhe","floor":42.0,"gold_loss":0.0,"damage_taken":0.0,"cards_obtained":["Writhe"]}],"is_beta":false,"boss_relics":[{"not_picked":["Eternal Feather","White Beast Statue"],"picked":"Coffee Dripper"},{"not_picked":["Black Star","Runic Pyramid"],"picked":"Mark of Pain"}],"items_purged_floors":[45],"is_endless":false,"potions_floor_spawned":[2,7,10,12,13,18,22,24,27,35],"killed_by":"Donu and Deca","ascension_level":7}