{"gold_per_floor":[113,263,280,55,1,1,16,16,40,50,50,80,5,15,15,92,92,109,31,46,46,46,46,62,72,72,89,47,47,47,66,66,141,141,155,155,171,171,186,186,200,200,200,200,211,211,211],"floor_reached":47,"playtime":1644,"items_purged":["Doubt"],"score":854,"play_id":"5029aa29-3295-4ce1-a28a-2dc171af9a47","local_time":"20190310134143","is_ascension_mode":true,"campfire_choices":[{"data":"Biased Cognition","floor":6.0,"key":"SMITH"},{"data":"1","floor":8.0,"key":"LIFT"},{"data":"2","floor":11.0,"key":"LIFT"},{"floor":15.0,"key":"REST"},{"floor":23.0,"key":"REST"},{"floor":29.0,"key":"REST"},{"data":"Static Discharge","floor":32.0,"key":"SMITH"},{"data":"Creative AI","floor":40.0,"key":"SMITH"},{"floor":42.0,"key":"REST"},{"floor":44.0,"key":"REST"}],"neow_cost":"NONE","seed_source_timestamp":0,"circlet_count":0,"master_deck":["AscendersBane","Strike_B+1","Strike_B+1","Strike_B+1","Defend_B+1","Zap+1","Dualcast","Biased Cognition+1","Glacier","Ball Lightning","White Noise","Biased Cognition","Force Field","Self Repair","White Noise","Recycle","Static Discharge+1","Self Repair","Hologram+1","Creative AI+1","Redo+1","Fusion+1","Melter+1","Chill","Capacitor","Compile Driver+1","Hologram+1","Deep Breath"],"special_seed":0,"relics":["Cracked Core","Girya","Potion Belt","Symbiotic Virus","Empty Cage","Darkstone Periapt","Omamori","Astrolabe","Bag of Preparation"],"potions_floor_usage":[47],"damage_taken":[{"damage":0.0,"enemies":"2 Louse","floor":1.0,"turns":1.0},{"damage":4.0,"enemies":"Small Slimes","floor":3.0,"turns":3.0},{"damage":1.0,"enemies":"Cultist","floor":7.0,"turns":3.0},{"damage":10.0,"enemies":"Lots of Slimes","floor":10.0,"turns":3.0},{"damage":12.0,"enemies":"Gremlin Nob","floor":12.0,"turns":4.0},{"damage":2.0,"enemies":"Gremlin Gang","floor":14.0,"turns":3.0},{"damage":20.0,"enemies":"Hexaghost","floor":16.0,"turns":7.0},{"damage":8.0,"enemies":"Shell Parasite","floor":18.0,"turns":4.0},{"damage":22.0,"enemies":"2 Thieves","floor":20.0,"turns":2.0},{"damage":25.0,"enemies":"Snake Plant","floor":24.0,"turns":2.0},{"damage":29.0,"enemies":"Cultist and Chosen","floor":25.0,"turns":5.0},{"damage":0.0,"enemies":"3 Cultists","floor":27.0,"turns":5.0},{"damage":15.0,"enemies":"Snake Plant","floor":31.0,"turns":5.0},{"damage":87.0,"enemies":"Champ","floor":33.0,"turns":10.0},{"damage":9.0,"enemies":"3 Shapes","floor":35.0,"turns":6.0},{"damage":44.0,"enemies":"3 Darklings","floor":37.0,"turns":8.0},{"damage":15.0,"enemies":"4 Shapes","floor":39.0,"turns":5.0},{"damage":32.0,"enemies":"Spire Growth","floor":41.0,"turns":7.0},{"damage":31.0,"enemies":"Sphere and 2 Shapes","floor":45.0,"turns":3.0},{"damage":48,"enemies":"Reptomancer","floor":47,"turns":5}],"seed_played":"8907132342574268165","potions_obtained":[{"floor":3.0,"key":"FairyPotion"},{"floor":7.0,"key":"Ancient Potion"},{"floor":12.0,"key":"Swift Potion"},{"floor":14.0,"key":"EssenceOfSteel"},{"floor":20.0,"key":"Swift Potion"},{"floor":25.0,"key":"FearPotion"},{"floor":33.0,"key":"Strength Potion"},{"floor":37.0,"key":"PowerPotion"},{"floor":45.0,"key":"SteroidPotion"}],"is_trial":false,"path_per_floor":["M","?","M","$","?","R","M","R","T","M","R","E","$","M","R","B",null,"M","$","M","?","T","R","M","M","T","M","$","R","?","M","R","B",null,"M","?","M","$","M","R","M","R","T","R","M","?","E"],"character_chosen":"DEFECT","items_purchased":["Biased Cognition","Glacier","Self Repair","Self Repair"],"campfire_rested":5,"item_purchase_floors":[4,4,19,28],"current_hp_per_floor":[64,64,60,60,60,60,59,59,59,49,49,37,37,35,56,36,62,54,54,39,39,39,60,42,20,20,34,34,55,55,54,54,14,57,62,71,41,41,40,40,29,50,50,71,40,40,0],"gold":211,"neow_bonus":"UPGRADE_CARD","is_prod":false,"is_daily":false,"chose_seed":false,"campfire_upgraded":3,"win_rate":0,"timestamp":1552239703,"path_taken":["M","?","M","$","?","R","M","R","T","?","R","E","?","M","R","BOSS","M","$","?","?","?","R","M","M","T","M","$","R","?","M","R","BOSS","M","?","M","$","M","R","M","R","T","R","M","?","E"],"build_version":"2019-01-23","purchased_purges":1,"victory":false,"max_hp_per_floor":[71,71,71,71,71,71,71,71,71,71,71,71,71,71,71,71,71,71,71,71,71,71,71,71,71,71,71,71,71,71,71,71,71,71,71,71,71,71,71,71,71,71,71,71,71,71,71],"card_choices":[{"not_picked":["Hologram","Blizzard"],"picked":"Ball Lightning","floor":1.0},{"not_picked":["Barrage","Undo"],"picked":"FTL","floor":3.0},{"not_picked":["Conserve Battery","Steam"],"picked":"Cold Snap","floor":7.0},{"not_picked":["Chaos","Conserve Battery"],"picked":"Ball Lightning","floor":10.0},{"not_picked":["Hello World","Hologram"],"picked":"White Noise","floor":12.0},{"not_picked":["Ball Lightning","Genetic Algorithm","Conserve Battery"],"picked":"SKIP","floor":14.0},{"not_picked":["Meteor Strike","Machine Learning"],"picked":"Biased Cognition","floor":16.0},{"not_picked":["Streamline","Conserve Battery+1"],"picked":"Force Field","floor":18.0},{"not_picked":["Aggregate","Hologram"],"picked":"White Noise","floor":20.0},{"not_picked":["Recycle+1","Leap","Sweeping Beam"],"picked":"SKIP","floor":24.0},{"not_picked":["Go for the Eyes","Turbo","Doom and Gloom"],"picked":"SKIP","floor":25.0},{"not_picked":["Undo","Coolheaded","FTL"],"picked":"SKIP","floor":27.0},{"not_picked":["Turbo","Streamline"],"picked":"Hologram+1","floor":31.0},{"not_picked":["Amplify","Reboot"],"picked":"Creative AI","floor":33.0},{"not_picked":["Rebound","Beam Cell+1"],"picked":"Chill","floor":35.0},{"not_picked":["BootSequence","Hello World+1"],"picked":"Capacitor","floor":37.0},{"not_picked":["Rebound","Turbo+1"],"picked":"Compile Driver+1","floor":39.0},{"not_picked":["Scrape+1","Redo","Defragment"],"picked":"SKIP","floor":41.0},{"not_picked":["Compile Driver","Beam Cell"],"picked":"Hologram+1","floor":45.0},{"not_picked":["PanicButton","Flash of Steel"],"picked":"Deep Breath","floor":46.0}],"player_experience":867409,"relics_obtained":[{"floor":9.0,"key":"Potion Belt"},{"floor":12.0,"key":"Symbiotic Virus"},{"floor":22.0,"key":"Darkstone Periapt"},{"floor":26.0,"key":"Omamori"},{"floor":43.0,"key":"Bag of Preparation"}],"event_choices":[{"damage_healed":0.0,"max_hp_gain":0.0,"max_hp_loss":0.0,"gold_gain":150.0,"event_name":"Liars Game","player_choice":"AGREE","floor":2.0,"gold_loss":0.0,"damage_taken":0.0,"cards_obtained":["Doubt"]},{"damage_healed":0.0,"max_hp_gain":0.0,"max_hp_loss":0.0,"gold_gain":0.0,"event_name":"WeMeetAgain","player_choice":"Paid Gold","floor":5.0,"gold_loss":54.0,"damage_taken":0.0,"relics_obtained":["Girya"]},{"damage_healed":0.0,"max_hp_gain":0.0,"max_hp_loss":0.0,"gold_gain":0.0,"cards_transformed":["Strike_B","Defend_B"],"event_name":"Drug Dealer","player_choice":"Became Test Subject","floor":21.0,"gold_loss":0.0,"damage_taken":0.0,"cards_obtained":["Recycle","Static Discharge"]},{"damage_healed":0.0,"max_hp_gain":0.0,"max_hp_loss":0.0,"gold_gain":0.0,"event_name":"Back to Basics","player_choice":"Simplicity","floor":30.0,"gold_loss":0.0,"damage_taken":0.0,"cards_upgraded":["Strike_B","Strike_B","Strike_B","Defend_B"]},{"damage_healed":14.0,"max_hp_gain":0.0,"max_hp_loss":0.0,"gold_gain":0.0,"event_name":"Winding Halls","player_choice":"Writhe","floor":36.0,"gold_loss":0.0,"damage_taken":0.0,"cards_obtained":["Writhe"]},{"damage_healed":0.0,"max_hp_gain":0.0,"max_hp_loss":0.0,"gold_gain":0.0,"event_name":"SensoryStone","player_choice":"Memory 1","floor":46.0,"gold_loss":0.0,"damage_taken":0.0}],"is_beta":false,"boss_relics":[{"not_picked":["Sozu","Ectoplasm"],"picked":"Empty Cage"},{"not_picked":["Velvet Choker","Black Star"],"picked":"Astrolabe"}],"items_purged_floors":[13],"is_endless":false,"potions_floor_spawned":[3,7,12,14,20,25,33,37,45],"killed_by":"Reptomancer","ascension_level":20}