{"gold_per_floor":[114,129,144,219,219,219,249,264,264,264,192,207,222,72,72,172,172,187,187,172,172,97,97,97,112,112,84,99,129,129,159,159,159],"floor_reached":33,"playtime":1306,"items_purged":[],"score":285,"play_id":"2b4ff6a5-e2d1-4c9b-a7d1-272540d34290","local_time":"20180730150057","daily_mods":["Diverse","Lethality","Terminal"],"is_ascension_mode":false,"campfire_choices":[{"data":"Hologram","floor":6,"key":"SMITH"},{"data":"Sucker Punch","floor":10,"key":"SMITH"},{"data":"Perfected Strike","floor":15,"key":"SMITH"},{"data":"Heavy Blade","floor":23,"key":"SMITH"},{"data":"Body Slam","floor":30,"key":"SMITH"},{"floor":32,"key":"REST"}],"neow_cost":"","seed_source_timestamp":0,"circlet_count":0,"master_deck":["Strike_R+1","Strike_R+1","Strike_R+1","Strike_R+1","Strike_R+1","Defend_R+1","Defend_R+1","Defend_R+1","Defend_R+1","Bash","Cloak And Dagger+1","Hologram+1","Machine Learning","Sucker Punch+1","Thunderclap","Flex","Rampage","Perfected Strike+1","Impervious","Heavy Blade+1","Body Slam+1","Pummel","Venomology","Fire Breathing","BootSequence","Dash+1"],"special_seed":17742,"relics":["Burning Blood","Singing Bowl","Self Forming Clay","Letter Opener","War Paint","Orrery","The Courier","Omamori","Mercury Hourglass"],"potions_floor_usage":[13,16,28,28,29,29,31],"damage_taken":[{"damage":0,"enemies":"Cultist","floor":1,"turns":2},{"damage":5,"enemies":"Jaw Worm","floor":2,"turns":3},{"damage":0,"enemies":"2 Louse","floor":3,"turns":3},{"damage":29,"enemies":"Lagavulin","floor":7,"turns":6},{"damage":0,"enemies":"Blue Slaver","floor":8,"turns":3},{"damage":7,"enemies":"2 Fungi Beasts","floor":12,"turns":3},{"damage":4,"enemies":"3 Louse","floor":13,"turns":2},{"damage":40,"enemies":"The Guardian","floor":16,"turns":8},{"damage":29,"enemies":"3 Byrds","floor":18,"turns":5},{"damage":8,"enemies":"2 Thieves","floor":20,"turns":4},{"damage":18,"enemies":"Cultist and Chosen","floor":25,"turns":5},{"damage":0,"enemies":"Snake Plant","floor":28,"turns":3},{"damage":9,"enemies":"Gremlin Leader","floor":29,"turns":6},{"damage":16,"enemies":"Book of Stabbing","floor":31,"turns":4},{"damage":54,"enemies":"Automaton","floor":33,"turns":8}],"seed_played":"3676121671515635212","potions_obtained":[{"floor":2,"key":"Ancient Potion"},{"floor":7,"key":"Energy Potion"},{"floor":8,"key":"SpeedPotion"},{"floor":13,"key":"Fruit Juice"},{"floor":16,"key":"FearPotion"},{"floor":21,"key":"Explosive Potion"},{"floor":28,"key":"Poison Potion"},{"floor":31,"key":"SteroidPotion"}],"is_trial":false,"path_per_floor":["M","M","M","?","?","R","E","M","T","R","$","M","M","$","R","B",null,"M","?","M","?","?","R","?","M","T","$","M","E","R","E","R"],"character_chosen":"IRONCLAD","items_purchased":["Thunderclap","Flex","War Paint","Fire Breathing"],"campfire_rested":1,"item_purchase_floors":[11,11,14,27],"current_hp_per_floor":[78,77,76,65,62,62,39,45,45,45,45,44,46,46,46,17,71,50,50,50,50,50,50,50,38,38,38,46,43,43,33,51,0],"gold":159,"neow_bonus":"","is_prod":false,"is_daily":true,"chose_seed":false,"campfire_upgraded":5,"win_rate":0,"timestamp":1532977257,"path_taken":["M","M","M","?","?","R","E","M","T","R","$","M","M","?","R","BOSS","M","?","M","?","?","R","?","?","T","$","M","E","R","E","R","BOSS"],"build_version":"2018-07-26","purchased_purges":0,"victory":false,"max_hp_per_floor":[78,77,76,75,74,73,72,71,70,69,68,67,66,65,64,68,71,72,71,72,71,70,69,68,67,66,65,66,65,64,63,62,62],"card_choices":[{"not_picked":["True Grit","Havoc"],"picked":"Cloak And Dagger","floor":1},{"not_picked":["Shrug It Off","Body Slam"],"picked":"Hologram","floor":2},{"not_picked":["Cold Snap","Combust"],"picked":"Steam","floor":3},{"not_picked":["Tactician","Rebound"],"picked":"Machine Learning","floor":7},{"not_picked":["Redo","Backflip"],"picked":"Sucker Punch","floor":8},{"not_picked":["Sweeping Beam","Cloak And Dagger"],"picked":"Rampage","floor":12},{"not_picked":["Coolheaded","Anger"],"picked":"Perfected Strike","floor":13},{"not_picked":["Storm of Steel","Corpse Explosion"],"picked":"Impervious","floor":16},{"not_picked":["All Out Attack","Flex"],"picked":"Heavy Blade","floor":17},{"not_picked":["Corruption","Tactician","Warcry"],"picked":"Singing Bowl","floor":17},{"not_picked":["Crippling Poison","Accuracy"],"picked":"Body Slam","floor":17},{"not_picked":["Amplify","Rampage","Backflip"],"picked":"Singing Bowl","floor":17},{"not_picked":["Outmaneuver","Go for the Eyes"],"picked":"Pummel","floor":17},{"not_picked":["Conserve Battery","Wild Strike","Clash+1"],"picked":"Singing Bowl","floor":18},{"not_picked":["Compile Driver","Cold Snap","Dodge and Roll"],"picked":"Singing Bowl","floor":20},{"not_picked":["Beam Cell","Sweeping Beam"],"picked":"Venomology","floor":25},{"not_picked":["Accuracy","Compile Driver","Anger"],"picked":"Singing Bowl","floor":28},{"not_picked":["Prepared","Backflip+1"],"picked":"BootSequence","floor":29},{"not_picked":["White Noise","Rip and Tear"],"picked":"Dash+1","floor":31}],"player_experience":166207,"relics_obtained":[{"floor":7,"key":"Self Forming Clay"},{"floor":9,"key":"Letter Opener"},{"floor":26,"key":"The Courier"},{"floor":29,"key":"Omamori"},{"floor":31,"key":"Mercury Hourglass"}],"event_choices":[{"event_name":"World of Goop","player_choice":"Gather Gold","floor":4,"damage_taken":0},{"event_name":"Scrap Ooze","player_choice":"success","floor":5,"damage_taken":3},{"event_name":"Vampires","player_choice":"Ignored","floor":19,"damage_taken":0},{"event_name":"The Lab","player_choice":"Got Potions","floor":21,"damage_taken":0},{"event_name":"Beggar","player_choice":"Gave Gold","floor":22,"damage_taken":0},{"event_name":"Back to Basics","player_choice":"Simplicity","floor":24,"damage_taken":0}],"is_beta":true,"boss_relics":[{"not_picked":["Runic Cube","Velvet Choker"],"picked":"Orrery"}],"items_purged_floors":[],"is_endless":false,"potions_floor_spawned":[2,7,8,13,16,20,28,31],"killed_by":"Automaton","ascension_level":0}