{"gold_per_floor":[14,14,14,14,32,32,42,53,53,79,79,114,12,30,30,103,103,76,94,111,111,9,9,9,9,58,58,58,91,11,11],"floor_reached":31,"playtime":1439,"items_purged":[],"score":522,"play_id":"80ddd098-dc17-4dc8-ad93-85948dd3089d","local_time":"20190430100133","is_ascension_mode":true,"campfire_choices":[{"data":"Skewer","floor":6.0,"key":"SMITH"},{"floor":11.0,"key":"REST"},{"data":"Leg Sweep","floor":15.0,"key":"SMITH"},{"floor":23.0,"key":"REST"},{"data":"Discovery","floor":25.0,"key":"SMITH"}],"neow_cost":"NO_GOLD","seed_source_timestamp":0,"circlet_count":0,"master_deck":["AscendersBane","Defend_G+1","Defend_G+1","Strike_G+1","Strike_G+1","Survivor","Neutralize","Skewer+1","Neutralize","Dagger Spray","Deflect","Unload","Trip","Leg Sweep+1","Unload","Endless Agony+1","Infinite Blades+1","Crippling Poison+1","Concentrate","Discovery+1","Endless Agony","Well Laid Plans"],"special_seed":0,"relics":["Ring of the Snake","Bronze Scales","Strawberry","Bird Faced Urn","Sundial","Unceasing Top","Astrolabe","Regal Pillow","StoneCalendar"],"potions_floor_usage":[],"damage_taken":[{"damage":15.0,"enemies":"Cultist","floor":1.0,"turns":6.0},{"damage":2.0,"enemies":"Jaw Worm","floor":5.0,"turns":4.0},{"damage":0.0,"enemies":"2 Louse","floor":7.0,"turns":2.0},{"damage":16.0,"enemies":"Gremlin Gang","floor":8.0,"turns":4.0},{"damage":3.0,"enemies":"Lagavulin","floor":10.0,"turns":5.0},{"damage":3.0,"enemies":"3 Sentries","floor":12.0,"turns":5.0},{"damage":4.0,"enemies":"Large Slime","floor":14.0,"turns":4.0},{"damage":38.0,"enemies":"Hexaghost","floor":16.0,"turns":9.0},{"damage":6.0,"enemies":"2 Thieves","floor":18.0,"turns":4.0},{"damage":0.0,"enemies":"3 Byrds","floor":19.0,"turns":2.0},{"damage":41.0,"enemies":"Shelled Parasite and Fungi","floor":20.0,"turns":5.0},{"damage":35,"enemies":"Slavers","floor":29,"turns":7},{"damage":14,"enemies":"Snake Plant","floor":31,"turns":2}],"seed_played":"-1296732409151340400","potions_obtained":[{"floor":1.0,"key":"Weak Potion"},{"floor":5.0,"key":"FearPotion"},{"floor":10.0,"key":"Fire Potion"},{"floor":16.0,"key":"Explosive Potion"}],"is_trial":false,"path_per_floor":["M","?","T","?","M","R","M","M","T","E","R","E","$","M","R","B",null,"M","M","M","?","$","R","?","R","T","?","?","E","$","M"],"character_chosen":"THE_SILENT","items_purchased":["Trip","Discovery","Well Laid Plans"],"campfire_rested":2,"item_purchase_floors":[13,22,30],"current_hp_per_floor":[44,39,46,46,44,44,44,28,28,25,46,43,43,39,39,1,55,49,49,8,23,23,44,44,44,44,44,44,9,9,0],"gold":11,"neow_bonus":"REMOVE_TWO","is_prod":false,"is_daily":false,"chose_seed":false,"campfire_upgraded":3,"win_rate":0,"timestamp":1556632893,"path_taken":["M","?","?","?","M","R","M","M","T","E","R","E","$","M","R","BOSS","M","?","M","?","$","R","?","R","T","?","?","E","$","M"],"build_version":"2019-04-23","purchased_purges":0,"victory":false,"max_hp_per_floor":[66,66,73,73,73,73,73,73,73,73,73,73,73,73,73,73,73,73,73,73,73,73,73,73,73,73,73,73,73,73,73],"card_choices":[{"not_picked":["Blade Dance","Calculated Gamble"],"picked":"Skewer","floor":1.0},{"not_picked":["Underhanded Strike","Infinite Blades"],"picked":"Dagger Spray","floor":5.0},{"not_picked":["Bane","Dagger Spray"],"picked":"Deflect","floor":7.0},{"not_picked":["Deadly Poison","Endless Agony","Dagger Spray"],"picked":"SKIP","floor":8.0},{"not_picked":["Outmaneuver","Backflip"],"picked":"Unload","floor":10.0},{"not_picked":["Sucker Punch","Outmaneuver","Expertise"],"picked":"SKIP","floor":12.0},{"not_picked":["PiercingWail","Blade Dance"],"picked":"Leg Sweep","floor":14.0},{"not_picked":["Bullet Time","Corpse Explosion"],"picked":"Unload","floor":16.0},{"not_picked":["Acrobatics","Deadly Poison","Poisoned Stab"],"picked":"SKIP","floor":18.0},{"not_picked":["Cloak And Dagger","Flying Knee","Deadly Poison"],"picked":"SKIP","floor":19.0},{"not_picked":["Outmaneuver","Backflip+1"],"picked":"Concentrate","floor":20.0},{"not_picked":["Quick Slash","Noxious Fumes","Endless Agony"],"picked":"SKIP","floor":29},{"not_picked":["Quick Slash","Noxious Fumes"],"picked":"Endless Agony","floor":29}],"player_experience":1391476,"relics_obtained":[{"floor":3.0,"key":"Strawberry"},{"floor":9.0,"key":"Bird Faced Urn"},{"floor":10.0,"key":"Sundial"},{"floor":12.0,"key":"Unceasing Top"},{"floor":26.0,"key":"Regal Pillow"},{"floor":29,"key":"StoneCalendar"}],"event_choices":[{"damage_healed":0.0,"max_hp_gain":0.0,"max_hp_loss":0.0,"gold_gain":0.0,"event_name":"Scrap Ooze","player_choice":"Success","floor":2.0,"gold_loss":0.0,"damage_taken":5.0,"relics_obtained":["Bronze Scales"]},{"damage_healed":0.0,"max_hp_gain":0.0,"max_hp_loss":0.0,"gold_gain":0.0,"event_name":"Match and Keep!","player_choice":"1 cards matched","floor":4.0,"gold_loss":0.0,"damage_taken":0.0,"cards_obtained":["Neutralize"]},{"damage_healed":15.0,"max_hp_gain":0.0,"max_hp_loss":0.0,"gold_gain":0.0,"event_name":"The Library","player_choice":"Heal","floor":21.0,"gold_loss":0.0,"damage_taken":0.0},{"damage_healed":0.0,"max_hp_gain":0.0,"max_hp_loss":0.0,"gold_gain":0.0,"event_name":"Vampires","player_choice":"Ignored","floor":24.0,"gold_loss":0.0,"damage_taken":0.0},{"damage_healed":0.0,"max_hp_gain":0.0,"max_hp_loss":0.0,"gold_gain":0.0,"event_name":"Back to Basics","player_choice":"Simplicity","floor":27.0,"gold_loss":0.0,"damage_taken":0.0,"cards_upgraded":["Defend_G","Defend_G","Strike_G","Strike_G","Strike_G"]},{"cards_removed":["Strike_G"],"damage_healed":0.0,"max_hp_gain":0.0,"max_hp_loss":0.0,"gold_gain":0.0,"event_name":"Wheel of Change","player_choice":"Card Removal","floor":28.0,"gold_loss":0.0,"damage_taken":0.0}],"is_beta":true,"boss_relics":[{"not_picked":["Calling Bell","Lizard Tail"],"picked":"Astrolabe"}],"items_purged_floors":[],"is_endless":false,"potions_floor_spawned":[1,5,10,16],"killed_by":"Snake Plant","ascension_level":20}