{"gold_per_floor":[114,168,184,184,7,37,37,37,37,37,71,71,71,86,86,184,184,196,111,91,107,107,107,133,133,156,156,84,101,112,122,122,122],"floor_reached":33,"playtime":2728,"items_purged":["Defend_R"],"score":273,"play_id":"64bd6d2d-d929-4082-b0f0-fb29924deb3a","local_time":"20181226171542","is_ascension_mode":false,"campfire_choices":[{"data":"Anger","floor":10,"key":"SMITH"},{"floor":13,"key":"REST"},{"data":"Anger","floor":15,"key":"SMITH"},{"floor":23,"key":"REST"},{"floor":27,"key":"REST"},{"floor":32,"key":"REST"}],"neow_cost":"NONE","seed_source_timestamp":57553920166640,"circlet_count":0,"master_deck":["Strike_R","Strike_R","Strike_R","Strike_R","Strike_R","Defend_R","Defend_R","Defend_R","Bash+1","Anger+1","Bloodletting","Warcry","Anger+1","Second Wind","Clash","Impervious","Flex","Burning Pact","Iron Wave","Pommel Strike","Flex+1","Clash"],"relics":["Burning Blood","Smiling Mask","PreservedInsect","Torii","Frozen Egg 2","StoneCalendar","Runic Pyramid","Centennial Puzzle","Bronze Scales","Boot"],"potions_floor_usage":[24,30,33],"damage_taken":[{"damage":0,"enemies":"Small Slimes","floor":1,"turns":3},{"damage":0,"enemies":"2 Louse","floor":3,"turns":3},{"damage":28,"enemies":"3 Sentries","floor":6,"turns":8},{"damage":28,"enemies":"Lagavulin","floor":11,"turns":4},{"damage":1,"enemies":"Jaw Worm","floor":14,"turns":3},{"damage":37,"enemies":"The Guardian","floor":16,"turns":9},{"damage":15,"enemies":"Spheric Guardian","floor":18,"turns":5},{"damage":0,"enemies":"2 Thieves","floor":20,"turns":4},{"damage":8,"enemies":"Cultist and Chosen","floor":21,"turns":6},{"damage":68,"enemies":"Colosseum Slavers","floor":22,"turns":6},{"damage":38,"enemies":"Slavers","floor":24,"turns":4},{"damage":28,"enemies":"3 Cultists","floor":29,"turns":6},{"damage":6,"enemies":"Snake Plant","floor":30,"turns":5},{"damage":3,"enemies":"Centurion and Healer","floor":31,"turns":5},{"damage":64,"enemies":"Collector","floor":33,"turns":5}],"seed_played":"-5932857892521678894","potions_obtained":[{"floor":1,"key":"GamblersBrew"},{"floor":3,"key":"SneckoOil"},{"floor":18,"key":"FairyPotion"},{"floor":20,"key":"Swift Potion"},{"floor":29,"key":"Dexterity Potion"}],"is_trial":false,"path_per_floor":["M","?","M","?","$","E","$","?","T","R","E","?","R","M","R","B",null,"M","?","M","M","?","R","E","?","T","R","$","M","M","M","R","B"],"character_chosen":"IRONCLAD","items_purchased":["PreservedInsect","Warcry","Pommel Strike"],"campfire_rested":4,"item_purchase_floors":[5,5,28],"current_hp_per_floor":[80,80,80,80,80,58,58,58,58,58,36,36,60,65,65,34,80,71,71,77,75,13,37,14,14,14,38,38,16,16,19,43,0],"gold":122,"neow_bonus":"UPGRADE_CARD","is_prod":false,"is_daily":false,"chose_seed":false,"campfire_upgraded":2,"win_rate":0.0,"timestamp":1545862542,"path_taken":["M","?","M","?","$","E","?","?","T","R","E","?","R","M","R","BOSS","M","?","M","M","?","R","E","?","T","R","$","M","M","M","R","BOSS"],"build_version":"2018-12-20","purchased_purges":1,"victory":false,"max_hp_per_floor":[80,80,80,80,80,80,80,80,80,80,80,80,80,80,80,80,80,80,80,80,80,80,80,80,80,80,80,80,80,80,80,80,80],"card_choices":[{"not_picked":["Dual Wield","Iron Wave"],"picked":"Anger","floor":1},{"not_picked":["Flame Barrier","Body Slam"],"picked":"Bloodletting","floor":3},{"not_picked":["Thunderclap","Flex"],"picked":"Anger","floor":6},{"not_picked":["Clothesline","Whirlwind"],"picked":"Second Wind","floor":11},{"not_picked":["Second Wind","Pommel Strike"],"picked":"Clash","floor":14},{"not_picked":["Barricade+1","Dark Embrace+1"],"picked":"Impervious","floor":16},{"not_picked":["Whirlwind","Hemokinesis+1"],"picked":"Flex","floor":18},{"not_picked":["Heavy Blade","Second Wind"],"picked":"Burning Pact","floor":20},{"not_picked":["Carnage","Twin Strike","Second Wind"],"picked":"SKIP","floor":21},{"not_picked":["Hemokinesis+1","Thunderclap"],"picked":"Rupture+1","floor":24},{"not_picked":["Entrench","Iron Wave","Reckless Charge"],"picked":"SKIP","floor":29},{"not_picked":["Sword Boomerang+1","Clash"],"picked":"Flex+1","floor":30},{"not_picked":["Clothesline","Headbutt"],"picked":"Clash","floor":31}],"player_experience":28994,"relics_obtained":[{"floor":6,"key":"Torii"},{"floor":9,"key":"Frozen Egg 2"},{"floor":11,"key":"StoneCalendar"},{"floor":24,"key":"Bronze Scales"},{"floor":26,"key":"Boot"}],"event_choices":[{"damage_healed":0,"gold_gain":54,"player_choice":"Gained Gold","damage_taken":0,"max_hp_gain":0,"max_hp_loss":0,"event_name":"Golden Wing","floor":2,"gold_loss":0},{"damage_healed":0,"gold_gain":0,"player_choice":"Box","damage_taken":0,"relics_obtained":["Smiling Mask"],"max_hp_gain":0,"max_hp_loss":0,"event_name":"Big Fish","floor":4,"gold_loss":0,"cards_obtained":["Regret"]},{"damage_healed":0,"gold_gain":0,"player_choice":"Leave","damage_taken":0,"max_hp_gain":0,"max_hp_loss":0,"event_name":"The Cleric","floor":8,"gold_loss":0},{"cards_removed":["Regret"],"damage_healed":0,"gold_gain":0,"player_choice":"Forget","damage_taken":0,"max_hp_gain":0,"max_hp_loss":0,"event_name":"Living Wall","floor":12,"gold_loss":0},{"damage_healed":0,"gold_gain":0,"player_choice":"Obtained Relic","damage_taken":0,"relics_obtained":["Centennial Puzzle"],"max_hp_gain":0,"max_hp_loss":0,"event_name":"Addict","floor":19,"gold_loss":85},{"damage_healed":0,"gold_gain":0,"player_choice":"Fight","damage_taken":0,"max_hp_gain":0,"max_hp_loss":0,"event_name":"Colosseum","floor":22,"gold_loss":0},{"damage_healed":0,"gold_gain":0,"player_choice":"Fled From Nobs","damage_taken":0,"max_hp_gain":0,"max_hp_loss":0,"event_name":"Colosseum","floor":22,"gold_loss":0},{"cards_removed":["Rupture"],"damage_healed":0,"gold_gain":0,"player_choice":"Took Card","damage_taken":0,"max_hp_gain":0,"max_hp_loss":0,"event_name":"NoteForYourself","floor":25,"gold_loss":0,"cards_obtained":["Iron Wave"]}],"is_beta":false,"boss_relics":[{"not_picked":["Eternal Feather","Lizard Tail"],"picked":"Runic Pyramid"}],"items_purged_floors":[28],"is_endless":false,"potions_floor_spawned":[1,3,18,20,21,29],"killed_by":"Collector","ascension_level":0}