{"gold_per_floor":[117,134,134,145,160,160,194,194,241,241,271,283,30,44,44,145,145,155,155,175,175,201,201,231,248,274,287,299,309,27,27,27,132,132,143,143,190,209,209,209,209,209,209,229,229,66,81,81],"floor_reached":48,"playtime":2783,"items_purged":[],"score":662,"play_id":"1b49dd31-6dfc-4ee0-aa86-198a145d8dd5","local_time":"20181230230217","is_ascension_mode":false,"campfire_choices":[{"data":"1","floor":6,"key":"LIFT"},{"floor":8,"key":"REST"},{"data":"2","floor":10,"key":"LIFT"},{"floor":15,"key":"REST"},{"data":"3","floor":23,"key":"LIFT"},{"data":"Buffer","floor":32,"key":"SMITH"},{"floor":40,"key":"REST"},{"floor":42,"key":"REST"}],"neow_cost":"CURSE","seed_source_timestamp":199848150604981,"circlet_count":0,"master_deck":["Strike_B","Strike_B","Strike_B","Defend_B","Defend_B","Zap","Dualcast","Injury","Turbo","Rebound","Fusion","Loop","Streamline","FTL+1","Hyperbeam+1","Self Repair","Ball Lightning+1","Defragment","Melter+1","Buffer+1","Defragment","Gash+1","Consume","Ball Lightning+1","Melter+1","Lockon+1","Reboot","Streamline+1","White Noise","Electrodynamics","Leap","Cold Snap+1","Gash+1","Chaos","Lockon+1","Shame","All For One+1","Pain","Parasite","Clumsy","Cold Snap+1","Leap+1","Madness","Madness","Gash+1","Gash+1","Hologram+1","Chrysalis","Apotheosis","Deep Breath","Redo","Auto Shields","Gash+1","FTL+1","Self Repair","Gash+1","Reprogram"],"relics":["Cracked Core","Girya","Molten Egg 2","Orichalcum","Bronze Scales","Bag of Preparation","Orrery","Vajra","Oddly Smooth Stone","Potion Belt","Lee\u0027s Waffle","Prayer Wheel","Calling Bell","Juzu Bracelet","Kunai","Calipers","Ginger","Regal Pillow"],"potions_floor_usage":[7,27,33,48,48,48,48],"damage_taken":[{"damage":1,"enemies":"Cultist","floor":1,"turns":3},{"damage":3,"enemies":"Jaw Worm","floor":2,"turns":3},{"damage":0,"enemies":"2 Louse","floor":4,"turns":1},{"damage":14,"enemies":"Exordium Wildlife","floor":5,"turns":4},{"damage":26,"enemies":"3 Sentries","floor":7,"turns":6},{"damage":20,"enemies":"Lagavulin","floor":11,"turns":5},{"damage":8,"enemies":"Blue Slaver","floor":12,"turns":3},{"damage":3,"enemies":"Exordium Thugs","floor":14,"turns":2},{"damage":15,"enemies":"Slime Boss","floor":16,"turns":7},{"damage":0,"enemies":"Spheric Guardian","floor":18,"turns":2},{"damage":9,"enemies":"Shell Parasite","floor":20,"turns":4},{"damage":34,"enemies":"Book of Stabbing","floor":24,"turns":4},{"damage":14,"enemies":"Centurion and Healer","floor":25,"turns":4},{"damage":4,"enemies":"Cultist and Chosen","floor":27,"turns":3},{"damage":15,"enemies":"Snake Plant","floor":28,"turns":3},{"damage":0,"enemies":"3 Cultists","floor":29,"turns":3},{"damage":78,"enemies":"Automaton","floor":33,"turns":9},{"damage":11,"enemies":"3 Shapes","floor":35,"turns":3},{"damage":39,"enemies":"2 Orb Walkers","floor":37,"turns":3},{"damage":15,"enemies":"Orb Walker","floor":38,"turns":4},{"damage":25,"enemies":"3 Darklings","floor":44,"turns":4},{"damage":12,"enemies":"Sphere and 2 Shapes","floor":47,"turns":3},{"damage":34,"enemies":"Spire Growth","floor":48,"turns":3}],"seed_played":"-515069862871270764","potions_obtained":[{"floor":2,"key":"Explosive Potion"},{"floor":7,"key":"Dexterity Potion"},{"floor":11,"key":"Block Potion"},{"floor":16,"key":"FocusPotion"},{"floor":20,"key":"Energy Potion"},{"floor":24,"key":"Regen Potion"},{"floor":29,"key":"AttackPotion"},{"floor":35,"key":"Weak Potion"},{"floor":37,"key":"Weak Potion"}],"is_trial":false,"path_per_floor":["M","M","?","M","M","R","E","R","T","R","E","M","$","M","R","B",null,"M","?","M","?","T","R","E","M","T","M","M","M","$","?","R","B",null,"M","?","?","M","?","R","?","R","T","M","?","$","M","M"],"character_chosen":"DEFECT","items_purchased":["Bag of Preparation","Ball Lightning+1","Defragment","Lee\u0027s Waffle","Lockon+1","Gash+1","FTL+1","Self Repair"],"campfire_rested":4,"item_purchase_floors":[13,13,13,30,30,46,46,46],"current_hp_per_floor":[74,71,71,71,57,57,31,53,53,53,33,25,25,22,44,36,75,75,75,66,66,66,66,32,25,25,30,15,22,82,82,82,4,82,71,61,22,14,14,38,28,52,52,27,27,27,22,0],"gold":81,"neow_bonus":"ONE_RARE_RELIC","is_prod":false,"is_daily":false,"chose_seed":false,"campfire_upgraded":1,"win_rate":0.0,"timestamp":1546239737,"path_taken":["M","?","?","M","?","R","E","R","T","R","E","M","$","?","R","BOSS","M","?","M","?","?","R","E","?","T","M","M","?","$","?","R","BOSS","M","?","?","M","?","R","?","R","T","M","?","$","M","M"],"build_version":"2018-12-20","purchased_purges":0,"victory":false,"max_hp_per_floor":[75,75,75,75,75,75,75,75,75,75,75,75,75,75,75,75,75,75,75,75,75,75,75,75,75,75,75,75,75,82,82,82,82,82,82,82,82,82,82,82,82,82,82,82,82,82,82,82],"card_choices":[{"not_picked":["Steam Power","Coolheaded"],"picked":"Turbo","floor":1},{"not_picked":["Ball Lightning","Sweeping Beam"],"picked":"Rebound","floor":2},{"not_picked":["Blizzard","Coolheaded"],"picked":"Loop","floor":4},{"not_picked":["Coolheaded","Force Field"],"picked":"Streamline","floor":5},{"not_picked":["Glacier","Redo"],"picked":"FTL","floor":7},{"not_picked":["Streamline+1","FTL+1"],"picked":"Hyperbeam+1","floor":11},{"not_picked":["Auto Shields","Chill"],"picked":"Self Repair","floor":12},{"not_picked":["Genetic Algorithm","Hello World"],"picked":"Melter+1","floor":14},{"not_picked":["Hyperbeam+1","Core Surge+1"],"picked":"Buffer","floor":16},{"not_picked":["Steam","Redo"],"picked":"Defragment","floor":17},{"not_picked":["Genetic Algorithm","Steam"],"picked":"Gash+1","floor":17},{"not_picked":["Conserve Battery","Coolheaded"],"picked":"Consume","floor":17},{"not_picked":["Conserve Battery","Turbo"],"picked":"Ball Lightning+1","floor":17},{"not_picked":["Coolheaded","Streamline+1"],"picked":"Melter+1","floor":17},{"not_picked":["Force Field+1","Sweeping Beam+1"],"picked":"Lockon+1","floor":18},{"not_picked":["Hologram","Force Field"],"picked":"Reboot","floor":20},{"not_picked":["Coolheaded","All For One+1"],"picked":"Electrodynamics","floor":24},{"not_picked":["Steam","Darkness"],"picked":"Leap","floor":25},{"not_picked":["Steam Power","Reprogram+1"],"picked":"Cold Snap+1","floor":27},{"not_picked":["Cold Snap+1","Compile Driver+1"],"picked":"Gash+1","floor":28},{"not_picked":["Steam","Coolheaded"],"picked":"Chaos","floor":29},{"not_picked":["Hyperbeam+1","Rainbow"],"picked":"All For One+1","floor":33},{"not_picked":["Steam","Hologram"],"picked":"Cold Snap+1","floor":35},{"not_picked":["Cold Snap+1","Rebound+1"],"picked":"Leap+1","floor":35},{"not_picked":["Streamline+1","Go for the Eyes+1"],"picked":"Gash+1","floor":37},{"not_picked":["Glacier","Coolheaded"],"picked":"Gash+1","floor":38},{"not_picked":["Fission","Streamline+1"],"picked":"Hologram+1","floor":38},{"not_picked":["Impatience","Thinking Ahead"],"picked":"Chrysalis","floor":41},{"not_picked":["Impatience","Dark Shackles"],"picked":"Apotheosis","floor":41},{"not_picked":["Good Instincts","Blind"],"picked":"Deep Breath","floor":41},{"not_picked":["Chill+1","Genetic Algorithm"],"picked":"Redo","floor":44},{"not_picked":["Capacitor+1","Streamline+1"],"picked":"Auto Shields","floor":44},{"not_picked":["Self Repair","Go for the Eyes+1"],"picked":"Gash+1","floor":47},{"not_picked":["Ball Lightning+1","Beam Cell+1"],"picked":"Reprogram","floor":47}],"player_experience":167944,"relics_obtained":[{"floor":7,"key":"Molten Egg 2"},{"floor":9,"key":"Orichalcum"},{"floor":11,"key":"Bronze Scales"},{"floor":22,"key":"Vajra"},{"floor":24,"key":"Oddly Smooth Stone"},{"floor":26,"key":"Potion Belt"},{"floor":34,"key":"Juzu Bracelet"},{"floor":34,"key":"Kunai"},{"floor":34,"key":"Calipers"},{"floor":37,"key":"Ginger"},{"floor":43,"key":"Regal Pillow"}],"event_choices":[{"damage_healed":0,"gold_gain":0,"cards_transformed":["Defend_B"],"player_choice":"Transformed","damage_taken":0,"max_hp_gain":0,"max_hp_loss":0,"event_name":"Transmorgrifier","floor":3,"gold_loss":0,"cards_obtained":["Fusion"]},{"damage_healed":0,"gold_gain":0,"player_choice":"Ignored","damage_taken":0,"max_hp_gain":0,"max_hp_loss":0,"event_name":"Beggar","floor":19,"gold_loss":0},{"damage_healed":0,"gold_gain":0,"cards_transformed":["Strike_B","Defend_B"],"player_choice":"Became Test Subject","damage_taken":0,"max_hp_gain":0,"max_hp_loss":0,"event_name":"Drug Dealer","floor":21,"gold_loss":0,"cards_obtained":["Streamline","White Noise"]},{"damage_healed":0,"gold_gain":0,"player_choice":"Stole Relic","damage_taken":0,"relics_obtained":["Prayer Wheel"],"max_hp_gain":0,"max_hp_loss":0,"event_name":"Addict","floor":31,"gold_loss":0,"cards_obtained":["Shame"]},{"damage_healed":0,"gold_gain":0,"player_choice":"Embrace Madness","damage_taken":10,"max_hp_gain":0,"max_hp_loss":0,"event_name":"Winding Halls","floor":36,"gold_loss":0,"cards_obtained":["Madness","Madness"]},{"damage_healed":0,"gold_gain":0,"player_choice":"Fight","damage_taken":0,"max_hp_gain":0,"max_hp_loss":0,"event_name":"Mysterious Sphere","floor":37,"gold_loss":0},{"damage_healed":0,"gold_gain":0,"player_choice":"Ignored","damage_taken":0,"max_hp_gain":0,"max_hp_loss":0,"event_name":"SecretPortal","floor":39,"gold_loss":0},{"damage_healed":0,"gold_gain":0,"player_choice":"Memory 3","damage_taken":10,"max_hp_gain":0,"max_hp_loss":0,"event_name":"SensoryStone","floor":41,"gold_loss":0},{"damage_healed":0,"gold_gain":0,"player_choice":"Ignored","damage_taken":0,"max_hp_gain":0,"max_hp_loss":0,"event_name":"The Moai Head","floor":45,"gold_loss":0}],"is_beta":false,"boss_relics":[{"not_picked":["Runic Dome","Black Star"],"picked":"Orrery"},{"not_picked":["FrozenCore","Astrolabe"],"picked":"Calling Bell"}],"items_purged_floors":[],"is_endless":false,"potions_floor_spawned":[2,7,11,16,20,24,29,35,37],"killed_by":"Spire Growth","ascension_level":0}