{"gold_per_floor":[115,190,209,134,84,119,119,132,214,227,240,240,255,287,287,392,392,392,392,317,317,317,317,232,232],"floor_reached":25,"playtime":676,"items_purged":["Strike_B"],"score":372,"play_id":"2dfd18e5-80df-41dc-850c-0c4457eab271","local_time":"20190425100728","is_ascension_mode":true,"campfire_choices":[{"data":"Zap","floor":7,"key":"SMITH"},{"data":"Coolheaded","floor":12,"key":"SMITH"},{"floor":15,"key":"REST"}],"neow_cost":"NONE","seed_source_timestamp":130522588887500,"circlet_count":0,"master_deck":["AscendersBane","Strike_B","Defend_B","Defend_B","Defend_B","Defend_B","Zap+1","Dualcast","Coolheaded+1","Sunder","Gash","Gash","Beam Cell","Coolheaded+1","Gash","BootSequence","RitualDagger","Stack"],"relics":["Cracked Core","NeowsBlessing","Boot","Bottled Flame","Shuriken","Ectoplasm","Regal Pillow"],"potions_floor_usage":[10,14,14,25],"damage_taken":[{"damage":0,"enemies":"Small Slimes","floor":1,"turns":1},{"damage":0,"enemies":"Jaw Worm","floor":3,"turns":1},{"damage":0,"enemies":"Gremlin Nob","floor":6,"turns":1},{"damage":0,"enemies":"2 Louse","floor":8,"turns":1},{"damage":11,"enemies":"Red Slaver","floor":10,"turns":3},{"damage":14,"enemies":"Lots of Slimes","floor":11,"turns":3},{"damage":6,"enemies":"Blue Slaver","floor":13,"turns":3},{"damage":19,"enemies":"Lagavulin","floor":14,"turns":4},{"damage":21,"enemies":"Slime Boss","floor":16,"turns":10},{"damage":12,"enemies":"3 Byrds","floor":18,"turns":4},{"damage":20,"enemies":"Chosen","floor":19,"turns":5},{"damage":14,"enemies":"Snake Plant","floor":21,"turns":3},{"damage":5,"enemies":"Chosen and Byrds","floor":23,"turns":4},{"damage":1,"enemies":"Gremlin Leader","floor":25,"turns":1}],"seed_played":"-6155043164870028481","potions_obtained":[{"floor":3,"key":"Dexterity Potion"},{"floor":6,"key":"SneckoOil"},{"floor":10,"key":"Block Potion"},{"floor":11,"key":"AttackPotion"},{"floor":23,"key":"Dexterity Potion"}],"is_trial":false,"path_per_floor":["M","?","M","$","?","E","R","M","T","M","M","R","M","E","R","B",null,"M","M","?","M","?","M","?","E"],"character_chosen":"DEFECT","items_purchased":[],"campfire_rested":1,"item_purchase_floors":[],"current_hp_per_floor":[68,57,57,57,57,57,57,57,57,46,32,32,26,7,29,8,58,46,26,26,12,6,1,1,0],"gold":232,"neow_bonus":"THREE_ENEMY_KILL","is_prod":false,"is_daily":false,"chose_seed":false,"campfire_upgraded":2,"win_rate":0,"timestamp":1556158048,"path_taken":["M","?","M","$","?","E","R","M","T","M","M","R","M","E","R","BOSS","M","M","?","M","?","M","?","E"],"build_version":"2019-01-23","purchased_purges":1,"victory":false,"max_hp_per_floor":[75,75,75,75,75,75,75,75,75,75,75,75,75,75,75,75,75,75,75,75,75,75,75,75,75],"card_choices":[{"not_picked":["Hologram","Streamline"],"picked":"Coolheaded","floor":1},{"not_picked":["Leap","Scrape"],"picked":"Sunder","floor":3},{"not_picked":["Compile Driver","Beam Cell"],"picked":"Gash","floor":6},{"not_picked":["Turbo","Melter"],"picked":"Gash","floor":8},{"not_picked":["All For One","Skim"],"picked":"Beam Cell","floor":10},{"not_picked":["Ball Lightning","Darkness","Cold Snap"],"picked":"SKIP","floor":11},{"not_picked":["Hologram","Turbo","Streamline"],"picked":"SKIP","floor":13},{"not_picked":["Streamline","Fusion","Consume"],"picked":"SKIP","floor":14},{"not_picked":["Gash","Genetic Algorithm+1"],"picked":"Coolheaded+1","floor":18},{"not_picked":["Consume","Steam"],"picked":"Gash","floor":19},{"not_picked":["Turbo","Sweeping Beam"],"picked":"BootSequence","floor":21},{"not_picked":["Steam","Rip and Tear+1"],"picked":"Stack","floor":23}],"player_experience":531075,"relics_obtained":[{"floor":6,"key":"Boot"},{"floor":9,"key":"Bottled Flame"},{"floor":14,"key":"Shuriken"}],"event_choices":[{"damage_healed":0,"gold_gain":75,"player_choice":"Gather Gold","damage_taken":11,"max_hp_gain":0,"max_hp_loss":0,"event_name":"World of Goop","floor":2,"gold_loss":0},{"cards_removed":["Strike_B"],"damage_healed":0,"gold_gain":0,"player_choice":"Card Removal","damage_taken":0,"max_hp_gain":0,"max_hp_loss":0,"event_name":"The Cleric","floor":5,"gold_loss":50},{"cards_removed":["Strike_B"],"damage_healed":0,"gold_gain":0,"player_choice":"Gave Gold","damage_taken":0,"max_hp_gain":0,"max_hp_loss":0,"event_name":"Beggar","floor":20,"gold_loss":75},{"damage_healed":0,"gold_gain":0,"player_choice":"Joined the Cult","damage_taken":6,"max_hp_gain":0,"max_hp_loss":0,"event_name":"Nest","floor":22,"gold_loss":0,"cards_obtained":["RitualDagger"]},{"damage_healed":0,"gold_gain":0,"player_choice":"Obtained Relic","damage_taken":0,"relics_obtained":["Regal Pillow"],"max_hp_gain":0,"max_hp_loss":0,"event_name":"Addict","floor":24,"gold_loss":85}],"is_beta":false,"boss_relics":[{"not_picked":["White Beast Statue","Tiny House"],"picked":"Ectoplasm"}],"items_purged_floors":[4],"is_endless":false,"potions_floor_spawned":[3,6,10,11,13,23],"killed_by":"Gremlin Leader","ascension_level":11}