{"path_per_floor":["M","M","$","M","M","R","E","T","T","M","?"],"character_chosen":"DEFECT","items_purchased":[],"gold_per_floor":[110,120,45,64,76,76,107,107,131,143,143,143],"floor_reached":12,"campfire_rested":0,"playtime":1446,"item_purchase_floors":[],"current_hp_per_floor":[74,62,62,55,27,27,6,6,6,6,6,0],"items_purged":["Injury"],"gold":143,"score":96,"play_id":"f3570b65-be72-46af-9bfe-ed031f4a5fcc","local_time":"20180617180327","is_prod":false,"is_daily":false,"chose_seed":false,"is_ascension_mode":true,"campfire_upgraded":1,"win_rate":0,"timestamp":1529229807,"campfire_choices":[{"data":"Amplify","floor":6,"key":"SMITH"}],"path_taken":["M","M","$","M","M","R","E","?","T","M","?","?"],"build_version":"2018-06-14v2","seed_source_timestamp":95275414248955,"purchased_purges":1,"victory":false,"master_deck":["Strike_B","Strike_B","Strike_B","Strike_B","Defend_B","Defend_B","Defend_B","Defend_B","Zap","Dualcast","Amplify+1","Gash","Conserve Battery","Rainbow","Defragment"],"max_hp_per_floor":[75,75,75,75,75,75,75,75,75,75,75,75],"relics":["Cracked Core","Question Card","The Courier","Happy Flower"],"card_choices":[{"not_picked":["Reboot","Biased Cognition"],"picked":"Amplify","floor":0},{"not_picked":["Streamline","Coolheaded"],"picked":"Gash","floor":1},{"not_picked":["Turbo","Redo"],"picked":"Conserve Battery","floor":2},{"not_picked":["Hologram","Turbo","Blizzard"],"picked":"SKIP","floor":4},{"not_picked":["Barrage","Ball Lightning"],"picked":"Rainbow","floor":5},{"not_picked":["Fusion","Barrage","Consume"],"picked":"SKIP","floor":7},{"not_picked":["Streamline","Sweeping Beam","Sunder"],"picked":"Defragment","floor":10}],"player_experience":261642,"potions_floor_usage":[],"damage_taken":[{"damage":1,"enemies":"Cultist","floor":1,"turns":4},{"damage":12,"enemies":"Jaw Worm","floor":2,"turns":2},{"damage":7,"enemies":"2 Louse","floor":4,"turns":2},{"damage":28,"enemies":"Gremlin Gang","floor":5,"turns":5},{"damage":21,"enemies":"Lagavulin","floor":7,"turns":5},{"damage":0,"enemies":"Looter","floor":10,"turns":3},{"damage":12,"enemies":"Exordium Wildlife","floor":12,"turns":1}],"relics_obtained":[{"floor":7,"key":"Question Card"},{"floor":8,"key":"The Courier"},{"floor":9,"key":"Happy Flower"}],"event_choices":[{"event_name":"Dead Adventurer","player_choice":"Searched \u00270\u0027 times","floor":11,"damage_taken":0}],"boss_relics":[],"items_purged_floors":[3],"is_endless":false,"potions_floor_spawned":[7],"seed_played":"7590659696066946106","killed_by":"Exordium Wildlife","ascension_level":4,"potions_obtained":[{"floor":7,"key":"Ancient Potion"}],"is_trial":false}