{"gold_per_floor":[111,36,47,47,60,60,91,91,115,131,143,157,157,173,173,246,246,256,256],"floor_reached":19,"playtime":811,"items_purged":["Pain"],"score":325,"play_id":"38ffc6f6-10f0-4f5d-9487-391b927dc86e","local_time":"20181110115615","is_ascension_mode":true,"campfire_choices":[{"data":"Envenom","floor":6.0,"key":"SMITH"},{"floor":8.0,"key":"REST"},{"data":"Cloak And Dagger","floor":15,"key":"SMITH"}],"neow_cost":"CURSE","seed_source_timestamp":0,"circlet_count":0,"master_deck":["AscendersBane","Defend_G","Defend_G","Defend_G","Defend_G","Defend_G","Strike_G","Strike_G","Strike_G","Strike_G","Survivor","Neutralize","Envenom+1","Dash","Backflip","Blur","Dagger Throw","Slice","Deflect","Cloak And Dagger+1","A Thousand Cuts","Unload","Cloak And Dagger"],"special_seed":0,"relics":["Ring of the Snake","Dream Catcher","Snake Skull","White Beast Statue"],"potions_floor_usage":[14,16,19],"damage_taken":[{"damage":6.0,"enemies":"2 Louse","floor":1.0,"turns":7.0},{"damage":1.0,"enemies":"Cultist","floor":3.0,"turns":4.0},{"damage":4.0,"enemies":"Jaw Worm","floor":5.0,"turns":6.0},{"damage":50.0,"enemies":"Lagavulin","floor":7.0,"turns":12.0},{"damage":3.0,"enemies":"Blue Slaver","floor":10.0,"turns":3.0},{"damage":2,"enemies":"Exordium Wildlife","floor":11,"turns":5},{"damage":3,"enemies":"Exordium Thugs","floor":12,"turns":4},{"damage":4,"enemies":"3 Louse","floor":14,"turns":3},{"damage":7,"enemies":"Hexaghost","floor":16,"turns":9},{"damage":33,"enemies":"Shell Parasite","floor":18,"turns":7},{"damage":26,"enemies":"Chosen","floor":19,"turns":5}],"seed_played":"-8912248710766587831","potions_obtained":[{"floor":3.0,"key":"FairyPotion"},{"floor":5.0,"key":"SteroidPotion"},{"floor":7.0,"key":"Energy Potion"},{"floor":12,"key":"SteroidPotion"},{"floor":14,"key":"Energy Potion"},{"floor":18,"key":"Block Potion"}],"is_trial":false,"path_per_floor":["M","$","M","?","M","R","E","R","T","M","M","M","?","M","R","B",null,"M","M"],"character_chosen":"THE_SILENT","items_purchased":[],"campfire_rested":1,"item_purchase_floors":[],"current_hp_per_floor":[53,53,52,52,48,48,6,25,25,22,20,17,39,35,35,28,57,24,0],"gold":256,"neow_bonus":"THREE_RARE_CARDS","is_prod":false,"is_daily":false,"chose_seed":false,"campfire_upgraded":2,"win_rate":0,"timestamp":1541868975,"path_taken":["M","$","M","?","?","R","E","R","T","M","M","M","?","M","R","BOSS","M","M"],"build_version":"2018-11-08","purchased_purges":1,"victory":false,"max_hp_per_floor":[66,66,66,66,66,66,66,66,66,66,66,66,66,66,66,66,66,66,66],"card_choices":[{"not_picked":["Burst","Die Die Die"],"picked":"Envenom","floor":0.0},{"not_picked":["Concentrate","Predator"],"picked":"Dash","floor":1.0},{"not_picked":["Sucker Punch","Escape Plan"],"picked":"Backflip","floor":3.0},{"not_picked":["Deflect","Quick Slash"],"picked":"Blur","floor":5.0},{"not_picked":["Acrobatics","Backflip"],"picked":"Dagger Throw","floor":7.0},{"not_picked":["Dash","Deadly Poison"],"picked":"Slice","floor":10.0},{"not_picked":["Dodge and Roll","Quick Slash"],"picked":"Deflect","floor":11},{"not_picked":["Dagger Spray","Dodge and Roll"],"picked":"Cloak And Dagger","floor":12},{"not_picked":["Acrobatics","Predator"],"picked":"A Thousand Cuts","floor":14},{"not_picked":["Phantasmal Killer","Grand Finale"],"picked":"Unload","floor":16},{"not_picked":["Concentrate","Prepared"],"picked":"Cloak And Dagger","floor":18}],"player_experience":712761,"relics_obtained":[{"floor":7.0,"key":"Dream Catcher"},{"floor":9.0,"key":"Snake Skull"}],"event_choices":[{"cards_removed":["Strike_G"],"damage_healed":0.0,"max_hp_gain":0.0,"max_hp_loss":0.0,"gold_gain":0.0,"event_name":"Purifier","player_choice":"Purged","floor":4.0,"gold_loss":0.0,"damage_taken":0.0},{"damage_healed":22,"gold_gain":0,"player_choice":"Banana","damage_taken":0,"max_hp_gain":0,"max_hp_loss":0,"event_name":"Big Fish","floor":13,"gold_loss":0}],"is_beta":false,"boss_relics":[{"not_picked":["Snecko Eye","Calling Bell"],"picked":"White Beast Statue"}],"items_purged_floors":[2],"is_endless":false,"potions_floor_spawned":[3,5,7,12,14,18],"killed_by":"Chosen","ascension_level":18}