{"gold_per_floor":[113,133,152,163,178,209,209,235,260,275,275,291,291,109,109,207,207,207,207,207,207,72,72,72,72,72,72,72,72,72,72,72,72,72,72,72],"floor_reached":36,"playtime":4441,"items_purged":["Shame"],"score":689,"play_id":"04a39c49-db02-4f8a-9a05-7fbfc6e4064b","local_time":"20190324214313","is_ascension_mode":true,"campfire_choices":[{"floor":7.0,"key":"REST"},{"data":"Leg Sweep","floor":11.0,"key":"SMITH"},{"floor":15.0,"key":"REST"},{"data":"Envenom","floor":23.0,"key":"SMITH"},{"floor":30.0,"key":"REST"},{"floor":32.0,"key":"REST"}],"neow_cost":"NONE","seed_source_timestamp":0,"circlet_count":0,"master_deck":["Defend_G+1","Defend_G+1","Defend_G+1","Defend_G+1","Defend_G+1","Strike_G+1","Strike_G+1","Strike_G+1","Strike_G+1","Strike_G+1","Survivor","Neutralize","Predator","Quick Slash","Leg Sweep+1","Dash","Deflect","Masterful Stab","Venomology","Escape Plan","Dagger Spray","Magnetism","Envenom+1","Cloak And Dagger+1","Bandage Up","Backflip+1","Leg Sweep+1","PiercingWail+1","Phantasmal Killer+1","Distraction+1"],"special_seed":0,"relics":["Ring of the Snake","Regal Pillow","Matryoshka","Strawberry","Juzu Bracelet","Smiling Mask","Ectoplasm","Pantograph","Bottled Tornado","FossilizedHelix","Anchor","Toxic Egg 2","Eternal Feather"],"potions_floor_usage":[36],"damage_taken":[{"damage":1.0,"enemies":"2 Louse","floor":1.0,"turns":3.0},{"damage":4.0,"enemies":"Small Slimes","floor":2.0,"turns":3.0},{"damage":2.0,"enemies":"Jaw Worm","floor":3.0,"turns":4.0},{"damage":3.0,"enemies":"Looter","floor":4.0,"turns":4.0},{"damage":7.0,"enemies":"3 Louse","floor":5.0,"turns":4.0},{"damage":29.0,"enemies":"Lagavulin","floor":6.0,"turns":8.0},{"damage":17.0,"enemies":"3 Sentries","floor":8.0,"turns":11.0},{"damage":0.0,"enemies":"Large Slime","floor":10.0,"turns":5.0},{"damage":6.0,"enemies":"2 Fungi Beasts","floor":12.0,"turns":5.0},{"damage":0.0,"enemies":"Slime Boss","floor":16.0,"turns":7.0},{"damage":0.0,"enemies":"3 Byrds","floor":18.0,"turns":5.0},{"damage":16.0,"enemies":"Book of Stabbing","floor":25.0,"turns":5.0},{"damage":51.0,"enemies":"Gremlin Leader","floor":27.0,"turns":9.0},{"damage":0.0,"enemies":"Shell Parasite","floor":31.0,"turns":7.0},{"damage":0.0,"enemies":"Automaton","floor":33.0,"turns":13.0},{"damage":40,"enemies":"3 Darklings","floor":35,"turns":7},{"damage":51,"enemies":"2 Orb Walkers","floor":36,"turns":4}],"seed_played":"7757180729651942455","potions_obtained":[{"floor":1.0,"key":"GhostInAJar"},{"floor":4.0,"key":"AttackPotion"},{"floor":6.0,"key":"SteroidPotion"},{"floor":10.0,"key":"SpeedPotion"},{"floor":25.0,"key":"EssenceOfSteel"},{"floor":31.0,"key":"EssenceOfSteel"}],"is_trial":false,"path_per_floor":["M","M","M","M","M","E","R","E","T","M","R","M","?","$","R","B",null,"M","$","?","?","$","R","?","E","T","E","?","?","R","M","R","B",null,"M","?"],"character_chosen":"THE_SILENT","items_purchased":["Magnetism","Bandage Up"],"campfire_rested":4,"item_purchase_floors":[14,22],"current_hp_per_floor":[62,58,56,53,46,17,53,43,43,43,43,37,30,30,68,68,75,75,75,75,75,75,75,75,59,59,12,12,12,50,54,77,77,77,41,0],"gold":72,"neow_bonus":"RANDOM_COMMON_RELIC","is_prod":false,"is_daily":false,"chose_seed":false,"campfire_upgraded":2,"win_rate":0,"timestamp":1553488993,"path_taken":["M","M","M","M","M","E","R","E","T","M","R","M","?","$","R","BOSS","M","$","?","?","?","R","?","E","T","E","?","?","R","M","R","BOSS","M","?"],"build_version":"2019-01-23","purchased_purges":1,"victory":false,"max_hp_per_floor":[70,70,70,70,70,70,70,77,77,77,77,77,77,77,77,77,77,77,77,77,77,77,77,77,77,77,77,77,77,77,77,77,77,77,77,77],"card_choices":[{"not_picked":["Dagger Spray","Poisoned Stab"],"picked":"Predator","floor":1.0},{"not_picked":["Slice","Acrobatics"],"picked":"Quick Slash","floor":2.0},{"not_picked":["Outmaneuver","Acrobatics"],"picked":"Leg Sweep","floor":3.0},{"not_picked":["Dagger Throw","Crippling Poison"],"picked":"Dash","floor":4.0},{"not_picked":["Finisher","Underhanded Strike"],"picked":"Deflect","floor":5.0},{"not_picked":["PiercingWail","Quick Slash"],"picked":"Masterful Stab","floor":6.0},{"not_picked":["Infinite Blades","Cloak And Dagger"],"picked":"Venomology","floor":8.0},{"not_picked":["Finisher","Acrobatics"],"picked":"Escape Plan","floor":10.0},{"not_picked":["Bane","Sucker Punch"],"picked":"Dagger Spray","floor":12.0},{"not_picked":["Grand Finale","Wraith Form v2"],"picked":"Envenom","floor":16.0},{"not_picked":["Blade Dance","Masterful Stab"],"picked":"Cloak And Dagger+1","floor":18.0},{"not_picked":["Dagger Throw+1","Caltrops"],"picked":"Backflip+1","floor":25.0},{"not_picked":["Calculated Gamble","All Out Attack"],"picked":"Leg Sweep","floor":27.0},{"not_picked":["Underhanded Strike+1","Calculated Gamble+1"],"picked":"PiercingWail+1","floor":31.0},{"not_picked":["Die Die Die","Burst+1"],"picked":"Phantasmal Killer+1","floor":33.0},{"not_picked":["Finisher+1","Expertise+1"],"picked":"Distraction+1","floor":35}],"player_experience":414253,"relics_obtained":[{"floor":6.0,"key":"Matryoshka"},{"floor":8.0,"key":"Strawberry"},{"floor":9.0,"key":"Juzu Bracelet"},{"floor":25.0,"key":"Bottled Tornado"},{"floor":26.0,"key":"FossilizedHelix"},{"floor":26.0,"key":"Anchor"},{"floor":27.0,"key":"Toxic Egg 2"}],"event_choices":[{"damage_healed":0.0,"max_hp_gain":0.0,"max_hp_loss":0.0,"gold_gain":0.0,"event_name":"Scrap Ooze","player_choice":"Success","floor":13.0,"gold_loss":0.0,"damage_taken":7.0,"relics_obtained":["Smiling Mask"]},{"damage_healed":0.0,"max_hp_gain":0.0,"max_hp_loss":0.0,"gold_gain":0.0,"event_name":"Addict","player_choice":"Stole Relic","floor":20.0,"gold_loss":0.0,"damage_taken":0.0,"relics_obtained":["Pantograph"],"cards_obtained":["Shame"]},{"damage_healed":0.0,"max_hp_gain":0.0,"max_hp_loss":0.0,"gold_gain":0.0,"event_name":"Ghosts","player_choice":"Ignored","floor":21.0,"gold_loss":0.0,"damage_taken":0.0},{"damage_healed":0.0,"max_hp_gain":0.0,"max_hp_loss":0.0,"gold_gain":0.0,"event_name":"Beggar","player_choice":"Ignored","floor":24.0,"gold_loss":0.0,"damage_taken":0.0},{"damage_healed":0.0,"max_hp_gain":0.0,"max_hp_loss":0.0,"gold_gain":0.0,"event_name":"Cursed Tome","player_choice":"Ignored","floor":28.0,"gold_loss":0.0,"damage_taken":0.0},{"damage_healed":0.0,"max_hp_gain":0.0,"max_hp_loss":0.0,"gold_gain":0.0,"event_name":"Back to Basics","player_choice":"Simplicity","floor":29.0,"gold_loss":0.0,"damage_taken":0.0,"cards_upgraded":["Defend_G","Defend_G","Defend_G","Defend_G","Defend_G","Strike_G","Strike_G","Strike_G","Strike_G","Strike_G"]},{"damage_healed":0,"gold_gain":0,"player_choice":"Fight","damage_taken":0,"max_hp_gain":0,"max_hp_loss":0,"event_name":"Mysterious Sphere","floor":36,"gold_loss":0}],"is_beta":false,"boss_relics":[{"not_picked":["Coffee Dripper","Lizard Tail"],"picked":"Ectoplasm"},{"not_picked":["Runic Dome","Tiny House"],"picked":"Eternal Feather"}],"items_purged_floors":[22],"is_endless":false,"potions_floor_spawned":[1,4,6,10,16,25,31],"killed_by":"2 Orb Walkers","ascension_level":7}