{"gold_per_floor":[109,74,18,34,34,34,77,77,77,77,24,24,67,86,86,184,184,197,216,45,0,18,18],"floor_reached":23,"playtime":639,"items_purged":[],"score":469,"play_id":"cbbd8c9d-650e-4058-8814-2db0a34723f7","local_time":"20190506154022","is_ascension_mode":true,"campfire_choices":[{"data":"Bash","floor":6.0,"key":"SMITH"},{"data":"Flex","floor":12.0,"key":"SMITH"},{"data":"Flex","floor":15.0,"key":"SMITH"}],"neow_cost":"NONE","seed_source_timestamp":0,"circlet_count":0,"master_deck":["AscendersBane","Strike_R","Strike_R","Strike_R","Strike_R","Defend_R","Defend_R","Defend_R","Defend_R","Bash+1","Shockwave","Flex+1","Cleave","Injury","Pummel","Twin Strike","Flex+1","Anger","Feed","Rampage","Pummel","Swift Strike"],"special_seed":0,"relics":["Burning Blood","NeowsBlessing","Golden Idol","Smiling Mask","Pear","Strawberry","Busted Crown"],"potions_floor_usage":[22,23],"damage_taken":[{"damage":0.0,"enemies":"Jaw Worm","floor":1.0,"turns":1.0},{"damage":0.0,"enemies":"2 Louse","floor":4.0,"turns":1.0},{"damage":0.0,"enemies":"Gremlin Nob","floor":7.0,"turns":1.0},{"damage":25.0,"enemies":"Lagavulin","floor":13.0,"turns":5.0},{"damage":0.0,"enemies":"Cultist","floor":14.0,"turns":2.0},{"damage":55.0,"enemies":"Hexaghost","floor":16.0,"turns":9.0},{"damage":22,"enemies":"2 Thieves","floor":18,"turns":3},{"damage":7,"enemies":"Chosen","floor":19,"turns":3},{"damage":30,"enemies":"Snake Plant","floor":22,"turns":5},{"damage":42,"enemies":"Slavers","floor":23,"turns":2}],"seed_played":"-3594146499038501321","potions_obtained":[{"floor":4.0,"key":"AttackPotion"},{"floor":7.0,"key":"Swift Potion"},{"floor":13.0,"key":"LiquidBronze"},{"floor":16.0,"key":"LiquidBronze"},{"floor":18,"key":"SneckoOil"}],"is_trial":false,"path_per_floor":["M","?","$","M","?","R","E","?","T","?","$","R","E","M","R","B",null,"M","M","$","?","M","E"],"character_chosen":"IRONCLAD","items_purchased":["Flex","Twin Strike","Pummel","Swift Strike"],"campfire_rested":0,"item_purchase_floors":[3,11,20,20],"current_hp_per_floor":[74,75,75,75,75,75,75,75,85,85,85,85,73,79,79,30,77,64,63,63,63,39,0],"gold":18,"neow_bonus":"THREE_ENEMY_KILL","is_prod":false,"is_daily":false,"chose_seed":false,"campfire_upgraded":3,"win_rate":0,"timestamp":1557171622,"path_taken":["M","?","$","M","?","R","E","?","T","?","$","R","E","M","R","BOSS","M","M","$","?","M","E"],"build_version":"2019-01-23","purchased_purges":0,"victory":false,"max_hp_per_floor":[75,75,75,75,75,75,75,75,85,85,85,85,92,92,92,92,92,95,95,95,95,95,95],"card_choices":[{"not_picked":["Sword Boomerang","True Grit"],"picked":"Shockwave","floor":1.0},{"not_picked":["Havoc","Dual Wield"],"picked":"Cleave","floor":4.0},{"not_picked":["Bloodletting","Juggernaut"],"picked":"Pummel","floor":7.0},{"not_picked":["Body Slam","Perfected Strike"],"picked":"Flex","floor":13.0},{"not_picked":["Body Slam","Power Through"],"picked":"Anger","floor":14.0},{"not_picked":["Fiend Fire","Dark Embrace"],"picked":"Feed","floor":16.0},{"not_picked":[],"picked":"Rampage","floor":18},{"not_picked":["True Grit"],"picked":"SKIP","floor":19},{"not_picked":["Twin Strike"],"picked":"SKIP","floor":22}],"player_experience":950103,"relics_obtained":[{"floor":7.0,"key":"Smiling Mask"},{"floor":9.0,"key":"Pear"},{"floor":13.0,"key":"Strawberry"}],"event_choices":[{"damage_healed":18.0,"max_hp_gain":0.0,"max_hp_loss":0.0,"gold_gain":0.0,"event_name":"The Cleric","player_choice":"Healed","floor":2.0,"gold_loss":35.0,"damage_taken":0.0},{"damage_healed":0.0,"max_hp_gain":0.0,"max_hp_loss":0.0,"gold_gain":0.0,"event_name":"Golden Idol","player_choice":"Take Wound","floor":5.0,"gold_loss":0.0,"damage_taken":0.0,"relics_obtained":["Golden Idol"],"cards_obtained":["Injury"]},{"damage_healed":0.0,"max_hp_gain":0.0,"max_hp_loss":0.0,"gold_gain":0.0,"event_name":"Shining Light","player_choice":"Ignored","floor":8.0,"gold_loss":0.0,"damage_taken":0.0},{"cards_removed":["Strike_R"],"damage_healed":0.0,"max_hp_gain":0.0,"max_hp_loss":0.0,"gold_gain":0.0,"event_name":"Purifier","player_choice":"Purged","floor":10.0,"gold_loss":0.0,"damage_taken":0.0},{"damage_healed":0,"gold_gain":0,"player_choice":"Paid Fearfully","damage_taken":0,"max_hp_gain":0,"max_hp_loss":0,"event_name":"Masked Bandits","floor":21,"gold_loss":45}],"is_beta":false,"boss_relics":[{"not_picked":["Calling Bell","Empty Cage"],"picked":"Busted Crown"}],"items_purged_floors":[],"is_endless":false,"potions_floor_spawned":[4,7,13,16,18],"killed_by":"Slavers","ascension_level":20}