{"gold_per_floor":[114,114,128,146,156,183,241,241,290,290,301,319,319,137,137,137],"floor_reached":16,"playtime":721,"items_purged":["Strike_B"],"score":102,"play_id":"106aae1d-50b1-4598-a7b4-4f471a756590","local_time":"20190407010612","is_ascension_mode":false,"campfire_choices":[{"floor":10,"key":"RECALL"},{"data":"Zap","floor":13,"key":"SMITH"},{"data":"Coolheaded","floor":15,"key":"SMITH"}],"neow_cost":"NONE","seed_source_timestamp":1209605177050600,"circlet_count":0,"master_deck":["Strike_B","Strike_B","Strike_B","Defend_B","Defend_B","Defend_B","Defend_B","Zap+1","Dualcast","Cold Snap","Coolheaded+1","Chill","Gash","Reboot","Compile Driver","Rainbow","Streamline","PanicButton"],"relics":["Cracked Core","NeowsBlessing","Cables","Omamori"],"potions_floor_usage":[6,7,16],"damage_taken":[{"damage":0,"enemies":"2 Louse","floor":1,"turns":1},{"damage":0,"enemies":"Cultist","floor":3,"turns":1},{"damage":0,"enemies":"Small Slimes","floor":4,"turns":1},{"damage":8,"enemies":"2 Fungi Beasts","floor":5,"turns":4},{"damage":6,"enemies":"Gremlin Nob","floor":6,"turns":5},{"damage":22,"enemies":"3 Sentries","floor":7,"turns":7},{"damage":0,"enemies":"Lots of Slimes","floor":11,"turns":4},{"damage":12,"enemies":"Large Slime","floor":12,"turns":5},{"damage":31,"enemies":"Slime Boss","floor":16,"turns":9}],"seed_played":"8610507128823352461","potions_obtained":[{"floor":5,"key":"FocusPotion"},{"floor":6,"key":"SkillPotion"},{"floor":12,"key":"SneckoOil"}],"is_trial":false,"path_per_floor":["M","?","M","M","M","E","?","?","T","R","M","M","R","$","R","B"],"character_chosen":"DEFECT","items_purchased":["Streamline","PanicButton"],"campfire_rested":0,"item_purchase_floors":[14,14],"current_hp_per_floor":[75,75,75,75,67,61,39,39,39,39,39,27,27,27,27,0],"gold":137,"neow_bonus":"THREE_ENEMY_KILL","is_prod":false,"is_daily":false,"chose_seed":false,"campfire_upgraded":2,"win_rate":0,"timestamp":1554570372,"path_taken":["M","?","?","M","M","E","?","?","T","R","?","?","R","$","R","BOSS"],"build_version":"2019-01-23","purchased_purges":1,"victory":false,"max_hp_per_floor":[75,75,75,75,75,75,75,75,75,75,75,75,75,75,75,75],"card_choices":[{"not_picked":["Ball Lightning","Sweeping Beam"],"picked":"Cold Snap","floor":1},{"not_picked":["Ball Lightning","Redo"],"picked":"Coolheaded","floor":3},{"not_picked":["Sweeping Beam","Steam"],"picked":"Chill","floor":4},{"not_picked":["Melter","Steam"],"picked":"Gash","floor":5},{"not_picked":["Capacitor","Barrage"],"picked":"Reboot","floor":6},{"not_picked":["Ball Lightning","Coolheaded"],"picked":"Compile Driver","floor":7},{"not_picked":["Rebound","Consume","Auto Shields"],"picked":"SKIP","floor":11},{"not_picked":["Lockon","Barrage"],"picked":"Rainbow","floor":12}],"player_experience":451796,"relics_obtained":[{"floor":6,"key":"Cables"},{"floor":7,"key":"Omamori"}],"event_choices":[{"damage_healed":0,"gold_gain":0,"player_choice":"Ignored","damage_taken":0,"max_hp_gain":0,"max_hp_loss":0,"event_name":"WeMeetAgain","floor":2,"gold_loss":0},{"damage_healed":0,"gold_gain":0,"player_choice":"Searched \u00271\u0027 times","damage_taken":0,"max_hp_gain":0,"max_hp_loss":0,"event_name":"Dead Adventurer","floor":7,"gold_loss":0},{"damage_healed":0,"gold_gain":0,"player_choice":"Ignored","damage_taken":0,"max_hp_gain":0,"max_hp_loss":0,"event_name":"NoteForYourself","floor":8,"gold_loss":0}],"is_beta":false,"boss_relics":[],"items_purged_floors":[14],"is_endless":false,"potions_floor_spawned":[5,6,12],"killed_by":"Slime Boss","ascension_level":0}