{"gold_per_floor":[19,34,34,47,47,47,76,76,76,57,70,70,70,70,70,196,196,211,227,241,241,241,241],"floor_reached":23,"playtime":1023,"items_purged":[],"score":201,"play_id":"15eed65f-2ba3-49c3-b9f0-03f5b19db53f","local_time":"20180918020126","is_ascension_mode":true,"campfire_choices":[{"data":"Zap","floor":6,"key":"SMITH"},{"data":"Leap","floor":8,"key":"SMITH"},{"data":"Self Repair","floor":13,"key":"SMITH"},{"data":"Melter","floor":15,"key":"SMITH"}],"neow_cost":"NO_GOLD","seed_source_timestamp":288529190748813,"circlet_count":0,"master_deck":["Strike_B","Strike_B","Strike_B","Defend_B","Defend_B","Defend_B","Defend_B","Zap+1","Dualcast","Leap+1","Cold Snap","Storm","Self Repair+1","Melter+1","Amplify+1","White Noise+1","Heatsinks+1"],"relics":["Cracked Core","Gremlin Horn","Toxic Egg 2","Golden Idol","Coffee Dripper","Nilry\u0027s Codex"],"potions_floor_usage":[20,23,23],"damage_taken":[{"damage":0,"enemies":"2 Louse","floor":1,"turns":2},{"damage":0,"enemies":"Cultist","floor":2,"turns":4},{"damage":2,"enemies":"Jaw Worm","floor":4,"turns":3},{"damage":7,"enemies":"3 Sentries","floor":7,"turns":11},{"damage":5,"enemies":"Exordium Thugs","floor":10,"turns":5},{"damage":1,"enemies":"Red Slaver","floor":11,"turns":4},{"damage":33,"enemies":"The Guardian","floor":16,"turns":12},{"damage":0,"enemies":"Chosen","floor":18,"turns":6},{"damage":7,"enemies":"Shell Parasite","floor":19,"turns":3},{"damage":17,"enemies":"Centurion and Healer","floor":20,"turns":5},{"damage":66,"enemies":"Book of Stabbing","floor":23,"turns":9}],"seed_played":"-8474206390281154881","potions_obtained":[{"floor":2,"key":"Weak Potion"},{"floor":11,"key":"Energy Potion"},{"floor":16,"key":"AttackPotion"}],"is_trial":false,"path_per_floor":["M","M","?","M","$","R","E","R","T","M","M","$","R","?","R","B",null,"M","M","M","?","?"],"character_chosen":"DEFECT","items_purchased":[],"campfire_rested":0,"item_purchase_floors":[],"current_hp_per_floor":[89,89,89,87,87,87,80,80,80,75,81,81,81,59,59,36,89,89,89,82,82,66,0],"gold":241,"neow_bonus":"TWENTY_PERCENT_HP_BONUS","is_prod":false,"is_daily":false,"chose_seed":false,"campfire_upgraded":4,"win_rate":0,"timestamp":1537228886,"path_taken":["M","M","?","M","?","R","E","R","T","M","?","$","R","?","R","BOSS","M","M","?","?","?","E"],"build_version":"2018-09-12","purchased_purges":0,"victory":false,"max_hp_per_floor":[89,89,89,89,89,89,89,89,89,89,89,89,89,89,89,89,89,89,89,89,89,89,89],"card_choices":[{"not_picked":["Barrage","Compile Driver"],"picked":"Leap","floor":1},{"not_picked":["Steam","Rebound"],"picked":"Cold Snap","floor":2},{"not_picked":["Hologram","Beam Cell"],"picked":"Storm","floor":4},{"not_picked":["Streamline","Hologram","Cold Snap"],"picked":"SKIP","floor":7},{"not_picked":["Skim+1","Streamline"],"picked":"Self Repair","floor":10},{"not_picked":["Go for the Eyes","Chill+1"],"picked":"Melter","floor":11},{"not_picked":["Machine Learning","Meteor Strike"],"picked":"Amplify+1","floor":16},{"not_picked":["Sweeping Beam","Ball Lightning+1"],"picked":"White Noise+1","floor":18},{"not_picked":["Compile Driver+1","Reprogram+1"],"picked":"Heatsinks+1","floor":19},{"not_picked":["Cold Snap","Beam Cell","Streamline"],"picked":"SKIP","floor":20}],"player_experience":96712,"relics_obtained":[{"floor":7,"key":"Gremlin Horn"},{"floor":9,"key":"Toxic Egg 2"},{"floor":22,"key":"Nilry\u0027s Codex"}],"event_choices":[{"event_name":"Purifier","player_choice":"One Purge","floor":3,"damage_taken":0},{"event_name":"Golden Idol","player_choice":"Take Damage","floor":14,"damage_taken":0},{"event_name":"Vampires","player_choice":"Ignored","floor":21,"damage_taken":0},{"event_name":"Cursed Tome","player_choice":"Obtained Book","floor":22,"damage_taken":0}],"is_beta":true,"boss_relics":[{"not_picked":["Empty Cage","Snecko Eye"],"picked":"Coffee Dripper"}],"items_purged_floors":[],"is_endless":false,"potions_floor_spawned":[2,11,16],"killed_by":"Book of Stabbing","ascension_level":1}