{"gold_per_floor":[115,115,38,49,49,49,76,93,171,197,197,211,211,222,222,293,293,310,152,166,166,166,166],"floor_reached":23,"playtime":591,"items_purged":[],"score":462,"play_id":"f2e083f9-d18c-4bd5-afe9-d0b062f2d009","local_time":"20181217070008","is_ascension_mode":true,"campfire_choices":[{"data":"Endless Agony","floor":6.0,"key":"SMITH"},{"data":"Calculated Gamble","floor":11.0,"key":"SMITH"},{"data":"Corpse Explosion","floor":13.0,"key":"SMITH"},{"data":"Catalyst","floor":15.0,"key":"SMITH"}],"neow_cost":"NONE","seed_source_timestamp":0,"circlet_count":0,"master_deck":["AscendersBane","Defend_G","Defend_G","Defend_G","Defend_G","Survivor","Neutralize","Calculated Gamble+1","Endless Agony+1","Choke","Corpse Explosion+1","Tactician","Endless Agony","Backstab","Catalyst+1","Burst","Footwork","Dodge and Roll","Shame","Bite","Bite","Bite","Bite","Bite"],"special_seed":0,"relics":["Ring of the Snake","NeowsBlessing","NlothsMask","Oddly Smooth Stone","WristBlade","Snake Skull","Girya"],"potions_floor_usage":[],"damage_taken":[{"damage":0.0,"enemies":"Small Slimes","floor":1.0,"turns":1.0},{"damage":0.0,"enemies":"Cultist","floor":4.0,"turns":1.0},{"damage":0.0,"enemies":"Gremlin Nob","floor":7.0,"turns":1.0},{"damage":0.0,"enemies":"2 Louse","floor":8.0,"turns":1.0},{"damage":15.0,"enemies":"3 Sentries","floor":10.0,"turns":3.0},{"damage":16.0,"enemies":"Large Slime","floor":12.0,"turns":4.0},{"damage":0.0,"enemies":"2 Fungi Beasts","floor":14.0,"turns":1.0},{"damage":23.0,"enemies":"Slime Boss","floor":16.0,"turns":8.0},{"damage":12.0,"enemies":"2 Thieves","floor":18.0,"turns":4.0},{"damage":11,"enemies":"Chosen","floor":20,"turns":4},{"damage":39,"enemies":"Book of Stabbing","floor":23,"turns":2}],"seed_played":"-1623825963417098692","potions_obtained":[{"floor":1.0,"key":"GamblersBrew"},{"floor":12.0,"key":"Explosive Potion"},{"floor":16.0,"key":"SkillPotion"},{"floor":18.0,"key":"Ancient Potion"}],"is_trial":false,"path_per_floor":["M","?","$","M","?","R","E","M","T","E","R","M","R","M","R","B",null,"M","$","M","?","?","E"],"character_chosen":"THE_SILENT","items_purchased":["Endless Agony","Snake Skull"],"campfire_rested":0,"item_purchase_floors":[3,19],"current_hp_per_floor":[59,59,59,59,59,59,59,59,59,44,44,30,30,32,32,11,52,42,42,33,33,33,0],"gold":166,"neow_bonus":"THREE_ENEMY_KILL","is_prod":false,"is_daily":false,"chose_seed":false,"campfire_upgraded":4,"win_rate":0,"timestamp":1545048008,"path_taken":["M","?","$","?","?","R","E","?","T","E","R","M","R","M","R","BOSS","M","$","M","?","?","E"],"build_version":"2018-12-13","purchased_purges":0,"victory":false,"max_hp_per_floor":[66,66,66,66,66,66,66,66,66,66,66,66,66,66,66,66,66,66,66,66,66,66,66],"card_choices":[{"not_picked":["Outmaneuver","Acrobatics"],"picked":"Calculated Gamble","floor":1.0},{"not_picked":["Dagger Throw","PiercingWail"],"picked":"Choke","floor":4.0},{"not_picked":["PiercingWail","Setup"],"picked":"Corpse Explosion","floor":7.0},{"not_picked":["Backflip","Sucker Punch"],"picked":"Tactician","floor":8.0},{"not_picked":["Bullet Time","Eviscerate"],"picked":"Endless Agony","floor":10.0},{"not_picked":["Skewer","Slice"],"picked":"Backstab","floor":12.0},{"not_picked":["PiercingWail","Prepared"],"picked":"Catalyst","floor":14.0},{"not_picked":["Storm of Steel","Doppelganger"],"picked":"Burst","floor":16.0},{"not_picked":["Slice","Blade Dance"],"picked":"Footwork","floor":18.0},{"not_picked":["Calculated Gamble","Deadly Poison"],"picked":"Dodge and Roll","floor":20}],"player_experience":782025,"relics_obtained":[{"floor":7.0,"key":"Oddly Smooth Stone"},{"floor":10.0,"key":"Blood Vial"}],"event_choices":[{"cards_removed":["Defend_G"],"damage_healed":0.0,"max_hp_gain":0.0,"max_hp_loss":0.0,"gold_gain":0.0,"event_name":"Purifier","player_choice":"Purged","floor":2.0,"gold_loss":0.0,"damage_taken":0.0},{"damage_healed":0.0,"max_hp_gain":0.0,"max_hp_loss":0.0,"gold_gain":0.0,"event_name":"FaceTrader","player_choice":"Trade","floor":5.0,"gold_loss":0.0,"damage_taken":0.0,"relics_obtained":["NlothsMask"]},{"damage_healed":0,"gold_gain":0,"player_choice":"Stole Relic","damage_taken":0,"relics_obtained":["Girya"],"max_hp_gain":0,"max_hp_loss":0,"event_name":"Addict","floor":21,"gold_loss":0,"cards_obtained":["Shame"]},{"damage_healed":0,"gold_gain":0,"player_choice":"Became a vampire (Vial)","damage_taken":0,"max_hp_gain":0,"max_hp_loss":0,"event_name":"Vampires","floor":22,"relics_lost":["Blood Vial"],"gold_loss":0,"cards_obtained":["Bite","Bite","Bite","Bite","Bite"]}],"is_beta":false,"boss_relics":[{"not_picked":["Tiny House","Busted Crown"],"picked":"WristBlade"}],"items_purged_floors":[],"is_endless":false,"potions_floor_spawned":[1,12,16,18],"killed_by":"Book of Stabbing","ascension_level":19}