{"gold_per_floor":[117,192,61,79,79,96,96,106,106,120,139,139,149,164,164,164],"floor_reached":16,"playtime":778,"items_purged":["Strike_R"],"score":173,"play_id":"b51a9eae-d4d3-4754-8c3c-61981cdc466c","local_time":"20190508165303","is_ascension_mode":true,"campfire_choices":[{"data":"Body Slam","floor":7.0,"key":"SMITH"},{"data":"Battle Trance","floor":15.0,"key":"SMITH"}],"neow_cost":"TEN_PERCENT_HP_LOSS","seed_source_timestamp":0,"circlet_count":0,"master_deck":["AscendersBane","Strike_R","Strike_R","Strike_R","Defend_R","Defend_R","Defend_R","Defend_R","Bash","Body Slam+1","Armaments","Battle Trance+1","Entrench+1"],"special_seed":0,"relics":["Burning Blood","Calipers","Molten Egg 2"],"potions_floor_usage":[16,16,16],"damage_taken":[{"damage":14.0,"enemies":"Cultist","floor":1.0,"turns":5.0},{"damage":4.0,"enemies":"Small Slimes","floor":4.0,"turns":4.0},{"damage":0.0,"enemies":"2 Louse","floor":6.0,"turns":4.0},{"damage":4.0,"enemies":"2 Fungi Beasts","floor":8.0,"turns":4.0},{"damage":6.0,"enemies":"Blue Slaver","floor":10.0,"turns":4.0},{"damage":1.0,"enemies":"Looter","floor":11.0,"turns":4.0},{"damage":0.0,"enemies":"Large Slime","floor":13.0,"turns":4.0},{"damage":0.0,"enemies":"Exordium Wildlife","floor":14.0,"turns":4.0},{"damage":57,"enemies":"Hexaghost","floor":16,"turns":13}],"seed_played":"938904384562634679","potions_obtained":[{"floor":4.0,"key":"Fire Potion"},{"floor":8.0,"key":"EssenceOfSteel"},{"floor":13.0,"key":"EntropicBrew"}],"is_trial":false,"path_per_floor":["M","?","$","M","?","M","R","M","T","M","M","?","M","M","R","B"],"character_chosen":"IRONCLAD","items_purchased":["Armaments"],"campfire_rested":0,"item_purchase_floors":[3],"current_hp_per_floor":[60,49,49,51,44,50,50,52,52,52,57,57,63,68,68,11],"gold":164,"neow_bonus":"ONE_RARE_RELIC","is_prod":false,"is_daily":false,"chose_seed":false,"campfire_upgraded":2,"win_rate":0,"timestamp":1557305583,"path_taken":["M","?","$","M","?","M","R","M","T","M","M","?","M","M","R","BOSS"],"build_version":"2019-01-23","purchased_purges":1,"victory":false,"max_hp_per_floor":[68,68,68,68,68,68,68,68,68,68,68,68,68,68,68,68],"card_choices":[{"not_picked":["Sword Boomerang","Rampage"],"picked":"Body Slam","floor":1.0},{"not_picked":["Sever Soul","Flex","Twin Strike"],"picked":"SKIP","floor":4.0},{"not_picked":["Clothesline","Warcry","Burning Pact"],"picked":"SKIP","floor":6.0},{"not_picked":["Seeing Red","Heavy Blade"],"picked":"Battle Trance","floor":8.0},{"not_picked":["Seeing Red","Clothesline+1"],"picked":"Entrench","floor":10.0},{"not_picked":["Feel No Pain","Seeing Red","True Grit"],"picked":"SKIP","floor":11.0},{"not_picked":["Clash+1","Berserk","Warcry"],"picked":"SKIP","floor":13.0},{"not_picked":["Sever Soul+1","Burning Pact","Inflame"],"picked":"SKIP","floor":14.0}],"player_experience":581659,"relics_obtained":[{"floor":9.0,"key":"Molten Egg 2"}],"event_choices":[{"damage_healed":0.0,"max_hp_gain":0.0,"max_hp_loss":0.0,"gold_gain":75.0,"event_name":"World of Goop","player_choice":"Gather Gold","floor":2.0,"gold_loss":0.0,"damage_taken":11.0},{"cards_removed":["Strike_R"],"damage_healed":0.0,"max_hp_gain":0.0,"max_hp_loss":0.0,"gold_gain":0.0,"event_name":"Golden Wing","player_choice":"Card Removal","floor":5.0,"gold_loss":0.0,"damage_taken":7.0},{"damage_healed":0.0,"max_hp_gain":0.0,"max_hp_loss":0.0,"gold_gain":0.0,"event_name":"Living Wall","player_choice":"Grow","floor":12.0,"gold_loss":0.0,"damage_taken":0.0,"cards_upgraded":["Entrench"]}],"is_beta":false,"boss_relics":[],"items_purged_floors":[3],"is_endless":false,"potions_floor_spawned":[4,8,13],"killed_by":"Hexaghost","ascension_level":16}