{"gold_per_floor":[112,112,128,148,223,257,257,271,271,282,282,282,46,56,56,154,154,172,172,183,143,162,197,215,230,282,282,293,7,7,7,7,110,110,121,134,148,148,159,159,178,178,178,197,197,207,224,299,299,299],"floor_reached":51,"playtime":2487,"items_purged":[],"score":700,"play_id":"45b870e4-e054-4555-b7ad-2cf9038ebd35","local_time":"20190222161718","is_ascension_mode":false,"campfire_choices":[{"data":"Infernal Blade","floor":7,"key":"SMITH"},{"floor":12,"key":"REST"},{"data":"Rage","floor":15,"key":"SMITH"},{"floor":27,"key":"REST"},{"data":"Whirlwind","floor":30,"key":"SMITH"},{"floor":32,"key":"REST"},{"floor":40,"key":"REST"},{"floor":49,"key":"REST"}],"neow_cost":"NONE","seed_source_timestamp":509608556272734,"circlet_count":0,"master_deck":["Strike_R","Strike_R","Strike_R","Strike_R","Strike_R+1","Defend_R","Defend_R","Defend_R","Defend_R","Bash","Pommel Strike","Infernal Blade+1","Anger","Shrug It Off","Flame Barrier+1","Perfected Strike","Rage+1","Flex+1","Twin Strike","Berserk","Disarm","Inflame+1","Flex+1","Armaments+1","Iron Wave","Whirlwind+1","Spot Weakness+1","Flex","Fire Breathing","Reaper","Twin Strike+1","Twin Strike+1","Battle Trance","Body Slam+1","Pommel Strike+1","Clash+1","Writhe","Perfected Strike","Shrug It Off"],"relics":["Philosopher\u0027s Stone","Anchor","Darkstone Periapt","Centennial Puzzle","Mark of Pain","Blue Candle","Blood Vial","Pen Nib","MealTicket","Runic Pyramid","Mercury Hourglass","The Courier"],"potions_floor_usage":[16,16,16,20,23,33,35,50,50],"damage_taken":[{"damage":0,"enemies":"Small Slimes","floor":1,"turns":2},{"damage":1,"enemies":"2 Louse","floor":3,"turns":3},{"damage":0,"enemies":"Cultist","floor":4,"turns":2},{"damage":33,"enemies":"Lagavulin","floor":6,"turns":5},{"damage":3,"enemies":"Gremlin Gang","floor":8,"turns":4},{"damage":1,"enemies":"Looter","floor":10,"turns":3},{"damage":0,"enemies":"Blue Slaver","floor":14,"turns":2},{"damage":14,"enemies":"Slime Boss","floor":16,"turns":8},{"damage":1,"enemies":"Chosen","floor":18,"turns":4},{"damage":15,"enemies":"3 Byrds","floor":20,"turns":4},{"damage":10,"enemies":"3 Cultists","floor":22,"turns":5},{"damage":53,"enemies":"Slavers","floor":23,"turns":6},{"damage":0,"enemies":"Chosen and Byrds","floor":24,"turns":5},{"damage":5,"enemies":"Centurion and Healer","floor":25,"turns":4},{"damage":10,"enemies":"3 Cultists","floor":28,"turns":4},{"damage":66,"enemies":"Champ","floor":33,"turns":8},{"damage":8,"enemies":"3 Darklings","floor":35,"turns":4},{"damage":14,"enemies":"Orb Walker","floor":36,"turns":3},{"damage":48,"enemies":"Maw","floor":37,"turns":7},{"damage":1,"enemies":"Jaw Worm Horde","floor":39,"turns":3},{"damage":0,"enemies":"4 Shapes","floor":41,"turns":1},{"damage":29,"enemies":"Maw","floor":44,"turns":5},{"damage":1,"enemies":"Spire Growth","floor":46,"turns":2},{"damage":11,"enemies":"4 Shapes","floor":47,"turns":3},{"damage":52,"enemies":"Donu and Deca","floor":50,"turns":6}],"seed_played":"-4215877897240351622","potions_obtained":[{"floor":6,"key":"Poison Potion"},{"floor":8,"key":"SteroidPotion"},{"floor":10,"key":"FearPotion"},{"floor":18,"key":"PowerPotion"},{"floor":22,"key":"Regen Potion"},{"floor":25,"key":"SpeedPotion"},{"floor":33,"key":"Fire Potion"},{"floor":35,"key":"Strength Potion"},{"floor":41,"key":"SpeedPotion"},{"floor":44,"key":"SkillPotion"}],"is_trial":false,"path_per_floor":["M","?","M","M","?","E","R","M","T","M","?","R","$","M","R","B",null,"M","?","M","?","M","E","M","M","T","R","M","$","R","$","R","B",null,"M","M","M","?","M","R","M","?","T","M","?","M","M","T","R","B",null],"character_chosen":"IRONCLAD","items_purchased":["Rage","Centennial Puzzle","Flex","MealTicket","Flex","Fire Breathing"],"campfire_rested":5,"item_purchase_floors":[13,13,13,29,29,29],"current_hp_per_floor":[80,80,79,79,68,35,35,32,32,31,15,39,39,39,39,25,80,79,79,64,64,54,15,17,14,14,38,30,30,30,45,69,5,80,72,60,36,36,37,61,63,63,63,48,74,86,75,75,86,36],"gold":299,"neow_bonus":"BOSS_RELIC","is_prod":false,"is_daily":false,"chose_seed":false,"campfire_upgraded":3,"win_rate":0.0,"timestamp":1550873838,"path_taken":["M","?","M","M","?","E","R","M","T","M","?","R","$","M","R","BOSS","M","?","M","?","M","E","?","M","T","R","M","$","R","$","R","BOSS","M","M","?","?","M","R","M","?","T","M","?","M","M","?","R","BOSS"],"build_version":"2019-01-23","purchased_purges":0,"victory":true,"max_hp_per_floor":[80,80,80,80,80,80,80,80,80,80,80,80,80,80,80,80,80,80,80,80,80,80,80,80,80,80,80,80,80,80,80,80,80,80,80,80,80,80,80,80,80,80,80,80,86,86,86,86,86,86],"card_choices":[{"not_picked":["Headbutt","Uppercut"],"picked":"Pommel Strike","floor":1},{"not_picked":["Shrug It Off","Anger"],"picked":"Infernal Blade","floor":3},{"not_picked":["Burning Pact","Second Wind"],"picked":"Anger","floor":4},{"not_picked":["Bloodletting","Warcry"],"picked":"Shrug It Off","floor":6},{"not_picked":["Havoc","Thunderclap"],"picked":"Flame Barrier","floor":8},{"not_picked":["Sever Soul","Immolate"],"picked":"Perfected Strike","floor":10},{"not_picked":["Uppercut","Headbutt"],"picked":"Twin Strike","floor":14},{"not_picked":["Bludgeon","Double Tap"],"picked":"Berserk","floor":16},{"not_picked":["Clothesline","Uppercut"],"picked":"Disarm","floor":18},{"not_picked":["Clash","Cleave"],"picked":"Inflame+1","floor":20},{"not_picked":["Anger","Clothesline"],"picked":"Flex+1","floor":22},{"not_picked":["Searing Blow","Battle Trance+1"],"picked":"Armaments+1","floor":23},{"not_picked":["Thunderclap","Heavy Blade"],"picked":"Iron Wave","floor":24},{"not_picked":["Anger","Bloodletting"],"picked":"Whirlwind","floor":25},{"not_picked":["Sword Boomerang+1","Havoc"],"picked":"Spot Weakness+1","floor":28},{"not_picked":["Barricade","Juggernaut"],"picked":"Reaper","floor":33},{"not_picked":["Sword Boomerang+1","Havoc"],"picked":"Twin Strike+1","floor":35},{"not_picked":["Iron Wave+1","Clash"],"picked":"Twin Strike+1","floor":36},{"not_picked":["True Grit+1","Havoc+1"],"picked":"Battle Trance","floor":37},{"not_picked":["True Grit+1","Armaments+1"],"picked":"Body Slam+1","floor":39},{"not_picked":["Thunderclap+1","Anger+1"],"picked":"Pommel Strike+1","floor":41},{"not_picked":["Evolve+1","Sword Boomerang+1"],"picked":"Clash+1","floor":44},{"not_picked":["Rampage","Sword Boomerang"],"picked":"Perfected Strike","floor":46},{"not_picked":["Pummel+1","True Grit+1"],"picked":"Shrug It Off","floor":47}],"player_experience":61671,"relics_obtained":[{"floor":6,"key":"Anchor"},{"floor":9,"key":"Darkstone Periapt"},{"floor":23,"key":"Blood Vial"},{"floor":26,"key":"Pen Nib"},{"floor":43,"key":"Mercury Hourglass"},{"floor":48,"key":"The Courier"}],"event_choices":[{"damage_healed":0,"gold_gain":0,"player_choice":"Ignored","damage_taken":0,"max_hp_gain":0,"max_hp_loss":0,"event_name":"Golden Wing","floor":2,"gold_loss":0},{"damage_healed":0,"gold_gain":75,"player_choice":"Gather Gold","damage_taken":11,"max_hp_gain":0,"max_hp_loss":0,"event_name":"World of Goop","floor":5,"gold_loss":0},{"damage_healed":0,"gold_gain":0,"player_choice":"Entered Light","damage_taken":16,"max_hp_gain":0,"max_hp_loss":0,"event_name":"Shining Light","floor":11,"gold_loss":0,"cards_upgraded":["Flame Barrier","Strike_R"]},{"damage_healed":0,"gold_gain":0,"player_choice":"Opened","damage_taken":0,"relics_obtained":["Blue Candle"],"max_hp_gain":0,"max_hp_loss":0,"event_name":"The Mausoleum","floor":19,"gold_loss":0},{"damage_healed":0,"gold_gain":0,"player_choice":"Upgrade","damage_taken":0,"max_hp_gain":0,"max_hp_loss":0,"event_name":"Designer","floor":21,"gold_loss":40,"cards_upgraded":["Flex"]},{"damage_healed":0,"gold_gain":0,"player_choice":"Ignored","damage_taken":0,"max_hp_gain":0,"max_hp_loss":0,"event_name":"Tomb of Lord Red Mask","floor":38,"gold_loss":0},{"damage_healed":0,"gold_gain":0,"player_choice":"Ignored","damage_taken":0,"max_hp_gain":0,"max_hp_loss":0,"event_name":"Mysterious Sphere","floor":42,"gold_loss":0},{"damage_healed":20,"gold_gain":0,"player_choice":"Writhe","damage_taken":0,"max_hp_gain":0,"max_hp_loss":0,"event_name":"Winding Halls","floor":45,"gold_loss":0,"cards_obtained":["Writhe"]}],"is_beta":false,"boss_relics":[{"not_picked":["Velvet Choker","Astrolabe"],"picked":"Mark of Pain"},{"not_picked":["Sozu","Lizard Tail"],"picked":"Runic Pyramid"}],"items_purged_floors":[],"is_endless":false,"potions_floor_spawned":[6,8,10,18,22,25,33,35,41,44,46],"ascension_level":0}