{"gold_per_floor":[114,114,132,182,29,29,72,72,72,96,111,36,56,56,56,149,149,164,64,64,64,64,64,97,97,97,109,121,153,165,196,208,316,328,354,391,417,304,317,361,380,419,419,458,791,791,806,806,806,806,806,806,118,149,149],"floor_reached":56,"playtime":1634,"items_purged":["Strike_R","Strike_R","Bash","Defend_R"],"score":2205,"play_id":"7d6ce418-b05a-449c-9c49-1a7e76ccf79d","local_time":"20190303010248","is_ascension_mode":true,"campfire_choices":[{"data":"Immolate","floor":6.0,"key":"SMITH"},{"data":"Inflame","floor":8.0,"key":"SMITH"},{"data":"Limit Break","floor":15.0,"key":"SMITH"},{"data":"Sword Boomerang","floor":23.0,"key":"SMITH"},{"data":"Whirlwind","floor":25.0,"key":"SMITH"},{"data":"Impatience","floor":28.0,"key":"SMITH"},{"data":"Second Wind","floor":30.0,"key":"SMITH"},{"floor":32.0,"key":"RECALL"},{"data":"Barricade","floor":46,"key":"SMITH"},{"data":"Shrug It Off","floor":49,"key":"SMITH"},{"data":"Offering","floor":52,"key":"SMITH"}],"neow_cost":"NONE","seed_source_timestamp":21076376196502,"circlet_count":0,"master_deck":["AscendersBane","Defend_R","Defend_R","Defend_R","Impatience+1","Inflame+1","Limit Break+1","Whirlwind+1","Reaper","Second Wind+1","Sword Boomerang+1","Shrug It Off+1","Offering+1","Battle Trance","Barricade+1","Evolve+1","Impervious"],"special_seed":0,"relics":["Burning Blood","Regal Pillow","Pocketwatch","Empty Cage","Matryoshka","MawBank","Turnip","Runic Pyramid","Blood Vial","Mummified Hand","Ancient Tea Set","Mango","Mercury Hourglass","Medical Kit","Strawberry","Red Skull"],"potions_floor_usage":[33,55,55],"damage_taken":[{"damage":2.0,"enemies":"2 Louse","floor":1.0,"turns":4.0},{"damage":6.0,"enemies":"Cultist","floor":3.0,"turns":4.0},{"damage":15.0,"enemies":"3 Sentries","floor":7.0,"turns":5.0},{"damage":7.0,"enemies":"Jaw Worm","floor":10.0,"turns":2.0},{"damage":5.0,"enemies":"3 Louse","floor":11.0,"turns":2.0},{"damage":14.0,"enemies":"Exordium Thugs","floor":13.0,"turns":3.0},{"damage":18.0,"enemies":"Hexaghost","floor":16.0,"turns":9.0},{"damage":52.0,"enemies":"2 Thieves","floor":18.0,"turns":4.0},{"damage":84.0,"enemies":"Slavers","floor":24.0,"turns":5.0},{"damage":0.0,"enemies":"3 Byrds","floor":29.0,"turns":4.0},{"damage":0.0,"enemies":"Snake Plant","floor":31.0,"turns":4.0},{"damage":53,"enemies":"Automaton","floor":33,"turns":8},{"damage":30,"enemies":"3 Darklings","floor":35,"turns":3},{"damage":33,"enemies":"3 Shapes","floor":36,"turns":4},{"damage":28,"enemies":"Transient","floor":37,"turns":5},{"damage":60,"enemies":"4 Shapes","floor":39,"turns":4},{"damage":6,"enemies":"Giant Head","floor":40,"turns":6},{"damage":6,"enemies":"Maw","floor":41,"turns":5},{"damage":6,"enemies":"Nemesis","floor":42,"turns":5},{"damage":79,"enemies":"Reptomancer","floor":44,"turns":5},{"damage":61,"enemies":"Spire Growth","floor":47,"turns":6},{"damage":60,"enemies":"Donu and Deca","floor":50,"turns":6},{"damage":134,"enemies":"Shield and Spear","floor":54,"turns":6},{"damage":79,"enemies":"The Heart","floor":55,"turns":6}],"seed_played":"6453111239983706752","potions_obtained":[{"floor":1.0,"key":"Dexterity Potion"},{"floor":11.0,"key":"Dexterity Potion"},{"floor":13.0,"key":"SkillPotion"},{"floor":18.0,"key":"Energy Potion"},{"floor":35,"key":"SmokeBomb"},{"floor":39,"key":"FearPotion"},{"floor":41,"key":"Strength Potion"},{"floor":47,"key":"Swift Potion"}],"is_trial":false,"path_per_floor":["M","?","M","?","$","R","E","R","T","M","M","$","M","?","R","B",null,"M","$","?","$","?","R","E","R","T","$","R","M","R","M","R","B",null,"M","M","M","$","M","E","M","E","T","E","?","R","M","T","R","B",null,"R","$","E","B",null],"character_chosen":"IRONCLAD","items_purchased":["Immolate","Impervious","Medical Kit","Strawberry","Weak Potion"],"campfire_rested":0,"item_purchase_floors":[5,53,53,53,53],"current_hp_per_floor":[72,46,46,39,39,39,30,30,30,29,30,30,22,22,22,10,59,34,34,85,85,85,85,26,26,26,26,26,38,38,56,56,61,79,67,70,85,85,54,85,85,85,85,36,36,36,70,70,70,68,91,91,98,40,60],"gold":149,"neow_bonus":"RANDOM_COLORLESS","is_prod":false,"is_daily":false,"chose_seed":false,"campfire_upgraded":10,"win_rate":0,"timestamp":1551546168,"path_taken":["M","?","M","?","$","R","E","R","T","?","M","?","M","?","R","BOSS","M","$","?","?","?","R","E","R","T","?","R","?","R","M","R","BOSS","M","M","M","$","M","E","?","E","T","E","?","R","M","?","R","BOSS","R","$","E","BOSS"],"build_version":"2019-01-23","purchased_purges":4,"victory":true,"max_hp_per_floor":[75,75,75,75,75,75,75,75,75,75,75,75,75,75,75,75,75,75,75,85,85,85,85,85,85,85,85,85,85,85,85,85,85,85,85,85,85,85,85,85,85,85,85,99,99,99,99,99,99,99,99,99,106,106,106],"card_choices":[{"not_picked":["Warcry","Clothesline","Wild Strike"],"picked":"SKIP","floor":1.0},{"not_picked":["Clothesline","Searing Blow"],"picked":"Inflame","floor":3.0},{"not_picked":["Perfected Strike","Flame Barrier","Bloodletting"],"picked":"SKIP","floor":7.0},{"not_picked":["Flex","Clothesline","Iron Wave"],"picked":"SKIP","floor":10.0},{"not_picked":["Pommel Strike","Warcry"],"picked":"Limit Break","floor":11.0},{"not_picked":["Armaments","Havoc"],"picked":"Whirlwind","floor":13.0},{"not_picked":["Offering","Berserk"],"picked":"Reaper","floor":16.0},{"not_picked":["Warcry","Perfected Strike"],"picked":"Second Wind","floor":18.0},{"not_picked":["Havoc+1","Twin Strike","Barricade"],"picked":"SKIP","floor":24.0},{"not_picked":["Havoc","Clash+1","Clothesline"],"picked":"SKIP","floor":29.0},{"not_picked":["Heavy Blade","Hemokinesis"],"picked":"Shrug It Off","floor":31.0},{"not_picked":["Brutality","Demon Form"],"picked":"Offering","floor":33},{"not_picked":["Clash","Feel No Pain"],"picked":"Battle Trance","floor":35},{"not_picked":["Anger","Iron Wave","Havoc"],"picked":"SKIP","floor":36},{"not_picked":["Anger","Headbutt"],"picked":"Barricade","floor":37},{"not_picked":["Heavy Blade","Pommel Strike","Body Slam+1"],"picked":"SKIP","floor":39},{"not_picked":["Wild Strike+1","Double Tap"],"picked":"Evolve+1","floor":40},{"not_picked":["Sever Soul+1","Corruption","Wild Strike"],"picked":"SKIP","floor":41},{"not_picked":["Wild Strike","Spot Weakness","Twin Strike"],"picked":"SKIP","floor":42},{"not_picked":["Battle Trance","Flame Barrier","Corruption"],"picked":"SKIP","floor":44},{"not_picked":["Heavy Blade","Twin Strike","Warcry"],"picked":"SKIP","floor":47},{"not_picked":["Armaments","Cleave","Shockwave"],"picked":"SKIP","floor":54}],"player_experience":1081219,"relics_obtained":[{"floor":7.0,"key":"Regal Pillow"},{"floor":9.0,"key":"Pocketwatch"},{"floor":24.0,"key":"Matryoshka"},{"floor":26.0,"key":"MawBank"},{"floor":26.0,"key":"Turnip"},{"floor":40,"key":"Blood Vial"},{"floor":42,"key":"Mummified Hand"},{"floor":43,"key":"Ancient Tea Set"},{"floor":44,"key":"Mango"},{"floor":48,"key":"Mercury Hourglass"},{"floor":54,"key":"Red Skull"}],"event_choices":[{"damage_healed":0.0,"max_hp_gain":0.0,"max_hp_loss":0.0,"gold_gain":0.0,"event_name":"Golden Idol","player_choice":"Take Damage","floor":2.0,"gold_loss":0.0,"damage_taken":26.0,"relics_obtained":["Golden Idol"]},{"damage_healed":0.0,"max_hp_gain":0.0,"max_hp_loss":0.0,"gold_gain":50.0,"event_name":"FaceTrader","player_choice":"Touch","floor":4.0,"gold_loss":0.0,"damage_taken":7.0},{"cards_removed":["Strike_R"],"damage_healed":0.0,"max_hp_gain":0.0,"max_hp_loss":0.0,"gold_gain":0.0,"event_name":"Living Wall","player_choice":"Forget","floor":14.0,"gold_loss":0.0,"damage_taken":0.0},{"cards_removed":["Immolate"],"damage_healed":41.0,"max_hp_gain":10.0,"max_hp_loss":0.0,"gold_gain":0.0,"event_name":"Bonfire Elementals","player_choice":"Offered Rare","floor":20.0,"gold_loss":0.0,"damage_taken":0.0},{"damage_healed":0.0,"max_hp_gain":0.0,"max_hp_loss":0.0,"gold_gain":0.0,"event_name":"The Library","player_choice":"Read","floor":22.0,"gold_loss":0.0,"damage_taken":0.0,"cards_obtained":["Sword Boomerang"]},{"damage_healed":0,"gold_gain":333,"player_choice":"Gave Idol","damage_taken":0,"max_hp_gain":0,"max_hp_loss":0,"event_name":"The Moai Head","floor":45,"relics_lost":["Golden Idol"],"gold_loss":0}],"is_beta":false,"boss_relics":[{"not_picked":["Black Star","Velvet Choker"],"picked":"Empty Cage"},{"not_picked":["Runic Dome","Orrery"],"picked":"Runic Pyramid"}],"items_purged_floors":[12,19,38,53],"is_endless":false,"potions_floor_spawned":[1,11,13,18,35,39,40,41,47],"ascension_level":15}