{"gold_per_floor":[219,25,300,59,59,59,86,261,285,300,310,17,30,59,59,59],"floor_reached":16,"playtime":910,"items_purged":["Regret","Doubt"],"score":119,"play_id":"f8c2e396-377d-45d2-b832-667df281f5d8","local_time":"20190318154026","is_ascension_mode":true,"campfire_choices":[{"data":"Catalyst","floor":6,"key":"SMITH"},{"floor":15,"key":"REST"}],"neow_cost":"NONE","seed_source_timestamp":456564114317438,"circlet_count":0,"master_deck":["Defend_G+1","Defend_G","Defend_G","Defend_G","Defend_G","Strike_G","Strike_G","Strike_G","Strike_G","Strike_G","Survivor","Neutralize+1","Catalyst+1","Deadly Poison","Cloak And Dagger","Accuracy","Reflex","Dodge and Roll","Dagger Throw","Well Laid Plans","Dodge and Roll","Glass Knife"],"relics":["Ring of the Snake","Snake Skull","Vajra","Art of War","Sling","Centennial Puzzle"],"potions_floor_usage":[7,16,16,16],"damage_taken":[{"damage":4,"enemies":"Jaw Worm","floor":1,"turns":7},{"damage":28,"enemies":"Gremlin Nob","floor":7,"turns":4},{"damage":3,"enemies":"Cultist","floor":10,"turns":4},{"damage":1,"enemies":"2 Louse","floor":11,"turns":3},{"damage":5,"enemies":"Exordium Wildlife","floor":13,"turns":4},{"damage":4,"enemies":"Lagavulin","floor":14,"turns":5},{"damage":33,"enemies":"Slime Boss","floor":16,"turns":8}],"seed_played":"-69231254034758809","potions_obtained":[{"floor":1,"key":"LiquidBronze"},{"floor":7,"key":"Weak Potion"},{"floor":13,"key":"SteroidPotion"},{"floor":14,"key":"GamblersBrew"}],"is_trial":false,"path_per_floor":["M","$","?","$","?","R","E","?","T","M","M","$","M","E","R","B"],"character_chosen":"THE_SILENT","items_purchased":["Snake Skull","Deadly Poison","Cloak And Dagger","Accuracy","Reflex","Sling"],"campfire_rested":1,"item_purchase_floors":[2,2,4,4,4,12],"current_hp_per_floor":[66,66,66,66,52,52,24,24,24,21,20,20,15,11,32,0],"gold":59,"neow_bonus":"HUNDRED_GOLD","is_prod":false,"is_daily":false,"chose_seed":false,"campfire_upgraded":1,"win_rate":0,"timestamp":1552948826,"path_taken":["M","$","?","?","?","R","E","?","T","M","?","?","M","E","R","BOSS"],"build_version":"2019-01-23","purchased_purges":2,"victory":false,"max_hp_per_floor":[70,70,70,70,70,70,70,70,70,70,70,70,70,70,70,70],"card_choices":[{"not_picked":["Choke","Underhanded Strike"],"picked":"Catalyst","floor":1},{"not_picked":["Underhanded Strike","Deflect"],"picked":"Dodge and Roll","floor":7},{"not_picked":["PiercingWail","Quick Slash"],"picked":"Dagger Throw","floor":10},{"not_picked":["Dodge and Roll","Tactician"],"picked":"Well Laid Plans","floor":11},{"not_picked":["Sucker Punch","Caltrops"],"picked":"Dodge and Roll","floor":13},{"not_picked":["Dodge and Roll","Leg Sweep"],"picked":"Glass Knife","floor":14}],"player_experience":287377,"relics_obtained":[{"floor":7,"key":"Vajra"},{"floor":9,"key":"Art of War"},{"floor":14,"key":"Centennial Puzzle"}],"event_choices":[{"damage_healed":0,"gold_gain":275,"player_choice":"Desecrate","damage_taken":0,"max_hp_gain":0,"max_hp_loss":0,"event_name":"Golden Shrine","floor":3,"gold_loss":0,"cards_obtained":["Regret"]},{"damage_healed":0,"gold_gain":0,"player_choice":"Entered Light","damage_taken":14,"max_hp_gain":0,"max_hp_loss":0,"event_name":"Shining Light","floor":5,"gold_loss":0,"cards_upgraded":["Defend_G","Neutralize"]},{"damage_healed":0,"gold_gain":175,"player_choice":"AGREE","damage_taken":0,"max_hp_gain":0,"max_hp_loss":0,"event_name":"Liars Game","floor":8,"gold_loss":0,"cards_obtained":["Doubt"]}],"is_beta":false,"boss_relics":[],"items_purged_floors":[4,12],"is_endless":false,"potions_floor_spawned":[1,7,13,14],"killed_by":"Slime Boss","ascension_level":2}