{"gold_per_floor":[116,41,54,71,91,91,126,126,194,209,47,47,47,62,62,139,139,150,150,150,50,68,68,101,101,101,101,101,117,180,180],"floor_reached":31,"playtime":1189,"items_purged":["Pain","Shame"],"score":510,"play_id":"1a485a35-f32f-475f-b0fb-1c2226172ae5","local_time":"20190205114828","is_ascension_mode":true,"campfire_choices":[{"data":"Noxious Fumes","floor":6.0,"key":"SMITH"},{"floor":8.0,"key":"REST"},{"floor":13.0,"key":"REST"},{"data":"Blade Dance","floor":15.0,"key":"SMITH"},{"floor":23.0,"key":"REST"},{"data":"Envenom","floor":25,"key":"SMITH"},{"data":"Storm of Steel","floor":27,"key":"SMITH"}],"neow_cost":"CURSE","seed_source_timestamp":0,"circlet_count":0,"master_deck":["AscendersBane","Survivor","Neutralize","Noxious Fumes+1","Blade Dance+1","Infinite Blades","PiercingWail","Die Die Die","Bane","Slice","Storm of Steel+1","Dagger Throw","Skewer","Finisher","Finisher","Envenom+1","Grand Finale","Blur","Cloak And Dagger","Deadly Poison","Infinite Blades","PiercingWail","Footwork"],"special_seed":0,"relics":["Ring of the Snake","Ice Cream","Pantograph","Regal Pillow","Pandora\u0027s Box","Lantern","Nilry\u0027s Codex","Unceasing Top","Bottled Lightning","SsserpentHead"],"potions_floor_usage":[29],"damage_taken":[{"damage":13.0,"enemies":"Cultist","floor":1.0,"turns":4.0},{"damage":0.0,"enemies":"2 Louse","floor":3.0,"turns":3.0},{"damage":10.0,"enemies":"Small Slimes","floor":4.0,"turns":4.0},{"damage":14.0,"enemies":"3 Louse","floor":5.0,"turns":4.0},{"damage":36.0,"enemies":"3 Sentries","floor":7.0,"turns":7.0},{"damage":8.0,"enemies":"Looter","floor":10.0,"turns":3.0},{"damage":11.0,"enemies":"Lots of Slimes","floor":14.0,"turns":4.0},{"damage":35.0,"enemies":"The Guardian","floor":16.0,"turns":10.0},{"damage":0.0,"enemies":"Chosen","floor":18.0,"turns":2.0},{"damage":16.0,"enemies":"3 Byrds","floor":22.0,"turns":5.0},{"damage":21,"enemies":"Gremlin Leader","floor":24,"turns":5},{"damage":25,"enemies":"Snake Plant","floor":29,"turns":4},{"damage":13,"enemies":"Centurion and Healer","floor":30,"turns":8},{"damage":21,"enemies":"Shelled Parasite and Fungi","floor":31,"turns":2}],"seed_played":"8158179410317178554","potions_obtained":[{"floor":1.0,"key":"Poison Potion"},{"floor":3.0,"key":"FairyPotion"},{"floor":10.0,"key":"Dexterity Potion"},{"floor":24,"key":"Strength Potion"},{"floor":29,"key":"SteroidPotion"}],"is_trial":false,"path_per_floor":["M","$","M","M","M","R","E","R","T","M","$","?","R","M","R","B",null,"M","?","?","$","M","R","E","R","T","R","?","M","M","M"],"character_chosen":"THE_SILENT","items_purchased":["Regal Pillow"],"campfire_rested":3,"item_purchase_floors":[11],"current_hp_per_floor":[58,58,58,48,34,34,7,30,30,22,22,22,60,49,49,39,68,68,68,47,47,31,69,48,48,48,48,48,23,10,0],"gold":180,"neow_bonus":"TWENTY_PERCENT_HP_BONUS","is_prod":false,"is_daily":false,"chose_seed":false,"campfire_upgraded":4,"win_rate":0,"timestamp":1549385308,"path_taken":["M","$","M","?","M","R","E","R","T","M","?","?","R","M","R","BOSS","M","?","?","$","M","R","E","R","T","R","?","M","?","M"],"build_version":"2019-01-23","purchased_purges":2,"victory":false,"max_hp_per_floor":[78,78,78,78,78,78,78,78,78,78,78,78,78,78,78,78,78,78,78,78,78,78,78,78,78,78,78,78,78,78,78],"card_choices":[{"not_picked":["Cloak And Dagger","Quick Slash"],"picked":"Noxious Fumes","floor":1.0},{"not_picked":["Dodge and Roll","Bane"],"picked":"Blade Dance","floor":3.0},{"not_picked":["Deflect","PiercingWail"],"picked":"Infinite Blades","floor":4.0},{"not_picked":["Underhanded Strike","Dash"],"picked":"PiercingWail","floor":5.0},{"not_picked":["Finisher","Dagger Spray"],"picked":"Die Die Die","floor":7.0},{"not_picked":["PiercingWail","Outmaneuver"],"picked":"Bane","floor":10.0},{"not_picked":["Outmaneuver","Dagger Throw"],"picked":"Slice","floor":14.0},{"not_picked":["Night Terror","Grand Finale"],"picked":"Storm of Steel","floor":16.0},{"not_picked":["Reflex","Dash"],"picked":"PiercingWail","floor":18.0},{"not_picked":["Bane","Riddle With Holes","Sucker Punch"],"picked":"SKIP","floor":22.0},{"not_picked":["Cloak And Dagger","Caltrops","Acrobatics"],"picked":"SKIP","floor":24},{"not_picked":["Expertise","Dodge and Roll"],"picked":"Footwork","floor":29},{"not_picked":["Prepared","Deflect","Backflip"],"picked":"SKIP","floor":30}],"player_experience":815743,"relics_obtained":[{"floor":7.0,"key":"Ice Cream"},{"floor":9.0,"key":"Pantograph"},{"floor":20.0,"key":"Nilry\u0027s Codex"},{"floor":24,"key":"Unceasing Top"},{"floor":26,"key":"Bottled Lightning"}],"event_choices":[{"damage_healed":0.0,"max_hp_gain":0.0,"max_hp_loss":0.0,"gold_gain":0.0,"event_name":"Shining Light","player_choice":"Ignored","floor":12.0,"gold_loss":0.0,"damage_taken":0.0},{"damage_healed":0.0,"max_hp_gain":0.0,"max_hp_loss":0.0,"gold_gain":0.0,"event_name":"Addict","player_choice":"Stole Relic","floor":19.0,"gold_loss":0.0,"damage_taken":0.0,"relics_obtained":["Lantern"],"cards_obtained":["Shame"]},{"damage_healed":0.0,"max_hp_gain":0.0,"max_hp_loss":0.0,"gold_gain":0.0,"event_name":"Cursed Tome","player_choice":"Obtained Book","floor":20.0,"gold_loss":0.0,"damage_taken":21.0},{"damage_healed":0,"gold_gain":0,"player_choice":"Trade","damage_taken":0,"relics_obtained":["SsserpentHead"],"max_hp_gain":0,"max_hp_loss":0,"event_name":"FaceTrader","floor":28,"gold_loss":0}],"is_beta":false,"boss_relics":[{"not_picked":["Velvet Choker","Lizard Tail"],"picked":"Pandora\u0027s Box"}],"items_purged_floors":[2,21],"is_endless":false,"potions_floor_spawned":[1,3,10,24,29],"killed_by":"Shelled Parasite and Fungi","ascension_level":20}