{"gold_per_floor":[115,115,127,127,127,127,137,59,82,117,139,179,205,292,304,417,429,455,467,492,504,516,528,540,552,617,324,324,344,377,377,377,472,472,487,540,540,554,569,425,435,435,435,462,480,494,509,509,509,509],"floor_reached":50,"playtime":1519,"items_purged":[],"score":551,"play_id":"4497a01b-befe-4f6d-920a-bd6061f8e96c","local_time":"20180917010429","is_ascension_mode":true,"campfire_choices":[{"data":"Rebound","floor":6,"key":"SMITH"},{"floor":15,"key":"REST"},{"data":"Echo Form","floor":23,"key":"SMITH"},{"data":"Redo","floor":25,"key":"SMITH"},{"data":"Multi-Cast","floor":28,"key":"SMITH"},{"floor":32,"key":"REST"},{"floor":42,"key":"REST"},{"floor":49,"key":"REST"}],"neow_cost":"","seed_source_timestamp":198215440488068,"circlet_count":0,"master_deck":["Defend_B+1","Defend_B","Zap+1","Dualcast","Ball Lightning","Self Repair","Rebound+1","Storm","Melter","Echo Form+1","Tempest","Biased Cognition","Darkness+1","Redo+1","Multi-Cast+1","Redo+1","Buffer","Storm+1","Undo+1","Electrodynamics+1","Static Discharge+1","Capacitor","Madness+1","Madness+1","Static Discharge+1","BootSequence","Creative AI","Loop+1","Defragment+1","Stack+1","Thunder Strike"],"relics":["Cracked Core","Orichalcum","MawBank","Juzu Bracelet","Sozu","Regal Pillow","DataDisk","Emotion Chip","Symbiotic Virus","Astrolabe","FossilizedHelix","War Paint","PreservedInsect","Gremlin Horn","Nunchaku"],"potions_floor_usage":[12,16],"damage_taken":[{"damage":8,"enemies":"Small Slimes","floor":1,"turns":2},{"damage":1,"enemies":"Jaw Worm","floor":3,"turns":2},{"damage":6,"enemies":"2 Louse","floor":7,"turns":3},{"damage":24,"enemies":"Lagavulin","floor":10,"turns":5},{"damage":7,"enemies":"Gremlin Gang","floor":11,"turns":3},{"damage":10,"enemies":"Gremlin Nob","floor":12,"turns":3},{"damage":8,"enemies":"Large Slime","floor":13,"turns":3},{"damage":19,"enemies":"The Guardian","floor":16,"turns":9},{"damage":6,"enemies":"Shell Parasite","floor":18,"turns":2},{"damage":4,"enemies":"3 Byrds","floor":20,"turns":3},{"damage":4,"enemies":"Cultist and Chosen","floor":29,"turns":3},{"damage":39,"enemies":"Gremlin Leader","floor":30,"turns":4},{"damage":81,"enemies":"Automaton","floor":33,"turns":8},{"damage":0,"enemies":"3 Darklings","floor":35,"turns":2},{"damage":20,"enemies":"Mysterious Sphere","floor":36,"turns":3},{"damage":0,"enemies":"3 Shapes","floor":38,"turns":3},{"damage":48,"enemies":"Jaw Worm Horde","floor":39,"turns":4},{"damage":0,"enemies":"Transient","floor":41,"turns":5},{"damage":0,"enemies":"Giant Head","floor":44,"turns":6},{"damage":0,"enemies":"Reptomancer","floor":45,"turns":4},{"damage":9,"enemies":"4 Shapes","floor":46,"turns":2},{"damage":0,"enemies":"Sphere and 2 Shapes","floor":47,"turns":2},{"damage":30,"enemies":"Mind Bloom Boss Battle","floor":48,"turns":3},{"damage":78,"enemies":"Awakened One","floor":50,"turns":4}],"seed_played":"1083898882252833011","potions_obtained":[{"floor":1,"key":"LiquidBronze"},{"floor":7,"key":"FairyPotion"},{"floor":12,"key":"Weak Potion"}],"is_trial":false,"path_per_floor":["M","?","M","?","?","R","M","$","T","E","M","E","M","?","R","B",null,"M","?","M","?","?","R","$","R","T","$","R","M","E","T","R","B",null,"M","?","?","M","M","$","M","R","T","E","M","M","M","?","R"],"character_chosen":"DEFECT","items_purchased":["Storm","DataDisk","Multi-Cast","War Paint"],"campfire_rested":4,"item_purchase_floors":[8,27,27,40],"current_hp_per_floor":[67,52,51,75,75,75,75,75,75,58,58,55,54,43,65,53,75,75,75,71,71,71,71,71,71,71,71,71,75,36,36,73,14,75,75,62,53,60,26,26,33,70,70,75,75,66,66,36,73,0],"gold":509,"neow_bonus":"","is_prod":false,"is_daily":false,"chose_seed":false,"campfire_upgraded":4,"win_rate":0,"timestamp":1537139069,"path_taken":["M","?","?","?","?","R","M","$","T","E","M","E","M","?","R","BOSS","M","?","M","?","?","R","$","R","T","$","R","M","E","?","R","BOSS","M","?","?","M","M","$","M","R","T","E","M","M","M","?","R","BOSS"],"build_version":"2018-09-12","purchased_purges":0,"victory":false,"max_hp_per_floor":[75,75,75,75,75,75,75,75,75,75,75,75,75,75,75,75,75,75,75,75,75,75,75,75,75,75,75,75,75,75,75,75,75,75,75,75,75,75,75,75,75,75,75,75,75,75,75,75,75,75],"card_choices":[{"not_picked":["Steam Power","Recycle"],"picked":"Ball Lightning","floor":1},{"not_picked":["Doom and Gloom","Beam Cell"],"picked":"Self Repair","floor":3},{"not_picked":["Turbo","Self Repair","Redo"],"picked":"SKIP","floor":7},{"not_picked":["Cold Snap","Force Field"],"picked":"Melter","floor":10},{"not_picked":["Stack","Turbo","Steam"],"picked":"SKIP","floor":11},{"not_picked":["Stack","Go for the Eyes"],"picked":"Echo Form","floor":12},{"not_picked":["Rebound","Streamline"],"picked":"Tempest","floor":13},{"not_picked":["Hyperbeam","All For One"],"picked":"Biased Cognition","floor":16},{"not_picked":["Ball Lightning","Go for the Eyes"],"picked":"Darkness+1","floor":18},{"not_picked":["Glacier","Genetic Algorithm"],"picked":"Redo","floor":20},{"not_picked":["Genetic Algorithm+1","Coolheaded"],"picked":"Redo+1","floor":29},{"not_picked":["Beam Cell","Rebound","Glacier"],"picked":"SKIP","floor":30},{"not_picked":["Thunder Strike","Fission"],"picked":"Buffer","floor":33},{"not_picked":["Ball Lightning+1","Undo"],"picked":"Static Discharge+1","floor":35},{"not_picked":["Undo+1","Barrage"],"picked":"Capacitor","floor":36},{"not_picked":["Rebound","Gash+1"],"picked":"Static Discharge+1","floor":38},{"not_picked":["Conserve Battery","Beam Cell+1"],"picked":"BootSequence","floor":39},{"not_picked":["Auto Shields","Sweeping Beam+1"],"picked":"Creative AI","floor":41},{"not_picked":["Turbo+1","Sweeping Beam+1"],"picked":"Loop+1","floor":44},{"not_picked":["Heatsinks","Auto Shields+1"],"picked":"Defragment+1","floor":45},{"not_picked":["Rebound","Coolheaded+1"],"picked":"Stack+1","floor":46},{"not_picked":["Streamline","Ball Lightning+1","Melter+1"],"picked":"SKIP","floor":47},{"not_picked":["Redo+1","Steam"],"picked":"Thunder Strike","floor":48}],"player_experience":94079,"relics_obtained":[{"floor":9,"key":"Orichalcum"},{"floor":10,"key":"MawBank"},{"floor":12,"key":"Juzu Bracelet"},{"floor":26,"key":"Regal Pillow"},{"floor":30,"key":"Emotion Chip"},{"floor":31,"key":"Symbiotic Virus"},{"floor":36,"key":"FossilizedHelix"},{"floor":43,"key":"PreservedInsect"},{"floor":44,"key":"Gremlin Horn"},{"floor":48,"key":"Nunchaku"}],"event_choices":[{"event_name":"Shining Light","player_choice":"Entered Light","floor":2,"damage_taken":0},{"event_name":"Wheel of Change","player_choice":"Full Heal","floor":4,"damage_taken":0},{"event_name":"Living Wall","player_choice":"Change","floor":5,"damage_taken":0},{"event_name":"World of Goop","player_choice":"Gather Gold","floor":14,"damage_taken":0},{"event_name":"Vampires","player_choice":"Ignored","floor":19,"damage_taken":0},{"event_name":"Back to Basics","player_choice":"Elegance","floor":21,"damage_taken":0},{"event_name":"Purifier","player_choice":"One Purge","floor":22,"damage_taken":0},{"event_name":"Mysterious Sphere","player_choice":"Fight","floor":36,"damage_taken":0},{"event_name":"Winding Halls","player_choice":"Embrace Madness","floor":37,"damage_taken":0},{"event_name":"MindBloom","player_choice":"Fight","floor":48,"damage_taken":0}],"is_beta":true,"boss_relics":[{"not_picked":["Tiny House","Empty Cage"],"picked":"Sozu"},{"not_picked":["White Beast Statue","Snecko Eye"],"picked":"Astrolabe"}],"items_purged_floors":[],"is_endless":false,"potions_floor_spawned":[1,7,12,20,30,38,39,45,47,48],"killed_by":"Awakened One","ascension_level":1}