{"gold_per_floor":[112,130,130,29,79,79,141,152,198,78,142,142,142,192,192,295,295],"floor_reached":17,"playtime":479,"items_purged":["Pain"],"score":214,"play_id":"5ab2a4e4-9dc6-4f36-8762-82e37a5d5c70","local_time":"20190411211003","is_ascension_mode":true,"campfire_choices":[{"data":"Heatsinks","floor":6,"key":"SMITH"},{"floor":13,"key":"REST"},{"data":"Defragment","floor":15,"key":"SMITH"}],"neow_cost":"NONE","seed_source_timestamp":89048143172854,"circlet_count":0,"master_deck":["Strike_B","Strike_B","Strike_B","Strike_B","Defend_B","Defend_B","Defend_B","Defend_B","Zap","Dualcast","Doom and Gloom","Heatsinks+1","Leap","Recycle","Stack","Defragment+1","Regret","Core Surge"],"relics":["Cracked Core","Oddly Smooth Stone","SsserpentHead","DataDisk","WarpedTongs","Tiny Chest","Bag of Marbles","Mango","Snecko Eye"],"potions_floor_usage":[7,16],"damage_taken":[{"damage":0,"enemies":"Cultist","floor":1,"turns":3},{"damage":8,"enemies":"Small Slimes","floor":2,"turns":3},{"damage":35,"enemies":"Gremlin Nob","floor":7,"turns":4},{"damage":6,"enemies":"2 Louse","floor":8,"turns":3},{"damage":2,"enemies":"Blue Slaver","floor":11,"turns":3},{"damage":25,"enemies":"Hexaghost","floor":16,"turns":12}],"seed_played":"-347010453426324386","potions_obtained":[{"floor":2,"key":"PowerPotion"},{"floor":7,"key":"SkillPotion"},{"floor":8,"key":"Fire Potion"}],"is_trial":false,"path_per_floor":["M","M","?","$","?","R","E","M","T","$","M","$","R","?","R","B",null],"character_chosen":"DEFECT","items_purchased":["DataDisk","Stack"],"campfire_rested":1,"item_purchase_floors":[4,10],"current_hp_per_floor":[68,60,60,60,60,60,25,19,19,19,17,17,39,53,53,28,74],"gold":295,"neow_bonus":"RANDOM_COMMON_RELIC","is_prod":false,"is_daily":false,"chose_seed":false,"campfire_upgraded":2,"win_rate":0,"timestamp":1555042203,"path_taken":["M","M","?","?","?","R","E","M","T","$","?","$","R","?","R","BOSS"],"build_version":"2019-01-23","purchased_purges":1,"victory":false,"max_hp_per_floor":[75,75,75,75,75,75,75,75,75,75,75,75,75,89,89,89,89],"card_choices":[{"not_picked":["Turbo","Conserve Battery"],"picked":"Doom and Gloom","floor":1},{"not_picked":["Doom and Gloom","Gash"],"picked":"Heatsinks","floor":2},{"not_picked":["Doom and Gloom","Rebound"],"picked":"Leap","floor":7},{"not_picked":["Coolheaded","Stack"],"picked":"Recycle","floor":8},{"not_picked":["Barrage","Sunder"],"picked":"Defragment","floor":11},{"not_picked":["Amplify","Buffer"],"picked":"Core Surge","floor":16}],"player_experience":557926,"relics_obtained":[{"floor":7,"key":"Tiny Chest"},{"floor":9,"key":"Bag of Marbles"}],"event_choices":[{"damage_healed":0,"gold_gain":0,"player_choice":"Trade","damage_taken":0,"relics_obtained":["SsserpentHead"],"max_hp_gain":0,"max_hp_loss":0,"event_name":"FaceTrader","floor":3,"gold_loss":0},{"damage_healed":0,"gold_gain":0,"player_choice":"Rummage","damage_taken":0,"relics_obtained":["WarpedTongs"],"max_hp_gain":0,"max_hp_loss":0,"event_name":"Accursed Blacksmith","floor":5,"gold_loss":0,"cards_obtained":["Pain"]},{"damage_healed":0,"gold_gain":0,"player_choice":"Box","damage_taken":0,"relics_obtained":["Mango"],"max_hp_gain":0,"max_hp_loss":0,"event_name":"Big Fish","floor":14,"gold_loss":0,"cards_obtained":["Regret"]}],"is_beta":false,"boss_relics":[{"not_picked":["Tiny House","Runic Dome"],"picked":"Snecko Eye"}],"items_purged_floors":[10],"is_endless":false,"potions_floor_spawned":[2,7,8],"ascension_level":8}