{"gold_per_floor":[362,374,374,48,64,64,93,8,58,70,111,88,100,262,274,364,376,361,385,56,72,29,29,46,46],"floor_reached":25,"playtime":849,"items_purged":[],"score":418,"play_id":"e6a017f2-34f0-42e9-97a8-c14436505393","local_time":"20190226120615","is_ascension_mode":true,"campfire_choices":[{"data":"Noxious Fumes","floor":6.0,"key":"SMITH"},{"floor":10.0,"key":"REST"},{"data":"Neutralize","floor":15.0,"key":"SMITH"},{"floor":23.0,"key":"REST"}],"neow_cost":"CURSE","seed_source_timestamp":0,"circlet_count":0,"master_deck":["AscendersBane","Defend_G","Defend_G","Defend_G","Defend_G","Defend_G","Strike_G","Strike_G","Strike_G","Strike_G","Strike_G","Survivor","Neutralize+1","Heel Hook","Accuracy","Swift Strike","Noxious Fumes+1","Footwork+1","Wraith Form v2","PiercingWail","Backstab","Catalyst","Night Terror"],"special_seed":0,"relics":["Ring of the Snake","TwistedFunnel","Omamori","MawBank","Anchor","Velvet Choker","Incense Burner"],"potions_floor_usage":[24],"damage_taken":[{"damage":12.0,"enemies":"Cultist","floor":1.0,"turns":4.0},{"damage":4.0,"enemies":"2 Louse","floor":2.0,"turns":3.0},{"damage":2.0,"enemies":"Small Slimes","floor":5.0,"turns":3.0},{"damage":16.0,"enemies":"3 Sentries","floor":7.0,"turns":6.0},{"damage":13.0,"enemies":"Lagavulin","floor":11.0,"turns":5.0},{"damage":28.0,"enemies":"The Guardian","floor":16.0,"turns":11.0},{"damage":2.0,"enemies":"2 Thieves","floor":18.0,"turns":4.0},{"damage":9.0,"enemies":"Chosen","floor":19.0,"turns":5.0},{"damage":17.0,"enemies":"Shelled Parasite and Fungi","floor":21.0,"turns":8.0},{"damage":14,"enemies":"Snake Plant","floor":24,"turns":6},{"damage":6,"enemies":"Centurion and Healer","floor":25,"turns":8}],"seed_played":"5704344967192598119","potions_obtained":[{"floor":2.0,"key":"Weak Potion"},{"floor":7.0,"key":"SkillPotion"},{"floor":11.0,"key":"Fruit Juice"},{"floor":18.0,"key":"Weak Potion"},{"floor":19.0,"key":"PowerPotion"},{"floor":24,"key":"Block Potion"}],"is_trial":false,"path_per_floor":["M","M","?","$","M","R","E","$","T","R","E","?","?","?","R","B",null,"M","M","$","M","$","R","M","M"],"character_chosen":"THE_SILENT","items_purchased":["TwistedFunnel","Swift Strike","Footwork","Incense Burner","Catalyst"],"campfire_rested":2,"item_purchase_floors":[4,4,8,20,22],"current_hp_per_floor":[47,43,43,43,41,41,25,25,25,44,31,47,47,47,52,24,59,57,48,48,31,31,52,38,32],"gold":46,"neow_bonus":"TWO_FIFTY_GOLD","is_prod":false,"is_daily":false,"chose_seed":false,"campfire_upgraded":2,"win_rate":0,"timestamp":1551200775,"path_taken":["M","?","?","$","?","R","E","$","T","R","E","?","?","?","R","BOSS","M","M","$","M","$","R","M","M"],"build_version":"2019-01-23","purchased_purges":0,"victory":false,"max_hp_per_floor":[66,66,66,66,66,66,66,66,66,66,66,66,66,66,71,71,71,71,71,71,71,71,71,71,71],"card_choices":[{"not_picked":["Acrobatics","Endless Agony"],"picked":"Heel Hook","floor":1.0},{"not_picked":["Blur","Expertise"],"picked":"Accuracy","floor":2.0},{"not_picked":["Backflip","Dagger Throw"],"picked":"Noxious Fumes","floor":5.0},{"not_picked":["Sucker Punch","Phantasmal Killer","Choke"],"picked":"SKIP","floor":7.0},{"not_picked":["Expertise","Underhanded Strike","Dagger Spray"],"picked":"SKIP","floor":11.0},{"not_picked":["After Image","Venomology"],"picked":"Wraith Form v2","floor":16.0},{"not_picked":["Eviscerate","Endless Agony"],"picked":"PiercingWail","floor":18.0},{"not_picked":["Dagger Throw","Slice","Flying Knee"],"picked":"SKIP","floor":19.0},{"not_picked":["Dash","Underhanded Strike"],"picked":"Backstab","floor":21.0},{"not_picked":["Sucker Punch","Crippling Poison"],"picked":"Night Terror","floor":24}],"player_experience":840262,"relics_obtained":[{"floor":7.0,"key":"Omamori"},{"floor":9.0,"key":"MawBank"},{"floor":11.0,"key":"Anchor"}],"event_choices":[{"cards_removed":["Pain"],"damage_healed":0.0,"max_hp_gain":0.0,"max_hp_loss":0.0,"gold_gain":0.0,"event_name":"Fountain of Cleansing","player_choice":"Removed Curses","floor":3.0,"gold_loss":0.0,"damage_taken":0.0},{"damage_healed":16.0,"max_hp_gain":0.0,"max_hp_loss":0.0,"gold_gain":0.0,"event_name":"The Cleric","player_choice":"Healed","floor":12.0,"gold_loss":35.0,"damage_taken":0.0},{"damage_healed":0.0,"max_hp_gain":0.0,"max_hp_loss":0.0,"gold_gain":0.0,"event_name":"Living Wall","player_choice":"Grow","floor":13.0,"gold_loss":0.0,"damage_taken":0.0,"cards_upgraded":["Footwork"]},{"damage_healed":0.0,"max_hp_gain":0.0,"max_hp_loss":0.0,"gold_gain":150.0,"event_name":"Liars Game","player_choice":"AGREE","floor":14.0,"gold_loss":0.0,"damage_taken":0.0,"cards_obtained":["Doubt"]}],"is_beta":false,"boss_relics":[{"not_picked":["Ectoplasm","HoveringKite"],"picked":"Velvet Choker"}],"items_purged_floors":[],"is_endless":false,"potions_floor_spawned":[2,7,11,18,19,24],"killed_by":"Centurion and Healer","ascension_level":20}