{"gold_per_floor":[115,128,143,155,155,211,229,242,319,319,319,319,346,358,358,358],"floor_reached":16,"playtime":559,"items_purged":[],"score":114,"play_id":"259470d0-9d6c-4096-997c-47a43fcacd83","local_time":"20190405152911","is_ascension_mode":false,"campfire_choices":[{"floor":10,"key":"REST"},{"floor":12,"key":"REST"},{"floor":15,"key":"REST"}],"neow_cost":"PERCENT_DAMAGE","seed_source_timestamp":166631341877085,"circlet_count":0,"master_deck":["Strike_B+1","Strike_B","Strike_B","Strike_B","Defend_B","Defend_B+1","Defend_B","Defend_B","Zap","Dualcast","Electrodynamics","Redo","Chaos","Streamline","Static Discharge","Double Energy","Multi-Cast","Consume","Ball Lightning","Static Discharge"],"relics":["Cracked Core","Tiny Chest","Mercury Hourglass","Cables"],"potions_floor_usage":[4,6,7],"damage_taken":[{"damage":0,"enemies":"Cultist","floor":1,"turns":3},{"damage":6,"enemies":"Jaw Worm","floor":2,"turns":4},{"damage":0,"enemies":"2 Louse","floor":3,"turns":1},{"damage":6,"enemies":"Large Slime","floor":4,"turns":3},{"damage":13,"enemies":"Gremlin Nob","floor":6,"turns":3},{"damage":8,"enemies":"Red Slaver","floor":7,"turns":3},{"damage":0,"enemies":"2 Fungi Beasts","floor":8,"turns":2},{"damage":31,"enemies":"Lagavulin","floor":13,"turns":5},{"damage":0,"enemies":"Large Slime","floor":14,"turns":3},{"damage":43,"enemies":"The Guardian","floor":16,"turns":4}],"seed_played":"-7169843191775956271","potions_obtained":[{"floor":3,"key":"Poison Potion"},{"floor":4,"key":"AttackPotion"},{"floor":6,"key":"SkillPotion"},{"floor":8,"key":"Strength Potion"}],"is_trial":false,"path_per_floor":["M","M","M","M","?","E","M","M","T","R","T","R","E","M","R","B"],"character_chosen":"DEFECT","items_purchased":[],"campfire_rested":3,"item_purchase_floors":[],"current_hp_per_floor":[54,48,48,42,27,14,6,6,6,28,28,50,19,19,41,0],"gold":358,"neow_bonus":"THREE_RARE_CARDS","is_prod":false,"is_daily":false,"chose_seed":false,"campfire_upgraded":0,"win_rate":0,"timestamp":1554503351,"path_taken":["M","M","?","?","?","E","M","M","T","R","?","R","E","M","R","BOSS"],"build_version":"2019-01-23","purchased_purges":0,"victory":false,"max_hp_per_floor":[75,75,75,75,75,75,75,75,75,75,75,75,75,75,75,75],"card_choices":[{"not_picked":["Creative AI","Reboot"],"picked":"Electrodynamics","floor":0},{"not_picked":["Rebound","Undo"],"picked":"Redo","floor":1},{"not_picked":["Ball Lightning","White Noise"],"picked":"Chaos","floor":2},{"not_picked":["Stack","Gash"],"picked":"Streamline","floor":3},{"not_picked":["Heatsinks","Hello World"],"picked":"Static Discharge","floor":4},{"not_picked":["Recycle","Gash"],"picked":"Double Energy","floor":6},{"not_picked":["Coolheaded","Streamline"],"picked":"Multi-Cast","floor":7},{"not_picked":["Gash","Steam"],"picked":"Consume","floor":8},{"not_picked":["Compile Driver","Stack"],"picked":"Ball Lightning","floor":13},{"not_picked":["Gash","Redo"],"picked":"Static Discharge","floor":14}],"player_experience":487669,"relics_obtained":[{"floor":6,"key":"Tiny Chest"},{"floor":9,"key":"Mercury Hourglass"},{"floor":13,"key":"Cables"}],"event_choices":[{"damage_healed":0,"gold_gain":0,"player_choice":"Entered Light","damage_taken":15,"max_hp_gain":0,"max_hp_loss":0,"event_name":"Shining Light","floor":5,"gold_loss":0,"cards_upgraded":["Strike_B","Defend_B"]}],"is_beta":false,"boss_relics":[],"items_purged_floors":[],"is_endless":false,"potions_floor_spawned":[3,4,6,8],"killed_by":"The Guardian","ascension_level":0}