{"gold_per_floor":[112,112,37,49,66,66,80,80,161,179,198,212,212,228,228,328,378,392,307,207,207,226,226,226,226],"floor_reached":25,"playtime":903,"items_purged":["Strike_R","Strike_R"],"score":220,"play_id":"ad6ca4d0-04cf-416d-ba4a-cbbe260730ce","local_time":"20180722120811","is_ascension_mode":false,"campfire_choices":[{"data":"Body Slam","floor":6,"key":"SMITH"},{"data":"True Grit","floor":8,"key":"SMITH"},{"data":"Defend_R","floor":13,"key":"SMITH"},{"data":"Defend_R","floor":15,"key":"SMITH"},{"data":"Defend_R","floor":23,"key":"SMITH"}],"neow_cost":"","seed_source_timestamp":225578887874917,"circlet_count":0,"master_deck":["Strike_R","Strike_R","Defend_R+1","Defend_R+1","Defend_R","Defend_R+1","Bash","True Grit+1","Body Slam+1","Feed+1"],"relics":["Burning Blood","Bottled Flame","Tiny House","Regal Pillow"],"potions_floor_usage":[5,7,16,16,18,25],"damage_taken":[{"damage":6,"enemies":"Cultist","floor":1,"turns":3},{"damage":11,"enemies":"Jaw Worm","floor":4,"turns":3},{"damage":2,"enemies":"2 Louse","floor":5,"turns":3},{"damage":14,"enemies":"Exordium Thugs","floor":7,"turns":5},{"damage":14,"enemies":"Lots of Slimes","floor":10,"turns":5},{"damage":15,"enemies":"Gremlin Gang","floor":11,"turns":5},{"damage":1,"enemies":"2 Fungi Beasts","floor":12,"turns":5},{"damage":3,"enemies":"Blue Slaver","floor":14,"turns":4},{"damage":11,"enemies":"The Guardian","floor":16,"turns":14},{"damage":54,"enemies":"Spheric Guardian","floor":18,"turns":6},{"damage":46,"enemies":"3 Byrds","floor":22,"turns":12},{"damage":8,"enemies":"Centurion and Healer","floor":25,"turns":7}],"seed_played":"3625588980540432379","potions_obtained":[{"floor":4,"key":"SteroidPotion"},{"floor":5,"key":"Fire Potion"},{"floor":11,"key":"SkillPotion"},{"floor":12,"key":"Weak Potion"},{"floor":17,"key":"Fruit Juice"},{"floor":22,"key":"LiquidBronze"}],"is_trial":false,"path_per_floor":["M","?","$","M","M","R","M","R","T","M","M","M","R","M","R","B",null,"M","?","$","?","M","R","?"],"character_chosen":"IRONCLAD","items_purchased":[],"campfire_rested":0,"item_purchase_floors":[],"current_hp_per_floor":[80,85,85,80,84,84,76,76,76,68,59,64,64,67,67,62,90,51,51,51,51,15,15,15,7],"gold":226,"neow_bonus":"","is_prod":false,"is_daily":false,"chose_seed":false,"campfire_upgraded":5,"win_rate":0,"timestamp":1532232491,"path_taken":["M","?","?","?","M","R","M","R","T","M","M","?","R","M","R","BOSS","M","?","$","?","?","R","?","?"],"build_version":"2018-07-19v2","purchased_purges":2,"victory":false,"max_hp_per_floor":[80,85,85,85,85,85,85,85,85,85,85,85,85,85,85,85,90,99,99,99,99,103,103,103,103],"card_choices":[{"not_picked":["Anger","Thunderclap","Pommel Strike"],"picked":"SKIP","floor":1},{"not_picked":["Reckless Charge","Metallicize"],"picked":"True Grit","floor":4},{"not_picked":["Searing Blow","Infernal Blade"],"picked":"Body Slam","floor":5},{"not_picked":["Ghostly Armor","Infernal Blade","Headbutt"],"picked":"SKIP","floor":7},{"not_picked":["Ghostly Armor","Anger","Carnage"],"picked":"SKIP","floor":10},{"not_picked":["Cleave","Anger","Clothesline"],"picked":"SKIP","floor":11},{"not_picked":["Immolate","Body Slam","Fire Breathing"],"picked":"SKIP","floor":12},{"not_picked":["Perfected Strike","Rupture","Warcry"],"picked":"SKIP","floor":14},{"not_picked":["Bludgeon","Offering"],"picked":"Feed","floor":16},{"not_picked":["Rage","Armaments+1","Sword Boomerang"],"picked":"SKIP","floor":18},{"not_picked":["Clothesline","Flex","Disarm"],"picked":"SKIP","floor":22}],"player_experience":309307,"relics_obtained":[{"floor":9,"key":"Bottled Flame"}],"event_choices":[{"event_name":"Big Fish","player_choice":"Donut","floor":2,"damage_taken":0},{"event_name":"Addict","player_choice":"Obtained Relic","floor":19,"damage_taken":0},{"event_name":"Purifier","player_choice":"One Purge","floor":21,"damage_taken":0},{"event_name":"Drug Dealer","player_choice":"Ignored","floor":24,"damage_taken":0}],"is_beta":false,"boss_relics":[{"not_picked":["Pandora\u0027s Box","Mark of Pain"],"picked":"Tiny House"}],"items_purged_floors":[3,20],"is_endless":false,"potions_floor_spawned":[4,5,11,12,22],"killed_by":"Centurion and Healer","ascension_level":0}