{"gold_per_floor":[110,110,23,23,40,75,75,87,140,169,169,199,210,235,235,314,314],"floor_reached":17,"playtime":589,"items_purged":[],"score":666,"play_id":"9ee969ca-7e34-4f86-9afd-0ebff9c97779","local_time":"20190415171409","is_ascension_mode":true,"campfire_choices":[{"data":"Calculated Gamble","floor":7.0,"key":"SMITH"},{"data":"Tactician","floor":11.0,"key":"SMITH"},{"data":"Acrobatics","floor":15.0,"key":"SMITH"}],"neow_cost":"NONE","seed_source_timestamp":0,"circlet_count":0,"master_deck":["AscendersBane","Survivor","Neutralize","Eviscerate","Calculated Gamble+1","Doppelganger","Cloak And Dagger","Leg Sweep","Blade Dance","Caltrops","Caltrops","Terror","Footwork","Choke+1","Backstab+1","Tactician+1","Dodge and Roll","Acrobatics+1","Reflex"],"special_seed":0,"relics":["Pandora\u0027s Box","Whetstone","Lantern","Bag of Marbles","Nunchaku","Happy Flower","White Beast Statue"],"potions_floor_usage":[],"damage_taken":[{"damage":0.0,"enemies":"Jaw Worm","floor":1.0,"turns":6.0},{"damage":1.0,"enemies":"Small Slimes","floor":5.0,"turns":2.0},{"damage":0.0,"enemies":"Gremlin Nob","floor":6.0,"turns":3.0},{"damage":0.0,"enemies":"Cultist","floor":8.0,"turns":4.0},{"damage":0.0,"enemies":"3 Sentries","floor":10.0,"turns":6.0},{"damage":0.0,"enemies":"Gremlin Nob","floor":12.0,"turns":2.0},{"damage":5.0,"enemies":"Gremlin Gang","floor":13.0,"turns":3.0},{"damage":0.0,"enemies":"3 Sentries","floor":14.0,"turns":8.0},{"damage":0.0,"enemies":"The Guardian","floor":16.0,"turns":7.0}],"seed_played":"-4802318394019882737","potions_obtained":[{"floor":1.0,"key":"Weak Potion"},{"floor":8.0,"key":"Poison Potion"},{"floor":12.0,"key":"EssenceOfSteel"},{"floor":16.0,"key":"GhostInAJar"}],"is_trial":false,"path_per_floor":["M","?","$","?","M","E","R","M","T","E","R","E","M","E","R","B",null],"character_chosen":"THE_SILENT","items_purchased":["Choke"],"campfire_rested":0,"item_purchase_floors":[3],"current_hp_per_floor":[59,64,64,64,63,63,63,63,63,63,63,63,58,58,58,58,68],"gold":314,"neow_bonus":"BOSS_RELIC","is_prod":false,"is_daily":false,"chose_seed":false,"campfire_upgraded":3,"win_rate":0,"timestamp":1555319649,"path_taken":["M","?","$","?","M","E","R","M","T","E","R","E","?","E","R","BOSS"],"build_version":"2019-01-23","purchased_purges":0,"victory":false,"max_hp_per_floor":[66,71,71,71,71,71,71,71,71,71,71,71,71,71,71,71,71],"card_choices":[{"not_picked":["Bouncing Flask","Cloak And Dagger"],"picked":"Footwork","floor":1.0},{"not_picked":["Slice","Bane"],"picked":"Tactician","floor":5.0},{"not_picked":["Choke","Flechettes"],"picked":"Dodge and Roll","floor":6.0},{"not_picked":["Crippling Poison","Skewer","Catalyst"],"picked":"SKIP","floor":8.0},{"not_picked":["Dagger Throw","Poisoned Stab"],"picked":"Acrobatics","floor":10.0},{"not_picked":["Prepared","Catalyst"],"picked":"Reflex","floor":12.0},{"not_picked":["Heel Hook","Poisoned Stab","Expertise"],"picked":"SKIP","floor":13.0},{"not_picked":["Poisoned Stab","Tactician","Backstab"],"picked":"SKIP","floor":14.0}],"player_experience":1396054,"relics_obtained":[{"floor":6.0,"key":"Whetstone"},{"floor":9.0,"key":"Lantern"},{"floor":10.0,"key":"Bag of Marbles"},{"floor":12.0,"key":"Nunchaku"},{"floor":14.0,"key":"Happy Flower"}],"event_choices":[{"damage_healed":0.0,"max_hp_gain":5.0,"max_hp_loss":0.0,"gold_gain":0.0,"event_name":"Big Fish","player_choice":"Donut","floor":2.0,"gold_loss":0.0,"damage_taken":0.0},{"damage_healed":0.0,"max_hp_gain":0.0,"max_hp_loss":0.0,"gold_gain":0.0,"cards_transformed":["Storm of Steel"],"event_name":"Transmorgrifier","player_choice":"Transformed","floor":4.0,"gold_loss":0.0,"damage_taken":0.0,"cards_obtained":["Backstab"]}],"is_beta":false,"boss_relics":[{"not_picked":["Snecko Eye","Runic Dome"],"picked":"White Beast Statue"}],"items_purged_floors":[],"is_endless":false,"potions_floor_spawned":[1,8,12,16],"ascension_level":20}