{"gold_per_floor":[130,141,141,160,173,205,205,215,215,229,107,107,107,135,135,135],"floor_reached":16,"playtime":684,"items_purged":["Strike_R"],"score":158,"play_id":"0e0c4902-6bd4-4702-806f-70ad8374b5dc","local_time":"20190428115307","is_ascension_mode":true,"campfire_choices":[{"data":"Secret Technique","floor":12,"key":"SMITH"},{"data":"Whirlwind","floor":15,"key":"SMITH"}],"neow_cost":"TEN_PERCENT_HP_LOSS","seed_source_timestamp":396072295347600,"circlet_count":0,"master_deck":["AscendersBane","Strike_R","Strike_R","Strike_R","Defend_R","Defend_R","Defend_R","Defend_R","Bash","Jack Of All Trades","Secret Technique+1","Seeing Red","Flex","Dark Embrace","Whirlwind+1","Warcry","Metallicize","True Grit","Clothesline+1"],"relics":["Burning Blood","Blue Candle","Molten Egg 2","Odd Mushroom"],"potions_floor_usage":[10,14,16],"damage_taken":[{"damage":7,"enemies":"Small Slimes","floor":1,"turns":3},{"damage":0,"enemies":"2 Louse","floor":2,"turns":4},{"damage":1,"enemies":"Cultist","floor":4,"turns":4},{"damage":5,"enemies":"2 Fungi Beasts","floor":5,"turns":4},{"damage":50,"enemies":"3 Sentries","floor":6,"turns":9},{"damage":0,"enemies":"3 Louse","floor":8,"turns":1},{"damage":11,"enemies":"Blue Slaver","floor":10,"turns":3},{"damage":8,"enemies":"The Mushroom Lair","floor":14,"turns":4},{"damage":33,"enemies":"Hexaghost","floor":16,"turns":9}],"seed_played":"2466870061018495380","potions_obtained":[{"floor":1,"key":"Explosive Potion"},{"floor":6,"key":"GamblersBrew"},{"floor":8,"key":"SkillPotion"},{"floor":10,"key":"Poison Potion"}],"is_trial":false,"path_per_floor":["M","M","?","M","M","E","?","M","T","M","$","R","?","?","R","B"],"character_chosen":"IRONCLAD","items_purchased":["True Grit"],"campfire_rested":0,"item_purchase_floors":[11],"current_hp_per_floor":[71,72,77,77,77,33,33,39,39,34,34,34,34,32,32,0],"gold":135,"neow_bonus":"RANDOM_COLORLESS_2","is_prod":false,"is_daily":false,"chose_seed":false,"campfire_upgraded":2,"win_rate":0,"timestamp":1556423587,"path_taken":["M","M","?","M","M","E","?","?","T","M","$","R","?","?","R","BOSS"],"build_version":"2019-01-23","purchased_purges":1,"victory":false,"max_hp_per_floor":[72,72,77,77,77,77,77,77,77,77,77,77,77,77,77,77],"card_choices":[{"not_picked":["Body Slam","Infernal Blade"],"picked":"Seeing Red","floor":1},{"not_picked":["Clash","Cleave","Dropkick"],"picked":"SKIP","floor":2},{"not_picked":["Entrench","Clash"],"picked":"Flex","floor":4},{"not_picked":["Bloodletting","Clothesline"],"picked":"Dark Embrace","floor":5},{"not_picked":["Infernal Blade","Shockwave"],"picked":"Whirlwind","floor":6},{"not_picked":["Cleave","Evolve","Warcry"],"picked":"SKIP","floor":8},{"not_picked":["Cleave","Evolve"],"picked":"Warcry","floor":8},{"not_picked":["Power Through","Shrug It Off"],"picked":"Metallicize","floor":10},{"not_picked":["Corruption","Clash+1"],"picked":"Clothesline+1","floor":14}],"player_experience":547014,"relics_obtained":[{"floor":6,"key":"Blue Candle"},{"floor":9,"key":"Molten Egg 2"},{"floor":14,"key":"Odd Mushroom"}],"event_choices":[{"damage_healed":0,"gold_gain":0,"player_choice":"Donut","damage_taken":0,"max_hp_gain":5,"max_hp_loss":0,"event_name":"Big Fish","floor":3,"gold_loss":0},{"cards_removed":["Strike_R"],"damage_healed":0,"gold_gain":0,"player_choice":"Purged","damage_taken":0,"max_hp_gain":0,"max_hp_loss":0,"event_name":"Purifier","floor":7,"gold_loss":0},{"damage_healed":0,"gold_gain":0,"player_choice":"Ignored","damage_taken":0,"max_hp_gain":0,"max_hp_loss":0,"event_name":"Liars Game","floor":13,"gold_loss":0},{"damage_healed":0,"gold_gain":0,"player_choice":"Fought Mushrooms","damage_taken":0,"max_hp_gain":0,"max_hp_loss":0,"event_name":"Mushrooms","floor":14,"gold_loss":0}],"is_beta":false,"boss_relics":[],"items_purged_floors":[11],"is_endless":false,"potions_floor_spawned":[1,6,8,10],"killed_by":"Hexaghost","ascension_level":11}