{"gold_per_floor":[111,111,135,153,172,172,184,213,213,67,92,92,104,123,123,225,225,235,220,220,233,233,233],"floor_reached":23,"playtime":865,"items_purged":["Strike_B"],"score":233,"play_id":"aac421ca-42b6-41f5-8128-31323cbf267f","local_time":"20180714190433","is_ascension_mode":true,"campfire_choices":[{"data":"Rainbow","floor":6,"key":"SMITH"},{"floor":12,"key":"REST"},{"floor":15,"key":"REST"}],"neow_cost":"TEN_PERCENT_HP_LOSS","seed_source_timestamp":219815810498163,"circlet_count":0,"master_deck":["Strike_B","Strike_B","Defend_B","Defend_B","Defend_B","Defend_B","Zap","Dualcast","Rainbow+1","Conserve Battery","Capacitor","Compile Driver","Reinforced Body","Glacier","Consume","Core Surge","Reprogram+1","BootSequence","Writhe"],"relics":["Cracked Core","Lantern","Pantograph","Matryoshka","Pen Nib","Inserter","Juzu Bracelet","Ginger"],"potions_floor_usage":[8,16,16,19],"damage_taken":[{"damage":2,"enemies":"Jaw Worm","floor":1,"turns":3},{"damage":0,"enemies":"Small Slimes","floor":4,"turns":4},{"damage":3,"enemies":"Cultist","floor":5,"turns":4},{"damage":9,"enemies":"Looter","floor":7,"turns":3},{"damage":17,"enemies":"Lagavulin","floor":8,"turns":5},{"damage":29,"enemies":"Gremlin Nob","floor":11,"turns":4},{"damage":15,"enemies":"Gremlin Gang","floor":13,"turns":7},{"damage":11,"enemies":"Exordium Thugs","floor":14,"turns":5},{"damage":28,"enemies":"Hexaghost","floor":16,"turns":9},{"damage":19,"enemies":"Shell Parasite","floor":18,"turns":7},{"damage":15,"enemies":"2 Thieves","floor":19,"turns":4},{"damage":26,"enemies":"Centurion and Healer","floor":21,"turns":12},{"damage":17,"enemies":"Snecko","floor":23,"turns":4}],"seed_played":"-8835141332148783317","potions_obtained":[{"floor":1,"key":"Dexterity Potion"},{"floor":4,"key":"Regen Potion"},{"floor":13,"key":"SkillPotion"},{"floor":16,"key":"FocusPotion"}],"is_trial":false,"path_per_floor":["M","?","T","M","M","R","M","E","T","$","E","R","M","M","R","B",null,"M","M","?","M","?"],"character_chosen":"DEFECT","items_purchased":["Glacier"],"campfire_rested":2,"item_purchase_floors":[10],"current_hp_per_floor":[66,66,66,66,63,63,54,51,51,51,22,42,27,16,36,33,68,49,34,34,8,8,0],"gold":233,"neow_bonus":"THREE_RARE_CARDS","is_prod":false,"is_daily":false,"chose_seed":false,"campfire_upgraded":1,"win_rate":0,"timestamp":1531587873,"path_taken":["M","?","?","M","?","R","M","E","T","$","E","R","M","M","R","BOSS","M","M","?","M","?","M"],"build_version":"2018-07-13","purchased_purges":1,"victory":false,"max_hp_per_floor":[68,68,68,68,68,68,68,68,68,68,68,68,68,68,68,68,68,68,68,68,68,68,68],"card_choices":[{"not_picked":["Machine Learning","Biased Cognition"],"picked":"Rainbow","floor":0},{"not_picked":["Steam Power","Recycle"],"picked":"Conserve Battery","floor":1},{"not_picked":["Cold Snap","Sunder"],"picked":"Compile Driver","floor":4},{"not_picked":["Streamline","Lockon","Rebound"],"picked":"SKIP","floor":5},{"not_picked":["Sweeping Beam","Conserve Battery"],"picked":"Reinforced Body","floor":7},{"not_picked":["Go for the Eyes","Conserve Battery","Turbo"],"picked":"SKIP","floor":8},{"not_picked":["Rip and Tear","Go for the Eyes","Force Field"],"picked":"SKIP","floor":11},{"not_picked":["Capacitor","Conserve Battery","Rebound"],"picked":"SKIP","floor":13},{"not_picked":["Redo","Gash"],"picked":"Consume","floor":14},{"not_picked":["Hyperbeam","Biased Cognition"],"picked":"Core Surge","floor":16},{"not_picked":["Aggregate","Doom and Gloom","Tempest"],"picked":"SKIP","floor":18},{"not_picked":["Hello World","Redo"],"picked":"Reprogram+1","floor":19},{"not_picked":["Compile Driver","Gash"],"picked":"BootSequence","floor":21}],"player_experience":56880,"relics_obtained":[{"floor":3,"key":"Lantern"},{"floor":8,"key":"Pantograph"},{"floor":9,"key":"Matryoshka"},{"floor":11,"key":"Pen Nib"}],"event_choices":[{"event_name":"Living Wall","player_choice":"Change","floor":2,"damage_taken":0},{"event_name":"Wheel of Change","player_choice":"Relic","floor":20,"damage_taken":0},{"event_name":"The Mausoleum","player_choice":"Yes","floor":22,"damage_taken":0}],"boss_relics":[{"not_picked":["Astrolabe","Ectoplasm"],"picked":"Inserter"}],"items_purged_floors":[10],"is_endless":false,"potions_floor_spawned":[1,4,13,16],"killed_by":"Snecko","ascension_level":3}