{"gold_per_floor":[118,118,268,268,66,66,98,118,118,130,130,130,142,175,175,249,249,261,3,19,19,19,19,19],"floor_reached":24,"playtime":822,"items_purged":["Doubt"],"score":431,"play_id":"527e24b0-c43f-45c8-8be4-0c355b4141c8","local_time":"20181115154734","is_ascension_mode":true,"campfire_choices":[{"data":"1","floor":6,"key":"LIFT"},{"data":"2","floor":11,"key":"LIFT"},{"data":"Leg Sweep","floor":15,"key":"SMITH"},{"data":"Footwork","floor":23,"key":"SMITH"}],"neow_cost":"PERCENT_DAMAGE","seed_source_timestamp":78835520217815,"circlet_count":0,"master_deck":["AscendersBane","Defend_G","Defend_G","Defend_G","Defend_G","Defend_G","Strike_G","Strike_G","Strike_G","Strike_G","Strike_G","Survivor","Neutralize","Dagger Spray+1","Flash of Steel","Deflect","Bullet Time","Leg Sweep+1","Dagger Throw","Terror","After Image","Endless Agony+1","Footwork+1","Heel Hook+1","Good Instincts","Escape Plan+1"],"relics":["Ring of the Snake","Girya","Boot","Pen Nib","Strawberry","Molten Egg 2","White Beast Statue"],"potions_floor_usage":[8,16,16,20,20,21],"damage_taken":[{"damage":7,"enemies":"Small Slimes","floor":1,"turns":4},{"damage":20,"enemies":"3 Sentries","floor":7,"turns":6},{"damage":5,"enemies":"Jaw Worm","floor":8,"turns":5},{"damage":0,"enemies":"2 Louse","floor":10,"turns":1},{"damage":5,"enemies":"Large Slime","floor":13,"turns":6},{"damage":0,"enemies":"Gremlin Nob","floor":14,"turns":3},{"damage":17,"enemies":"The Guardian","floor":16,"turns":11},{"damage":7,"enemies":"Chosen","floor":18,"turns":5},{"damage":17,"enemies":"Shell Parasite","floor":20,"turns":5},{"damage":8,"enemies":"Colosseum Slavers","floor":21,"turns":5},{"damage":28,"enemies":"Book of Stabbing","floor":24,"turns":6}],"seed_played":"7710304462246858198","potions_obtained":[{"floor":7,"key":"Regen Potion"},{"floor":10,"key":"Weak Potion"},{"floor":14,"key":"Fire Potion"},{"floor":16,"key":"Energy Potion"},{"floor":18,"key":"SpeedPotion"},{"floor":20,"key":"Fire Potion"}],"is_trial":false,"path_per_floor":["M","?","?","T","$","R","E","M","T","M","R","?","M","E","R","B",null,"M","$","M","?","$","R","E"],"character_chosen":"THE_SILENT","items_purchased":["Flash of Steel","Deflect","Footwork","Heel Hook+1","Good Instincts"],"campfire_rested":0,"item_purchase_floors":[5,5,19,19,19],"current_hp_per_floor":[37,37,37,37,37,37,17,26,33,33,33,33,28,28,28,11,58,51,51,34,26,26,26,0],"gold":19,"neow_bonus":"ONE_RARE_RELIC","is_prod":false,"is_daily":false,"chose_seed":false,"campfire_upgraded":2,"win_rate":0,"timestamp":1542314854,"path_taken":["M","?","?","?","$","R","E","M","T","M","R","?","M","E","R","BOSS","M","$","M","?","$","R","E"],"build_version":"2018-11-08","purchased_purges":1,"victory":false,"max_hp_per_floor":[66,66,66,66,66,66,66,66,73,73,73,73,73,73,73,73,73,73,73,73,73,73,73,73],"card_choices":[{"not_picked":["Dodge and Roll","Deadly Poison"],"picked":"Dagger Spray","floor":1},{"not_picked":["Predator","Sucker Punch"],"picked":"Bullet Time","floor":7},{"not_picked":["Caltrops","Outmaneuver"],"picked":"Leg Sweep","floor":8},{"not_picked":["Deadly Poison","Sucker Punch","Bane"],"picked":"SKIP","floor":10},{"not_picked":["Concentrate","Setup"],"picked":"Dagger Throw","floor":13},{"not_picked":["Blur","A Thousand Cuts"],"picked":"Terror","floor":14},{"not_picked":["Malaise","A Thousand Cuts"],"picked":"After Image","floor":16},{"not_picked":["Deflect","Bane+1"],"picked":"Endless Agony+1","floor":18},{"not_picked":["Quick Slash+1","Flying Knee+1"],"picked":"Escape Plan+1","floor":20}],"player_experience":722862,"relics_obtained":[{"floor":4,"key":"Boot"},{"floor":7,"key":"Pen Nib"},{"floor":9,"key":"Strawberry"},{"floor":14,"key":"Molten Egg 2"}],"event_choices":[{"damage_healed":0,"gold_gain":0,"player_choice":"Grow","damage_taken":0,"max_hp_gain":0,"max_hp_loss":0,"event_name":"Living Wall","floor":2,"gold_loss":0,"cards_upgraded":["Dagger Spray"]},{"damage_healed":0,"gold_gain":150,"player_choice":"AGREE","damage_taken":0,"max_hp_gain":0,"max_hp_loss":0,"event_name":"Liars Game","floor":3,"gold_loss":0,"cards_obtained":["Doubt"]},{"damage_healed":0,"gold_gain":0,"player_choice":"Ignored","damage_taken":0,"max_hp_gain":0,"max_hp_loss":0,"event_name":"Golden Wing","floor":12,"gold_loss":0},{"damage_healed":0,"gold_gain":0,"player_choice":"Fight","damage_taken":0,"max_hp_gain":0,"max_hp_loss":0,"event_name":"Colosseum","floor":21,"gold_loss":0},{"damage_healed":0,"gold_gain":0,"player_choice":"Fled From Nobs","damage_taken":0,"max_hp_gain":0,"max_hp_loss":0,"event_name":"Colosseum","floor":21,"gold_loss":0}],"is_beta":false,"boss_relics":[{"not_picked":["Coffee Dripper","Philosopher\u0027s Stone"],"picked":"White Beast Statue"}],"items_purged_floors":[5],"is_endless":false,"potions_floor_spawned":[7,10,14,16,18,20,21],"killed_by":"Book of Stabbing","ascension_level":18}