{"gold_per_floor":[114,133,144,154,154,210,229,80,80,90,109,109,137,137,137,234,234,245,271,271,15,28,28],"floor_reached":23,"playtime":3445,"items_purged":["Strike_R"],"score":239,"play_id":"81f8fc50-d17d-4e39-86b9-d62fd15e6fea","local_time":"20190421172256","is_ascension_mode":true,"campfire_choices":[{"floor":12,"key":"RECALL"},{"floor":15,"key":"REST"}],"neow_cost":"NONE","seed_source_timestamp":0,"circlet_count":0,"master_deck":["Strike_R","Strike_R+1","Strike_R","Defend_R","Defend_R+1","Defend_R","Defend_R","Bash+1","Disarm","Clothesline","Whirlwind","Uppercut+1","Inflame","Rampage","Pommel Strike","Carnage","Headbutt","Cleave","Brutality","Shockwave+1","Headbutt","Cleave","Feed","Metallicize","Reaper","Shrug It Off","Ghostly Armor","Heavy Blade"],"special_seed":0,"relics":["Burning Blood","Tiny Chest","Paper Frog","Orrery","War Paint"],"potions_floor_usage":[13,13,13,16,18,22],"damage_taken":[{"damage":11.0,"enemies":"Jaw Worm","floor":1.0,"turns":3.0},{"damage":3.0,"enemies":"Cultist","floor":2.0,"turns":4.0},{"damage":1.0,"enemies":"Small Slimes","floor":3.0,"turns":4.0},{"damage":9.0,"enemies":"Blue Slaver","floor":4.0,"turns":3.0},{"damage":36.0,"enemies":"3 Sentries","floor":6.0,"turns":6.0},{"damage":9.0,"enemies":"Red Slaver","floor":7.0,"turns":3.0},{"damage":13.0,"enemies":"Exordium Wildlife","floor":10.0,"turns":4.0},{"damage":4,"enemies":"Blue Slaver","floor":11,"turns":4},{"damage":0,"enemies":"Gremlin Nob","floor":13,"turns":2},{"damage":31,"enemies":"Slime Boss","floor":16,"turns":11},{"damage":20,"enemies":"2 Thieves","floor":18,"turns":4},{"damage":20,"enemies":"Spheric Guardian","floor":22,"turns":6},{"damage":56,"enemies":"Gremlin Leader","floor":23,"turns":5}],"seed_played":"-4837492199987067911","potions_obtained":[{"floor":1.0,"key":"Poison Potion"},{"floor":3.0,"key":"Energy Potion"},{"floor":11,"key":"SkillPotion"},{"floor":13,"key":"AttackPotion"},{"floor":16,"key":"Block Potion"}],"is_trial":false,"path_per_floor":["M","M","M","M","?","E","M","$","T","M","M","R","E","?","R","B",null,"M","T","?","$","M","E"],"character_chosen":"IRONCLAD","items_purchased":["Rampage","Reaper","Shrug It Off","Ghostly Armor","Block Potion"],"campfire_rested":1,"item_purchase_floors":[8,21,21,21,21],"current_hp_per_floor":[75,78,80,77,61,31,28,28,28,21,23,23,29,29,53,28,80,66,66,66,66,52,0],"gold":28,"neow_bonus":"UPGRADE_CARD","is_prod":false,"is_daily":false,"chose_seed":false,"campfire_upgraded":0,"win_rate":0,"timestamp":1555860176,"path_taken":["M","M","M","M","?","E","M","$","T","M","M","R","E","?","R","BOSS","M","?","?","$","M","E"],"build_version":"2019-01-23","purchased_purges":1,"victory":false,"max_hp_per_floor":[80,80,80,80,80,80,80,80,80,80,80,80,80,80,80,80,80,80,80,80,80,80,80],"card_choices":[{"not_picked":["Perfected Strike","Iron Wave"],"picked":"Disarm","floor":1.0},{"not_picked":["Sword Boomerang","Warcry"],"picked":"Clothesline","floor":2.0},{"not_picked":["Shrug It Off","Rupture"],"picked":"Whirlwind","floor":3.0},{"not_picked":["Cleave","Dual Wield"],"picked":"Uppercut","floor":4.0},{"not_picked":["Havoc","Combust"],"picked":"Inflame","floor":6.0},{"not_picked":["Evolve","Warcry","Havoc"],"picked":"SKIP","floor":7.0},{"not_picked":["Perfected Strike","Thunderclap"],"picked":"Pommel Strike","floor":10},{"not_picked":["Clothesline","Havoc"],"picked":"Carnage","floor":11},{"not_picked":["Clash","Corruption"],"picked":"Headbutt","floor":13},{"not_picked":["Juggernaut","Exhume"],"picked":"Brutality","floor":16},{"not_picked":["Battle Trance","Cleave"],"picked":"Shockwave","floor":17},{"not_picked":["Intimidate","Searing Blow"],"picked":"Headbutt","floor":17},{"not_picked":["Reckless Charge","Clash"],"picked":"Cleave","floor":17},{"not_picked":["Sword Boomerang","Battle Trance"],"picked":"Feed","floor":18},{"not_picked":["True Grit+1","Uppercut"],"picked":"Heavy Blade","floor":22}],"player_experience":135599,"relics_obtained":[{"floor":6.0,"key":"Tiny Chest"},{"floor":13,"key":"Paper Frog"},{"floor":19,"key":"War Paint"}],"event_choices":[{"damage_healed":0.0,"max_hp_gain":0.0,"max_hp_loss":0.0,"gold_gain":0.0,"event_name":"Shining Light","player_choice":"Entered Light","floor":5.0,"gold_loss":0.0,"damage_taken":16.0,"cards_upgraded":["Uppercut","Strike_R"]},{"damage_healed":0,"gold_gain":0,"cards_transformed":["Strike_R"],"player_choice":"Transformed","damage_taken":0,"max_hp_gain":0,"max_hp_loss":0,"event_name":"Transmorgrifier","floor":14,"gold_loss":0,"cards_obtained":["Cleave"]},{"damage_healed":0,"gold_gain":0,"player_choice":"Read","damage_taken":0,"max_hp_gain":0,"max_hp_loss":0,"event_name":"The Library","floor":20,"gold_loss":0,"cards_obtained":["Metallicize"]}],"is_beta":false,"boss_relics":[{"not_picked":["Cursed Key","Astrolabe"],"picked":"Orrery"}],"items_purged_floors":[8],"is_endless":false,"potions_floor_spawned":[1,3,11,13,16],"killed_by":"Gremlin Leader","ascension_level":1}