{"gold_per_floor":[118,118,136,64,14,14,32,48,127,127,74,74,92,112,112,243,243,264,288,213,82,103,103,116,129,129,129,49,49,49,68,68,189,189,212,212,236,236,198,198,213,213,213,213,62,62,78,78,78,78],"floor_reached":50,"playtime":2101,"items_purged":[],"score":673,"play_id":"43a42118-41a5-462e-bbfb-de15d78b53c8","local_time":"20180829040115","is_ascension_mode":true,"campfire_choices":[{"data":"Zap","floor":6,"key":"SMITH"},{"data":"Defragment","floor":12,"key":"SMITH"},{"floor":15,"key":"REST"},{"floor":23,"key":"REST"},{"floor":27,"key":"REST"},{"floor":32,"key":"REST"},{"data":"BootSequence","floor":40,"key":"SMITH"},{"floor":42,"key":"REST"},{"floor":44,"key":"REST"},{"floor":46,"key":"REST"},{"floor":49,"key":"REST"}],"neow_cost":"NONE","seed_source_timestamp":443658154994561,"circlet_count":0,"master_deck":["Zap+1","Dualcast+1","AscendersBane","FTL+1","Loop+1","Go for the Eyes+1","Compile Driver+1","Darkness+1","Cold Snap+1","Scrape+1","Defragment+1","Conserve Battery+1","Echo Form+1","Conserve Battery+1","Conserve Battery+1","Steam+1","Scrape+1","Defragment+1","Steam+1","Echo Form+1","BootSequence+1","BootSequence+1","Conserve Battery+1","Parasite","Glacier+1","Glacier+1"],"relics":["Pandora\u0027s Box","Golden Idol","Mercury Hourglass","Nuclear Battery","Bottled Tornado","MutagenicStrength","Cursed Key","Mark of the Bloom","Ginger","Strawberry"],"potions_floor_usage":[19,24,24,33,33,37,37],"damage_taken":[{"damage":7,"enemies":"2 Louse","floor":1,"turns":2},{"damage":16,"enemies":"Jaw Worm","floor":3,"turns":3},{"damage":0,"enemies":"Cultist","floor":7,"turns":3},{"damage":9,"enemies":"Blue Slaver","floor":8,"turns":2},{"damage":20,"enemies":"3 Louse","floor":13,"turns":2},{"damage":6,"enemies":"Large Slime","floor":14,"turns":4},{"damage":13,"enemies":"Hexaghost","floor":16,"turns":5},{"damage":12,"enemies":"Chosen","floor":18,"turns":4},{"damage":12,"enemies":"2 Thieves","floor":19,"turns":4},{"damage":1,"enemies":"Centurion and Healer","floor":22,"turns":6},{"damage":5,"enemies":"Shelled Parasite and Fungi","floor":24,"turns":4},{"damage":5,"enemies":"Snecko","floor":25,"turns":5},{"damage":18,"enemies":"Chosen and Byrds","floor":31,"turns":4},{"damage":18,"enemies":"Collector","floor":33,"turns":8},{"damage":14,"enemies":"Flame Bruiser 1 Orb","floor":35,"turns":4},{"damage":8,"enemies":"3 Shapes","floor":37,"turns":3},{"damage":11,"enemies":"Spire Growth","floor":41,"turns":4},{"damage":10,"enemies":"Maw","floor":47,"turns":5},{"damage":24,"enemies":"Awakened One","floor":50,"turns":3}],"seed_played":"4374389292626438648","potions_obtained":[{"floor":1,"key":"EssenceOfSteel"},{"floor":3,"key":"SkillPotion"},{"floor":7,"key":"AttackPotion"},{"floor":24,"key":"EssenceOfSteel"},{"floor":31,"key":"Regen Potion"},{"floor":33,"key":"Strength Potion"},{"floor":35,"key":"PowerPotion"},{"floor":47,"key":"AttackPotion"}],"is_trial":false,"path_per_floor":["M","?","M","$","?","R","M","M","T","?","$","R","M","M","R","B",null,"M","M","?","$","M","R","M","M","T","R","$","?","?","M","R","B",null,"M","?","M","?","$","R","M","R","T","R","$","R","M","?","R"],"character_chosen":"DEFECT","items_purchased":["Scrape","Conserve Battery","Steam","Scrape","Defragment","BootSequence","Strawberry"],"campfire_rested":8,"item_purchase_floors":[4,11,21,21,28,39,45],"current_hp_per_floor":[61,61,45,45,45,45,45,36,36,41,41,41,21,15,35,22,57,45,33,33,33,32,52,47,42,42,62,62,62,62,44,64,61,67,53,53,45,45,45,45,34,34,34,34,34,34,24,24,24,0],"gold":78,"neow_bonus":"BOSS_RELIC","is_prod":false,"is_daily":false,"chose_seed":false,"campfire_upgraded":3,"win_rate":0,"timestamp":1535508075,"path_taken":["M","?","M","?","?","R","M","M","T","?","$","R","M","M","R","BOSS","M","M","?","$","M","R","M","M","T","R","$","?","?","M","R","BOSS","M","?","M","?","$","R","M","R","T","R","$","R","M","?","R","BOSS"],"build_version":"2018-08-23v2","purchased_purges":0,"victory":false,"max_hp_per_floor":[75,69,69,69,69,69,69,69,69,69,69,69,69,69,69,69,69,69,69,69,69,69,69,69,69,69,69,69,69,69,69,69,69,69,69,69,69,69,69,69,69,69,69,69,76,76,76,76,76,76],"card_choices":[{"not_picked":["Ball Lightning","Redo","Doom and Gloom"],"picked":"SKIP","floor":1},{"not_picked":["Static Discharge","Cold Snap","Sweeping Beam"],"picked":"SKIP","floor":3},{"not_picked":["Static Discharge","Sweeping Beam"],"picked":"Cold Snap","floor":3},{"not_picked":["Sweeping Beam","Redo"],"picked":"Defragment","floor":7},{"not_picked":["Compile Driver","Hello World","Beam Cell"],"picked":"SKIP","floor":8},{"not_picked":["Steam","Compile Driver","Coolheaded"],"picked":"SKIP","floor":13},{"not_picked":["Tempest","Stack","Leap"],"picked":"SKIP","floor":14},{"not_picked":["Hyperbeam","Electrodynamics"],"picked":"Echo Form","floor":16},{"not_picked":["Sunder","Streamline+1"],"picked":"Conserve Battery+1","floor":18},{"not_picked":["White Noise","Rip and Tear"],"picked":"Conserve Battery","floor":19},{"not_picked":["Barrage","Sunder","Blizzard"],"picked":"SKIP","floor":22},{"not_picked":["Leap+1","Sweeping Beam","Static Discharge"],"picked":"SKIP","floor":24},{"not_picked":["Doom and Gloom","Sweeping Beam+1","Reprogram+1"],"picked":"SKIP","floor":25},{"not_picked":["Ball Lightning","Heatsinks"],"picked":"Steam+1","floor":31},{"not_picked":["Rainbow","Machine Learning"],"picked":"Echo Form","floor":33},{"not_picked":["Consume","Compile Driver+1"],"picked":"BootSequence+1","floor":35},{"not_picked":["Sweeping Beam","Leap+1","Redo+1"],"picked":"SKIP","floor":37},{"not_picked":["Genetic Algorithm","Blizzard+1"],"picked":"Conserve Battery+1","floor":41},{"not_picked":["BootSequence","Rebound"],"picked":"Glacier+1","floor":47}],"player_experience":565326,"relics_obtained":[{"floor":9,"key":"Mercury Hourglass"},{"floor":26,"key":"Bottled Tornado"},{"floor":43,"key":"Ginger"}],"event_choices":[{"event_name":"Golden Idol","player_choice":"Lose Max HP","floor":2,"damage_taken":0},{"event_name":"The Cleric","player_choice":"Card Removal","floor":5,"damage_taken":0},{"event_name":"Bonfire Elementals","player_choice":"COMMON","floor":10,"damage_taken":0},{"event_name":"Beggar","player_choice":"Gave Gold","floor":20,"damage_taken":0},{"event_name":"Drug Dealer","player_choice":"Inject Mutagens","floor":29,"damage_taken":0},{"event_name":"The Mausoleum","player_choice":"No","floor":30,"damage_taken":0},{"event_name":"MindBloom","player_choice":"Upgrade","floor":36,"damage_taken":0},{"event_name":"Tomb of Lord Red Mask","player_choice":"Ignored","floor":38,"damage_taken":0},{"event_name":"Duplicator","player_choice":"One dupe","floor":48,"damage_taken":0}],"is_beta":false,"boss_relics":[{"not_picked":["Calling Bell","Ectoplasm"],"picked":"Nuclear Battery"},{"not_picked":["Astrolabe","Philosopher\u0027s Stone"],"picked":"Cursed Key"}],"items_purged_floors":[],"is_endless":false,"potions_floor_spawned":[1,3,7,13,24,31,33,35,47],"killed_by":"Awakened One","ascension_level":10}