{"gold_per_floor":[112,112,112,132,132,166,166,196,222,222,240,254,254,264,264,340,340,358,358,329,329],"floor_reached":21,"playtime":638,"items_purged":[],"score":428,"play_id":"d1cf333c-de45-4866-994c-268e4879cef2","local_time":"20190423131539","is_ascension_mode":true,"campfire_choices":[{"data":"Bash","floor":7,"key":"SMITH"},{"data":"Uppercut","floor":13,"key":"SMITH"},{"data":"Disarm","floor":15,"key":"SMITH"}],"neow_cost":"NONE","seed_source_timestamp":278748189143647,"circlet_count":0,"master_deck":["AscendersBane","Strike_R","Strike_R","Strike_R","Strike_R+1","Strike_R","Defend_R","Defend_R","Defend_R","Defend_R","Bash+1","Pommel Strike+1","Twin Strike","Cleave","Uppercut+1","Headbutt","Disarm+1","Dark Embrace","Feel No Pain"],"relics":["Burning Blood","NeowsBlessing","Pen Nib","Gremlin Horn","Ancient Tea Set","Runic Cube"],"potions_floor_usage":[8,18,21],"damage_taken":[{"damage":0,"enemies":"Small Slimes","floor":1,"turns":1},{"damage":0,"enemies":"Jaw Worm","floor":4,"turns":1},{"damage":0,"enemies":"Lagavulin","floor":6,"turns":1},{"damage":32,"enemies":"Gremlin Nob","floor":8,"turns":4},{"damage":3,"enemies":"2 Louse","floor":11,"turns":2},{"damage":13,"enemies":"Large Slime","floor":12,"turns":5},{"damage":11,"enemies":"3 Louse","floor":14,"turns":2},{"damage":42,"enemies":"The Guardian","floor":16,"turns":9},{"damage":6,"enemies":"Chosen","floor":18,"turns":5},{"damage":22,"enemies":"2 Thieves","floor":20,"turns":4},{"damage":28,"enemies":"Colosseum Slavers","floor":21,"turns":5},{"damage":17,"enemies":"Colosseum Nobs","floor":21,"turns":3}],"seed_played":"-6331530946899013413","potions_obtained":[{"floor":4,"key":"AttackPotion"},{"floor":6,"key":"Dexterity Potion"},{"floor":11,"key":"Dexterity Potion"},{"floor":18,"key":"PowerPotion"}],"is_trial":false,"path_per_floor":["M","?","?","M","?","E","R","E","T","?","M","M","R","M","R","B",null,"M","$","M","?"],"character_chosen":"IRONCLAD","items_purchased":[],"campfire_rested":0,"item_purchase_floors":[],"current_hp_per_floor":[74,74,74,75,52,58,58,32,32,57,60,53,53,48,48,12,59,59,59,43,4],"gold":329,"neow_bonus":"THREE_ENEMY_KILL","is_prod":false,"is_daily":false,"chose_seed":false,"campfire_upgraded":3,"win_rate":0,"timestamp":1556039739,"path_taken":["M","?","?","M","?","E","R","E","T","?","M","M","R","M","R","BOSS","M","$","M","?"],"build_version":"2019-01-23","purchased_purges":0,"victory":false,"max_hp_per_floor":[75,75,75,75,75,75,75,75,75,75,75,75,75,75,75,75,75,75,75,75,75],"card_choices":[{"not_picked":["Power Through","Anger"],"picked":"Pommel Strike","floor":1},{"not_picked":["Seeing Red","Pommel Strike"],"picked":"Twin Strike","floor":4},{"not_picked":["True Grit","Evolve","Thunderclap"],"picked":"SKIP","floor":6},{"not_picked":["Sword Boomerang","Body Slam"],"picked":"Cleave","floor":8},{"not_picked":["Thunderclap","Second Wind"],"picked":"Uppercut","floor":11},{"not_picked":["Seeing Red","Sword Boomerang"],"picked":"Headbutt","floor":12},{"not_picked":["Iron Wave","Twin Strike"],"picked":"Disarm","floor":14},{"not_picked":["Barricade","Exhume"],"picked":"Dark Embrace","floor":16},{"not_picked":["True Grit","Wild Strike"],"picked":"Feel No Pain","floor":18},{"not_picked":["Twin Strike","Clothesline","Thunderclap"],"picked":"SKIP","floor":20}],"player_experience":925165,"relics_obtained":[{"floor":6,"key":"Pen Nib"},{"floor":8,"key":"Gremlin Horn"},{"floor":9,"key":"Ancient Tea Set"}],"event_choices":[{"damage_healed":0,"gold_gain":0,"player_choice":"Leave","damage_taken":0,"max_hp_gain":0,"max_hp_loss":0,"event_name":"The Cleric","floor":2,"gold_loss":0},{"damage_healed":0,"gold_gain":0,"player_choice":"Fled","damage_taken":0,"max_hp_gain":0,"max_hp_loss":0,"event_name":"Scrap Ooze","floor":3,"gold_loss":0},{"damage_healed":0,"gold_gain":0,"player_choice":"Entered Light","damage_taken":23,"max_hp_gain":0,"max_hp_loss":0,"event_name":"Shining Light","floor":5,"gold_loss":0,"cards_upgraded":["Pommel Strike","Strike_R"]},{"damage_healed":25,"gold_gain":0,"player_choice":"Banana","damage_taken":0,"max_hp_gain":0,"max_hp_loss":0,"event_name":"Big Fish","floor":10,"gold_loss":0},{"damage_healed":0,"gold_gain":0,"player_choice":"Fight","damage_taken":0,"max_hp_gain":0,"max_hp_loss":0,"event_name":"Colosseum","floor":21,"gold_loss":0},{"damage_healed":0,"gold_gain":0,"player_choice":"Fought Nobs","damage_taken":0,"max_hp_gain":0,"max_hp_loss":0,"event_name":"Colosseum","floor":21,"gold_loss":0}],"is_beta":false,"boss_relics":[{"not_picked":["Sozu","Runic Pyramid"],"picked":"Runic Cube"}],"items_purged_floors":[],"is_endless":false,"potions_floor_spawned":[4,6,11,18,21],"killed_by":"Colosseum Nobs","ascension_level":20}