{"gold_per_floor":[110,110,123,141,158,158,158,158,158,170,202,202,202,225,225,318,318,292,292,306,322,195,239,252,69,69,69,87,87,87,105,105,198,198,218,93,93,118,179,179,179,179,179,179,213,213,213,248,248,248,248,248,248,2,40,40],"floor_reached":56,"playtime":2668,"items_purged":["Strike_B","Strike_B","Strike_B","Defend_B"],"score":2146,"play_id":"b5313af5-a7ab-46e2-ac02-db1ecfeadaf4","local_time":"20190506231919","is_ascension_mode":true,"campfire_choices":[{"data":"Zap","floor":6.0,"key":"SMITH"},{"data":"Dualcast","floor":8.0,"key":"SMITH"},{"floor":13.0,"key":"REST"},{"data":"Darkness","floor":15.0,"key":"SMITH"},{"floor":27.0,"key":"REST"},{"data":"Heatsinks","floor":29.0,"key":"SMITH"},{"data":"Coolheaded","floor":32.0,"key":"SMITH"},{"data":"Fission","floor":41.0,"key":"SMITH"},{"data":"Redo","floor":44.0,"key":"SMITH"},{"data":"Turbo","floor":46.0,"key":"SMITH"},{"floor":49.0,"key":"RECALL"},{"data":"Hologram","floor":53.0,"key":"SMITH"}],"neow_cost":"NONE","seed_source_timestamp":0,"circlet_count":0,"master_deck":["AscendersBane","Defend_B","Defend_B","Zap+1","Dualcast+1","Turbo+1","Heatsinks+1","Glacier","Darkness+1","Redo+1","Defragment+1","Hologram+1","Cold Snap","Coolheaded+1","Self Repair","Double Energy+1","Amplify+1","Core Surge+1","Skim+1","Fission+1","Glacier","Skim+1"],"special_seed":0,"relics":["Runic Pyramid","Bottled Flame","Juzu Bracelet","Golden Idol","Busted Crown","Mummified Hand","Emotion Chip","Astrolabe","Ginger","Meat on the Bone","Gremlin Horn","Symbiotic Virus"],"potions_floor_usage":[56],"damage_taken":[{"damage":6.0,"enemies":"2 Louse","floor":1.0,"turns":3.0},{"damage":0.0,"enemies":"Small Slimes","floor":3.0,"turns":2.0},{"damage":7.0,"enemies":"Jaw Worm","floor":4.0,"turns":3.0},{"damage":12.0,"enemies":"Looter","floor":5.0,"turns":3.0},{"damage":13.0,"enemies":"Red Slaver","floor":10.0,"turns":3.0},{"damage":36.0,"enemies":"Gremlin Nob","floor":11.0,"turns":4.0},{"damage":8.0,"enemies":"Blue Slaver","floor":14.0,"turns":4.0},{"damage":0.0,"enemies":"The Guardian","floor":16.0,"turns":9.0},{"damage":17.0,"enemies":"2 Thieves","floor":18.0,"turns":4.0},{"damage":2.0,"enemies":"Chosen","floor":20.0,"turns":5.0},{"damage":19.0,"enemies":"3 Cultists","floor":21.0,"turns":5.0},{"damage":32.0,"enemies":"Book of Stabbing","floor":23.0,"turns":5.0},{"damage":0.0,"enemies":"Shelled Parasite and Fungi","floor":24.0,"turns":5.0},{"damage":6.0,"enemies":"Centurion and Healer","floor":28.0,"turns":8.0},{"damage":11.0,"enemies":"Colosseum Slavers","floor":30.0,"turns":5.0},{"damage":0.0,"enemies":"Snake Plant","floor":31.0,"turns":5.0},{"damage":32.0,"enemies":"Automaton","floor":33.0,"turns":10.0},{"damage":20.0,"enemies":"3 Shapes","floor":35.0,"turns":3.0},{"damage":0.0,"enemies":"Orb Walker","floor":38.0,"turns":2.0},{"damage":29.0,"enemies":"2 Orb Walkers","floor":39.0,"turns":5.0},{"damage":0.0,"enemies":"Giant Head","floor":45.0,"turns":8.0},{"damage":0.0,"enemies":"Reptomancer","floor":48.0,"turns":4.0},{"damage":0.0,"enemies":"Donu and Deca","floor":50.0,"turns":9.0},{"damage":7.0,"enemies":"Time Eater","floor":51.0,"turns":10.0},{"damage":23.0,"enemies":"Shield and Spear","floor":55.0,"turns":4.0},{"damage":28,"enemies":"The Heart","floor":56,"turns":8}],"seed_played":"-5179344715759290460","potions_obtained":[{"floor":4.0,"key":"Regen Potion"},{"floor":10.0,"key":"FocusPotion"},{"floor":16.0,"key":"AttackPotion"},{"floor":23.0,"key":"AttackPotion"},{"floor":28.0,"key":"Dexterity Potion"},{"floor":35.0,"key":"PowerPotion"},{"floor":39.0,"key":"Block Potion"},{"floor":45.0,"key":"Swift Potion"}],"is_trial":false,"path_per_floor":["M","?","M","M","M","R","?","R","T","M","E","?","R","M","R","B",null,"M","?","M","M","$","E","M","$","T","R","M","R","?","M","R","B",null,"M","$","?","M","?","?","R","?","T","R","E","R","?","E","R","B","B",null,"R","$","E","B"],"character_chosen":"DEFECT","items_purchased":["Hologram","Self Repair","Glacier","Weak Potion"],"campfire_rested":2,"item_purchase_floors":[22,25,54,54],"current_hp_per_floor":[58,58,58,51,39,39,39,39,39,26,2,2,21,13,13,13,51,34,64,62,43,43,11,11,11,11,30,31,31,27,34,34,9,50,30,30,30,44,29,29,29,29,29,29,43,43,43,57,57,64,64,64,64,64,48,20],"gold":40,"neow_bonus":"BOSS_RELIC","is_prod":false,"is_daily":false,"chose_seed":false,"campfire_upgraded":9,"win_rate":0,"timestamp":1557155959,"path_taken":["M","?","M","M","M","R","?","R","T","M","E","?","R","M","R","BOSS","M","?","M","M","$","E","M","$","T","R","M","R","?","M","R","BOSS","M","$","?","M","?","?","R","?","T","R","E","R","?","E","R","BOSS","BOSS","R","$","E","BOSS"],"build_version":"2019-01-23","purchased_purges":4,"victory":false,"max_hp_per_floor":[71,71,71,71,71,71,71,71,71,71,71,64,64,64,64,64,64,64,64,64,64,64,64,64,64,64,64,64,64,64,64,64,64,64,64,64,64,64,64,64,64,64,64,64,64,64,64,64,64,64,64,64,64,64,64,64],"card_choices":[{"not_picked":["Double Energy","Steam"],"picked":"Ball Lightning","floor":1.0},{"not_picked":["Sweeping Beam","Streamline"],"picked":"Beam Cell","floor":3.0},{"not_picked":["Leap","Gash"],"picked":"Turbo","floor":4.0},{"not_picked":["Redo","Compile Driver"],"picked":"Heatsinks","floor":5.0},{"not_picked":["Redo","Streamline","Force Field"],"picked":"SKIP","floor":10.0},{"not_picked":["Conserve Battery","Rip and Tear"],"picked":"Glacier","floor":11.0},{"not_picked":["Streamline","Redo"],"picked":"Darkness","floor":14.0},{"not_picked":["Seek","Amplify"],"picked":"Core Surge","floor":16.0},{"not_picked":["Sweeping Beam"],"picked":"SKIP","floor":18.0},{"not_picked":[],"picked":"Redo","floor":20.0},{"not_picked":[],"picked":"Defragment+1","floor":21.0},{"not_picked":[],"picked":"Cold Snap","floor":23.0},{"not_picked":[],"picked":"Coolheaded","floor":24.0},{"not_picked":["Gash"],"picked":"SKIP","floor":28.0},{"not_picked":["FTL"],"picked":"SKIP","floor":31.0},{"not_picked":[],"picked":"Skim+1","floor":35.0},{"not_picked":["Darkness"],"picked":"SKIP","floor":38.0},{"not_picked":["Stack"],"picked":"SKIP","floor":45.0},{"not_picked":["Conserve Battery"],"picked":"SKIP","floor":48.0},{"not_picked":[],"picked":"Skim+1","floor":55.0}],"player_experience":1569108,"relics_obtained":[{"floor":9.0,"key":"Bottled Flame"},{"floor":11.0,"key":"Juzu Bracelet"},{"floor":23.0,"key":"Mummified Hand"},{"floor":26.0,"key":"Emotion Chip"},{"floor":39.0,"key":"Ginger"},{"floor":45.0,"key":"Meat on the Bone"},{"floor":48.0,"key":"Gremlin Horn"},{"floor":55.0,"key":"Symbiotic Virus"}],"event_choices":[{"damage_healed":0.0,"max_hp_gain":0.0,"max_hp_loss":0.0,"gold_gain":0.0,"event_name":"Liars Game","player_choice":"Ignored","floor":2.0,"gold_loss":0.0,"damage_taken":0.0},{"damage_healed":0.0,"max_hp_gain":0.0,"max_hp_loss":0.0,"gold_gain":0.0,"event_name":"Dead Adventurer","player_choice":"Searched \u00270\u0027 times","floor":7.0,"gold_loss":0.0,"damage_taken":0.0},{"damage_healed":0.0,"max_hp_gain":0.0,"max_hp_loss":7.0,"gold_gain":0.0,"event_name":"Golden Idol","player_choice":"Lose Max HP","floor":12.0,"gold_loss":0.0,"damage_taken":0.0,"relics_obtained":["Golden Idol"]},{"damage_healed":30.0,"max_hp_gain":0.0,"max_hp_loss":0.0,"gold_gain":0.0,"event_name":"Wheel of Change","player_choice":"Full Heal","floor":19.0,"gold_loss":0.0,"damage_taken":0.0},{"damage_healed":0.0,"max_hp_gain":0.0,"max_hp_loss":0.0,"gold_gain":0.0,"event_name":"Colosseum","player_choice":"Fight","floor":30.0,"gold_loss":0.0,"damage_taken":0.0},{"damage_healed":0.0,"max_hp_gain":0.0,"max_hp_loss":0.0,"gold_gain":0.0,"event_name":"Colosseum","player_choice":"Fled From Nobs","floor":30.0,"gold_loss":0.0,"damage_taken":0.0},{"damage_healed":0.0,"max_hp_gain":0.0,"max_hp_loss":0.0,"gold_gain":0.0,"cards_transformed":["Defend_B"],"event_name":"Transmorgrifier","player_choice":"Transformed","floor":37.0,"gold_loss":0.0,"damage_taken":0.0,"cards_obtained":["Fission"]},{"damage_healed":0.0,"max_hp_gain":0.0,"max_hp_loss":0.0,"gold_gain":0.0,"event_name":"Mysterious Sphere","player_choice":"Fight","floor":39.0,"gold_loss":0.0,"damage_taken":0.0},{"cards_removed":["Core Surge"],"damage_healed":0.0,"max_hp_gain":0.0,"max_hp_loss":0.0,"gold_gain":0.0,"event_name":"Falling","player_choice":"Removed Attack","floor":40.0,"gold_loss":0.0,"damage_taken":0.0},{"damage_healed":0.0,"max_hp_gain":0.0,"max_hp_loss":0.0,"gold_gain":0.0,"event_name":"Tomb of Lord Red Mask","player_choice":"Ignored","floor":42.0,"gold_loss":0.0,"damage_taken":0.0},{"damage_healed":0.0,"max_hp_gain":0.0,"max_hp_loss":0.0,"gold_gain":0.0,"event_name":"SensoryStone","player_choice":"Memory 1","floor":47.0,"gold_loss":0.0,"damage_taken":0.0}],"is_beta":false,"boss_relics":[{"not_picked":["Ectoplasm","Velvet Choker"],"picked":"Busted Crown"},{"not_picked":["Nuclear Battery","Tiny House"],"picked":"Astrolabe"}],"items_purged_floors":[22,25,36,54],"is_endless":false,"potions_floor_spawned":[4,10,16,23,28,33,35,39,45],"killed_by":"The Heart","ascension_level":20}