{"gold_per_floor":[113,113,131,20,37,37,54,83,83,83,2,28,53,17,17,116,116,130,80,92,103,103,103,136,136,136,153,173,173,173,186,186,281,281,296,310,325,325],"floor_reached":38,"playtime":1363,"items_purged":["Strike_B"],"score":629,"play_id":"5abfab5f-46f8-4eae-84cc-faaa228ce6f8","local_time":"20190424225740","is_ascension_mode":true,"campfire_choices":[{"data":"Zap","floor":10,"key":"SMITH"},{"floor":15,"key":"REST"},{"floor":23,"key":"REST"},{"floor":30,"key":"REST"},{"data":"Thunder Strike","floor":32,"key":"SMITH"}],"neow_cost":"CURSE","seed_source_timestamp":89646082394700,"circlet_count":0,"master_deck":["AscendersBane","Defend_B","Defend_B","Defend_B","Defend_B","Zap+1","Dualcast","Electrodynamics","Static Discharge","Chill","Auto Shields","Thunder Strike+1","Redo","Machine Learning","Ball Lightning","Capacitor","Glacier","Rebound","Self Repair","Buffer"],"relics":["Cracked Core","Blood Vial","DataDisk","The Courier","Orichalcum","Velvet Choker","Anchor","Bottled Tornado","Singing Bowl","Busted Crown"],"potions_floor_usage":[8,12,12,24,25],"damage_taken":[{"damage":4,"enemies":"Jaw Worm","floor":1,"turns":3},{"damage":0,"enemies":"2 Louse","floor":3,"turns":2},{"damage":1,"enemies":"Cultist","floor":5,"turns":3},{"damage":7,"enemies":"Red Slaver","floor":7,"turns":4},{"damage":13,"enemies":"3 Sentries","floor":8,"turns":4},{"damage":25,"enemies":"Gremlin Nob","floor":12,"turns":3},{"damage":29,"enemies":"Hexaghost","floor":16,"turns":9},{"damage":16,"enemies":"Chosen","floor":18,"turns":5},{"damage":14,"enemies":"Shell Parasite","floor":20,"turns":4},{"damage":22,"enemies":"Snecko","floor":21,"turns":4},{"damage":4,"enemies":"Slavers","floor":24,"turns":4},{"damage":8,"enemies":"Colosseum Slavers","floor":25,"turns":4},{"damage":0,"enemies":"Chosen and Byrds","floor":27,"turns":3},{"damage":12,"enemies":"Snake Plant","floor":28,"turns":4},{"damage":14,"enemies":"Snecko","floor":31,"turns":4},{"damage":31,"enemies":"Automaton","floor":33,"turns":8},{"damage":1,"enemies":"3 Shapes","floor":35,"turns":3},{"damage":4,"enemies":"Orb Walker","floor":36,"turns":4},{"damage":23,"enemies":"3 Darklings","floor":37,"turns":4},{"damage":70,"enemies":"Writhing Mass","floor":38,"turns":5}],"seed_played":"92496881679899125","potions_obtained":[{"floor":1,"key":"SkillPotion"},{"floor":5,"key":"EssenceOfSteel"},{"floor":8,"key":"Strength Potion"},{"floor":16,"key":"Dexterity Potion"},{"floor":20,"key":"FocusPotion"},{"floor":21,"key":"Block Potion"},{"floor":33,"key":"Dexterity Potion"},{"floor":37,"key":"SteroidPotion"}],"is_trial":false,"path_per_floor":["M","?","M","$","M","?","M","E","T","R","$","E","T","$","R","B",null,"M","?","M","M","?","R","E","?","T","M","M","T","R","M","R","B",null,"M","M","M","M"],"character_chosen":"DEFECT","items_purchased":["Static Discharge","Thunder Strike","Redo"],"campfire_rested":3,"item_purchase_floors":[4,11,14],"current_hp_per_floor":[64,64,64,64,63,63,56,43,43,43,43,20,20,20,42,15,60,46,46,34,14,14,36,34,28,28,30,27,27,49,46,46,24,64,74,81,67,0],"gold":325,"neow_bonus":"THREE_RARE_CARDS","is_prod":false,"is_daily":false,"chose_seed":false,"campfire_upgraded":2,"win_rate":0,"timestamp":1556117860,"path_taken":["M","?","M","$","M","?","?","E","T","R","?","E","?","?","R","BOSS","M","?","?","M","?","R","E","?","T","M","M","?","R","M","R","BOSS","M","?","M","?"],"build_version":"2019-01-23","purchased_purges":1,"victory":false,"max_hp_per_floor":[75,75,75,75,75,75,75,75,75,75,75,75,75,75,75,75,75,75,75,75,75,75,75,75,75,75,75,75,75,75,77,77,77,77,79,81,83,83],"card_choices":[{"not_picked":["Amplify","Fission"],"picked":"Electrodynamics","floor":0},{"not_picked":["Consume","Compile Driver","Beam Cell"],"picked":"SKIP","floor":1},{"not_picked":["Leap","Go for the Eyes","Barrage"],"picked":"SKIP","floor":3},{"not_picked":["Stack","Compile Driver","Sweeping Beam"],"picked":"SKIP","floor":5},{"not_picked":["Ball Lightning","Cold Snap"],"picked":"Chill","floor":7},{"not_picked":["Gash","Rebound"],"picked":"Auto Shields","floor":8},{"not_picked":["Creative AI","Lockon","Fusion"],"picked":"SKIP","floor":12},{"not_picked":["All For One","Hyperbeam"],"picked":"Machine Learning","floor":16},{"not_picked":["Coolheaded+1","Chill+1","Cold Snap"],"picked":"SKIP","floor":18},{"not_picked":["Force Field","Cold Snap"],"picked":"Ball Lightning","floor":20},{"not_picked":["Beam Cell","Steam","Streamline"],"picked":"SKIP","floor":21},{"not_picked":["Rebound","Chill","BootSequence+1"],"picked":"SKIP","floor":24},{"not_picked":["Chill","BootSequence+1"],"picked":"Rebound","floor":24},{"not_picked":["Barrage","Rebound"],"picked":"Self Repair","floor":27},{"not_picked":["Rebound+1","Steam","Fission"],"picked":"SKIP","floor":28},{"not_picked":["Cold Snap","Reinforced Body","Steam"],"picked":"Singing Bowl","floor":31},{"not_picked":["Thunder Strike","Reboot"],"picked":"Buffer","floor":33},{"not_picked":["Ball Lightning"],"picked":"Singing Bowl","floor":35},{"not_picked":["Barrage+1"],"picked":"Singing Bowl","floor":36},{"not_picked":["Melter"],"picked":"Singing Bowl","floor":37}],"player_experience":528896,"relics_obtained":[{"floor":8,"key":"Blood Vial"},{"floor":9,"key":"DataDisk"},{"floor":12,"key":"The Courier"},{"floor":13,"key":"Orichalcum"},{"floor":24,"key":"Anchor"},{"floor":26,"key":"Bottled Tornado"},{"floor":29,"key":"Singing Bowl"}],"event_choices":[{"cards_removed":["Regret"],"damage_healed":0,"gold_gain":0,"player_choice":"Forget","damage_taken":0,"max_hp_gain":0,"max_hp_loss":0,"event_name":"Living Wall","floor":2,"gold_loss":0},{"cards_removed":["Strike_B"],"damage_healed":0,"gold_gain":0,"player_choice":"Offered Basic","damage_taken":0,"max_hp_gain":0,"max_hp_loss":0,"event_name":"Bonfire Elementals","floor":6,"gold_loss":0},{"damage_healed":0,"gold_gain":0,"player_choice":"Bet on Murderer","damage_taken":0,"max_hp_gain":0,"max_hp_loss":0,"event_name":"The Joust","floor":19,"gold_loss":50},{"damage_healed":0,"gold_gain":0,"cards_transformed":["Strike_B","Strike_B"],"player_choice":"Became Test Subject","damage_taken":0,"max_hp_gain":0,"max_hp_loss":0,"event_name":"Drug Dealer","floor":22,"gold_loss":0,"cards_obtained":["Capacitor","Glacier"]},{"damage_healed":0,"gold_gain":0,"player_choice":"Fight","damage_taken":0,"max_hp_gain":0,"max_hp_loss":0,"event_name":"Colosseum","floor":25,"gold_loss":0},{"damage_healed":0,"gold_gain":0,"player_choice":"Fled From Nobs","damage_taken":0,"max_hp_gain":0,"max_hp_loss":0,"event_name":"Colosseum","floor":25,"gold_loss":0}],"is_beta":false,"boss_relics":[{"not_picked":["Eternal Feather","Coffee Dripper"],"picked":"Velvet Choker"},{"not_picked":["White Beast Statue","Orrery"],"picked":"Busted Crown"}],"items_purged_floors":[4],"is_endless":false,"potions_floor_spawned":[1,5,8,16,20,21,25,33,37],"killed_by":"Writhing Mass","ascension_level":11}