{"gold_per_floor":[119,130,145,145,161,161,176,176,202,42,54,54,54,72,72,72],"floor_reached":16,"playtime":596,"items_purged":[],"score":94,"play_id":"e16887ef-a9b6-4937-b070-c7bb6b502f82","local_time":"20190309084815","is_ascension_mode":false,"campfire_choices":[{"data":"Dodge and Roll","floor":6,"key":"SMITH"},{"data":"Choke","floor":8,"key":"SMITH"},{"data":"Calculated Gamble","floor":12,"key":"SMITH"},{"data":"Deep Breath","floor":15,"key":"SMITH"}],"neow_cost":"NONE","seed_source_timestamp":659179972984696,"circlet_count":0,"master_deck":["Defend_G","Defend_G","Defend_G","Defend_G","Defend_G","Strike_G","Strike_G","Strike_G","Strike_G","Survivor","Neutralize","Backstab","Accuracy","Expertise","Dodge and Roll+1","Choke+1","Footwork","Deep Breath+1","Calculated Gamble+1","Prepared"],"relics":["Ring of the Snake"],"potions_floor_usage":[7,16],"damage_taken":[{"damage":0,"enemies":"Cultist","floor":1,"turns":4},{"damage":0,"enemies":"Small Slimes","floor":2,"turns":3},{"damage":0,"enemies":"2 Louse","floor":3,"turns":2},{"damage":2,"enemies":"Blue Slaver","floor":5,"turns":5},{"damage":2,"enemies":"Large Slime","floor":7,"turns":13},{"damage":10,"enemies":"Exordium Thugs","floor":11,"turns":4},{"damage":1,"enemies":"2 Fungi Beasts","floor":14,"turns":4},{"damage":64,"enemies":"Hexaghost","floor":16,"turns":16}],"seed_played":"1498079979079735972","potions_obtained":[{"floor":1,"key":"EssenceOfSteel"},{"floor":5,"key":"SkillPotion"},{"floor":7,"key":"Explosive Potion"},{"floor":11,"key":"Poison Potion"}],"is_trial":false,"path_per_floor":["M","M","M","?","M","R","M","R","T","$","M","R","T","M","R","B"],"character_chosen":"THE_SILENT","items_purchased":["Footwork","Deep Breath"],"campfire_rested":0,"item_purchase_floors":[10,10],"current_hp_per_floor":[77,77,77,77,75,75,73,73,73,73,63,63,63,62,62,0],"gold":72,"neow_bonus":"TEN_PERCENT_HP_BONUS","is_prod":false,"is_daily":false,"chose_seed":false,"campfire_upgraded":4,"win_rate":0,"timestamp":1552139295,"path_taken":["M","M","?","?","?","R","M","R","T","$","M","R","?","M","R","BOSS"],"build_version":"2019-01-23","purchased_purges":0,"victory":false,"max_hp_per_floor":[77,77,77,77,77,77,77,77,77,77,77,77,77,77,77,77],"card_choices":[{"not_picked":["Heel Hook","Backflip"],"picked":"Backstab","floor":1},{"not_picked":["All Out Attack","Deadly Poison","Crippling Poison"],"picked":"SKIP","floor":2},{"not_picked":["Sucker Punch","Deadly Poison"],"picked":"Accuracy","floor":3},{"not_picked":["Escape Plan","Bouncing Flask"],"picked":"Dodge and Roll","floor":5},{"not_picked":["Dagger Throw","Deadly Poison"],"picked":"Choke","floor":7},{"not_picked":["Deflect","PiercingWail"],"picked":"Calculated Gamble","floor":11},{"not_picked":["Catalyst","Flying Knee"],"picked":"Prepared","floor":14}],"player_experience":860899,"relics_obtained":[],"event_choices":[{"damage_healed":0,"gold_gain":0,"cards_transformed":["Strike_G"],"player_choice":"Transformed","damage_taken":0,"max_hp_gain":0,"max_hp_loss":0,"event_name":"Transmorgrifier","floor":4,"gold_loss":0,"cards_obtained":["Expertise"]}],"is_beta":false,"boss_relics":[],"items_purged_floors":[],"is_endless":false,"potions_floor_spawned":[1,5,7,11],"killed_by":"Hexaghost","ascension_level":0}