{"gold_per_floor":[113,113,123,137,152,152,184,197,197,212,212,212,39,69,69,166,166,180,197,197,217,234,234,234,247,327,327,131,49,49,63,63,166,166,181,197,98,0,0,0],"floor_reached":40,"playtime":3395,"items_purged":[],"score":422,"play_id":"33cb77a8-9dd7-47f4-bbbf-d963bd10d9c4","local_time":"20190402182730","is_ascension_mode":false,"campfire_choices":[{"floor":6,"key":"RECALL"},{"floor":15,"key":"REST"},{"floor":23,"key":"REST"},{"floor":30,"key":"REST"},{"data":"Static Discharge","floor":32,"key":"SMITH"}],"neow_cost":"NONE","seed_source_timestamp":2244076015485,"circlet_count":0,"master_deck":["Strike_B","Strike_B","Defend_B","Defend_B","Zap","Dualcast","Cold Snap","Static Discharge+1","Conserve Battery","Consume","Fission","Turbo","Self Repair","Darkness","Parasite","Ball Lightning","Coolheaded+1","Fission+1","Storm+1","Hologram+1","Heatsinks+1","Glacier+1","Consume+1","Hologram+1","Chaos+1","Redo+1","Defragment","Enlightenment+1","Lockon","Rainbow+1","Undo+1","Multi-Cast+1","Barrage+1","White Noise+1","Auto Shields+1","Chill+1","Sunder+1","Seek+1","Go for the Eyes","Loop","Coolheaded+1"],"relics":["Cracked Core","Bag of Marbles","Cables","Boot","Toxic Egg 2","Astrolabe","Nilry\u0027s Codex","NlothsMask","Orrery","Red Mask","Spirit Poop"],"potions_floor_usage":[14,16,35,35],"damage_taken":[{"damage":0,"enemies":"Small Slimes","floor":1,"turns":2},{"damage":2,"enemies":"Cultist","floor":3,"turns":4},{"damage":10,"enemies":"Jaw Worm","floor":4,"turns":3},{"damage":0,"enemies":"Large Slime","floor":5,"turns":4},{"damage":31,"enemies":"3 Sentries","floor":7,"turns":9},{"damage":10,"enemies":"Blue Slaver","floor":8,"turns":4},{"damage":24,"enemies":"Gremlin Gang","floor":10,"turns":5},{"damage":24,"enemies":"Lagavulin","floor":14,"turns":6},{"damage":29,"enemies":"The Guardian","floor":16,"turns":9},{"damage":27,"enemies":"Chosen","floor":18,"turns":5},{"damage":18,"enemies":"Spheric Guardian","floor":19,"turns":4},{"damage":8,"enemies":"Chosen and Byrds","floor":21,"turns":4},{"damage":19,"enemies":"Snake Plant","floor":22,"turns":4},{"damage":18,"enemies":"Snecko","floor":25,"turns":4},{"damage":7,"enemies":"Centurion and Healer","floor":31,"turns":10},{"damage":28,"enemies":"Automaton","floor":33,"turns":10},{"damage":20,"enemies":"3 Darklings","floor":35,"turns":4},{"damage":0,"enemies":"3 Shapes","floor":36,"turns":5},{"damage":83,"enemies":"Giant Head","floor":40,"turns":9}],"seed_played":"7962726073598030106","potions_obtained":[{"floor":5,"key":"Ancient Potion"},{"floor":7,"key":"SteroidPotion"},{"floor":8,"key":"Energy Potion"},{"floor":14,"key":"AttackPotion"},{"floor":16,"key":"FearPotion"}],"is_trial":false,"path_per_floor":["M","?","M","M","M","R","E","M","T","M","?","?","$","E","R","B",null,"M","M","?","M","M","R","?","M","T","?","$","$","R","M","R","B",null,"M","M","$","?","?","E"],"character_chosen":"DEFECT","items_purchased":["Boot","Ball Lightning","Defragment","Enlightenment+1","Lockon","Rainbow+1","Loop","Coolheaded+1"],"campfire_rested":3,"item_purchase_floors":[13,13,28,28,28,29,37,37],"current_hp_per_floor":[82,82,80,70,70,70,39,29,29,5,5,25,25,8,32,3,82,62,44,28,27,15,39,39,28,28,55,55,55,79,79,79,51,82,69,76,76,76,76,0],"gold":0,"neow_bonus":"TEN_PERCENT_HP_BONUS","is_prod":false,"is_daily":false,"chose_seed":false,"campfire_upgraded":1,"win_rate":0,"timestamp":1554254850,"path_taken":["M","?","M","M","M","R","E","?","T","M","?","?","?","E","R","BOSS","M","?","?","M","M","R","?","?","T","?","?","$","R","M","R","BOSS","M","M","$","?","?","E"],"build_version":"2019-01-23","purchased_purges":0,"victory":false,"max_hp_per_floor":[82,82,82,82,82,82,82,82,82,82,82,82,82,82,82,82,82,82,82,82,82,82,82,82,82,82,82,82,82,82,82,82,82,82,82,82,82,82,82,82],"card_choices":[{"not_picked":["Go for the Eyes","Leap"],"picked":"Cold Snap","floor":1},{"not_picked":["White Noise","Melter"],"picked":"Static Discharge","floor":3},{"not_picked":["Go for the Eyes","Sweeping Beam"],"picked":"Conserve Battery","floor":4},{"not_picked":["Go for the Eyes","Genetic Algorithm"],"picked":"Consume","floor":5},{"not_picked":["Stack","Coolheaded"],"picked":"Fission","floor":7},{"not_picked":["Sweeping Beam","Coolheaded"],"picked":"Turbo","floor":8},{"not_picked":["Leap","Machine Learning"],"picked":"Self Repair","floor":10},{"not_picked":["Streamline","Gash"],"picked":"Coolheaded","floor":14},{"not_picked":["Machine Learning","Creative AI"],"picked":"Fission+1","floor":16},{"not_picked":["Coolheaded+1","Ball Lightning"],"picked":"Glacier+1","floor":18},{"not_picked":["Auto Shields+1","Leap+1"],"picked":"Consume+1","floor":19},{"not_picked":["Ball Lightning","Steam+1"],"picked":"Hologram+1","floor":21},{"not_picked":["Coolheaded+1","Hologram+1"],"picked":"Chaos+1","floor":22},{"not_picked":["Conserve Battery+1","Static Discharge+1"],"picked":"Redo+1","floor":25},{"not_picked":["Gash","Hologram+1"],"picked":"Undo+1","floor":31},{"not_picked":["Core Surge","All For One"],"picked":"Multi-Cast+1","floor":33},{"not_picked":["Hologram+1","Gash"],"picked":"Barrage+1","floor":34},{"not_picked":["Compile Driver","Conserve Battery+1"],"picked":"White Noise+1","floor":34},{"not_picked":["Steam+1","Self Repair+1"],"picked":"Auto Shields+1","floor":34},{"not_picked":["Barrage","Gash"],"picked":"Chill+1","floor":34},{"not_picked":["Glacier+1","Leap+1"],"picked":"Sunder+1","floor":34},{"not_picked":["Gash","Leap+1"],"picked":"Seek+1","floor":35},{"not_picked":["Steam Power+1","Rebound"],"picked":"Go for the Eyes","floor":36}],"player_experience":467727,"relics_obtained":[{"floor":7,"key":"Bag of Marbles"},{"floor":9,"key":"Cables"},{"floor":14,"key":"Toxic Egg 2"},{"floor":20,"key":"Nilry\u0027s Codex"}],"event_choices":[{"damage_healed":0,"gold_gain":0,"player_choice":"Cursed","damage_taken":0,"max_hp_gain":0,"max_hp_loss":0,"event_name":"Wheel of Change","floor":2,"gold_loss":0,"cards_obtained":["Decay"]},{"damage_healed":0,"gold_gain":0,"cards_transformed":["Strike_B"],"player_choice":"Change","damage_taken":0,"max_hp_gain":0,"max_hp_loss":0,"event_name":"Living Wall","floor":11,"gold_loss":0,"cards_obtained":["Darkness"]},{"damage_healed":20,"gold_gain":0,"player_choice":"Healed and dodged fight","damage_taken":0,"max_hp_gain":0,"max_hp_loss":0,"event_name":"Mushrooms","floor":12,"gold_loss":0,"cards_obtained":["Parasite"]},{"damage_healed":0,"gold_gain":0,"player_choice":"Obtained Book","damage_taken":16,"max_hp_gain":0,"max_hp_loss":0,"event_name":"Cursed Tome","floor":20,"gold_loss":0},{"damage_healed":0,"gold_gain":0,"player_choice":"Trade","damage_taken":0,"relics_obtained":["NlothsMask"],"max_hp_gain":0,"max_hp_loss":0,"event_name":"FaceTrader","floor":24,"gold_loss":0},{"damage_healed":27,"gold_gain":0,"player_choice":"Heal","damage_taken":0,"max_hp_gain":0,"max_hp_loss":0,"event_name":"The Library","floor":27,"gold_loss":0},{"damage_healed":0,"gold_gain":0,"player_choice":"Paid","damage_taken":0,"relics_obtained":["Red Mask"],"max_hp_gain":0,"max_hp_loss":0,"event_name":"Tomb of Lord Red Mask","floor":38,"gold_loss":98},{"cards_removed":["Decay"],"damage_healed":0,"gold_gain":0,"player_choice":"Offered Curse","damage_taken":0,"relics_obtained":["Spirit Poop"],"max_hp_gain":0,"max_hp_loss":0,"event_name":"Bonfire Elementals","floor":39,"gold_loss":0}],"is_beta":false,"boss_relics":[{"not_picked":["Ectoplasm","Busted Crown"],"picked":"Astrolabe"},{"not_picked":["Philosopher\u0027s Stone","Pandora\u0027s Box"],"picked":"Orrery"}],"items_purged_floors":[],"is_endless":false,"potions_floor_spawned":[5,7,8,14,16,18,19,31],"killed_by":"Giant Head","ascension_level":0}