{"path_per_floor":["M","?","$","M","$","M","E","R","T","E","M","$","M","E","R","B",null,"M","?","M","$","M","R","?","R","T","M","M","M","$","M","R"],"character_chosen":"IRONCLAD","items_purchased":["Clash"],"gold_per_floor":[110,110,35,55,6,20,54,54,104,131,146,46,59,94,94,189,189,206,206,226,101,120,120,120,120,120,134,151,164,14,25,25],"floor_reached":33,"campfire_rested":1,"playtime":1772,"current_hp_per_floor":[80,80,80,78,78,80,56,56,56,62,67,67,64,58,58,38,80,80,65,67,67,51,51,51,76,76,86,62,63,63,51,51],"items_purged":["Defend_R","Defend_R","Burning Pact","Defend_R"],"gold":25,"score":334,"play_id":"a350a6f1-91e6-4278-8b4a-0d63cb4a0af9","is_prod":false,"is_daily":false,"is_ascension_mode":true,"campfire_upgraded":4,"path_taken":["M","?","?","M","?","M","E","R","T","E","M","$","M","E","R","BOSS","M","?","M","$","M","R","?","R","T","M","M","M","$","M","R","BOSS"],"build_version":"2018-02-22-PROD2","purchased_purges":4,"victory":false,"master_deck":["Strike_R","Strike_R","Strike_R","Strike_R","Defend_R","Bash+1","Pommel Strike+1","Clash+1","Feed+1"],"max_hp_per_floor":[80,80,80,80,80,80,80,80,80,80,80,80,80,80,80,80,80,80,85,85,85,85,85,85,85,85,89,93,93,93,97,97],"relics":["Burning Blood","Lantern","Art of War","Orichalcum","Letter Opener","Bag of Preparation","Black Star","Mummified Hand"],"card_choices":[{"not_picked":["Iron Wave","Shrug It Off"],"picked":"Pommel Strike"},{"not_picked":["Limit Break","Barricade"],"picked":"Feed"},{"not_picked":["Body Slam","Perfected Strike"],"picked":"Burning Pact"}],"player_experience":126213,"potions_floor_usage":[10,14,22,27,33],"damage_taken":[{"damage":0,"enemies":"Small Slimes","floor":1,"turns":2},{"damage":8,"enemies":"Jaw Worm","floor":4,"turns":3},{"damage":0,"enemies":"Cultist","floor":6,"turns":3},{"damage":30,"enemies":"3 Sentries","floor":7,"turns":9},{"damage":0,"enemies":"Gremlin Nob","floor":10,"turns":3},{"damage":1,"enemies":"Exordium Wildlife","floor":11,"turns":2},{"damage":9,"enemies":"3 Louse","floor":13,"turns":2},{"damage":12,"enemies":"3 Sentries","floor":14,"turns":7},{"damage":26,"enemies":"Slime Boss","floor":16,"turns":8},{"damage":4,"enemies":"Chosen","floor":18,"turns":3},{"damage":4,"enemies":"Spheric Guardian","floor":20,"turns":3},{"damage":22,"enemies":"Centurion and Healer","floor":22,"turns":4},{"damage":0,"enemies":"Cultist and Chosen","floor":27,"turns":5},{"damage":34,"enemies":"Slaver and Parasite","floor":28,"turns":5},{"damage":5,"enemies":"Snecko","floor":29,"turns":3},{"damage":22,"enemies":"Sentry and Sphere","floor":31,"turns":4},{"damage":77,"enemies":"Automaton","floor":33,"turns":6}],"event_choices":[{"event_name":"Living Wall","player_choice":"Forget","floor":2,"damage_taken":0},{"event_name":"Forgotten Altar","player_choice":"Shed Blood","floor":19,"damage_taken":0},{"event_name":"The Mausoleum","player_choice":"No","floor":24,"damage_taken":0}],"boss_relics":[{"not_picked":["Philosopher\u0027s Stone","Cursed Key"],"picked":"Black Star"}],"potions_floor_spawned":[7,10,13,16,18,31],"seed_played":"5293422752230098791","killed_by":"Automaton","ascension_level":1,"is_trial":false}