{"gold_per_floor":[114,134,134,309,79,114,114,114,114,140,158,18,47,59,59,59],"floor_reached":16,"playtime":737,"items_purged":["Doubt"],"score":179,"play_id":"3efa73c3-885b-4a3d-9f7f-84f818843510","local_time":"20190402215637","is_ascension_mode":true,"campfire_choices":[{"data":"Zap","floor":7,"key":"SMITH"},{"data":"Streamline","floor":15,"key":"SMITH"}],"neow_cost":"NONE","seed_source_timestamp":1775292671800884,"circlet_count":0,"master_deck":["Strike_B","Strike_B","Strike_B","Strike_B","Defend_B","Defend_B","Defend_B","Zap+1","Dualcast","Conserve Battery","Gash","Hologram+1","Streamline+1","Double Energy+1","Fission+1","Leap+1","Redo+1"],"relics":["Cracked Core","NeowsBlessing","Orichalcum","Toxic Egg 2","Singing Bowl","Potion Belt","Pocketwatch"],"potions_floor_usage":[13,14],"damage_taken":[{"damage":0,"enemies":"2 Louse","floor":1,"turns":1},{"damage":0,"enemies":"Jaw Worm","floor":2,"turns":1},{"damage":0,"enemies":"Gremlin Nob","floor":6,"turns":1},{"damage":25,"enemies":"Lagavulin","floor":10,"turns":8},{"damage":0,"enemies":"Cultist","floor":11,"turns":2},{"damage":7,"enemies":"Gremlin Nob","floor":13,"turns":3},{"damage":13,"enemies":"Gremlin Gang","floor":14,"turns":4},{"damage":32,"enemies":"Hexaghost","floor":16,"turns":9}],"seed_played":"1829316922072353344","potions_obtained":[{"floor":1,"key":"Strength Potion"},{"floor":13,"key":"FocusPotion"},{"floor":14,"key":"Energy Potion"}],"is_trial":false,"path_per_floor":["M","M","?","?","$","E","R","?","T","E","M","$","E","M","R","B"],"character_chosen":"DEFECT","items_purchased":["Orichalcum","Fission+1"],"campfire_rested":0,"item_purchase_floors":[5,12],"current_hp_per_floor":[75,75,75,75,75,75,75,75,75,50,50,50,43,30,30,0],"gold":59,"neow_bonus":"THREE_ENEMY_KILL","is_prod":false,"is_daily":false,"chose_seed":false,"campfire_upgraded":2,"win_rate":0,"timestamp":1554267397,"path_taken":["M","M","?","?","$","E","R","?","T","E","?","$","E","M","R","BOSS"],"build_version":"2019-01-23","purchased_purges":1,"victory":false,"max_hp_per_floor":[75,75,75,75,75,75,75,75,75,75,75,75,75,75,75,75],"card_choices":[{"not_picked":["Reprogram","Cold Snap"],"picked":"Conserve Battery","floor":1},{"not_picked":["Hologram","Glacier"],"picked":"Gash","floor":2},{"not_picked":["Streamline","Steam"],"picked":"Hologram","floor":6},{"not_picked":["Reinforced Body+1","Doom and Gloom"],"picked":"Streamline","floor":10},{"not_picked":["Tempest+1","Meteor Strike"],"picked":"Double Energy+1","floor":11},{"not_picked":["Conserve Battery+1","Rebound"],"picked":"Leap+1","floor":13},{"not_picked":["Steam+1","Sweeping Beam"],"picked":"Redo+1","floor":14}],"player_experience":499266,"relics_obtained":[{"floor":6,"key":"Toxic Egg 2"},{"floor":9,"key":"Singing Bowl"},{"floor":10,"key":"Potion Belt"},{"floor":13,"key":"Pocketwatch"}],"event_choices":[{"damage_healed":0,"gold_gain":0,"player_choice":"Leave","damage_taken":0,"max_hp_gain":0,"max_hp_loss":0,"event_name":"The Cleric","floor":3,"gold_loss":0},{"damage_healed":0,"gold_gain":175,"player_choice":"AGREE","damage_taken":0,"max_hp_gain":0,"max_hp_loss":0,"event_name":"Liars Game","floor":4,"gold_loss":0,"cards_obtained":["Doubt"]},{"cards_removed":["Defend_B"],"damage_healed":0,"gold_gain":0,"player_choice":"Purged","damage_taken":0,"max_hp_gain":0,"max_hp_loss":0,"event_name":"Purifier","floor":8,"gold_loss":0}],"is_beta":false,"boss_relics":[],"items_purged_floors":[5],"is_endless":false,"potions_floor_spawned":[1,13,14],"killed_by":"Hexaghost","ascension_level":5}