{"gold_per_floor":[119,185,185,200,212,212,212,224,299,299,249,249,10,45,45,150,150],"floor_reached":17,"playtime":458,"items_purged":["Regret","Decay"],"score":207,"play_id":"eb7e0e6b-f7d6-4d82-8bb2-e4ccb62ce118","local_time":"20190403230829","is_ascension_mode":true,"campfire_choices":[{"data":"Static Discharge","floor":7,"key":"SMITH"},{"data":"Zap","floor":12,"key":"SMITH"},{"floor":15,"key":"REST"}],"neow_cost":"NONE","seed_source_timestamp":1866281998178109,"circlet_count":0,"master_deck":["Strike_B","Strike_B","Strike_B","Strike_B","Defend_B","Defend_B","Defend_B","Defend_B","Zap+1","Dualcast","Doom and Gloom","Static Discharge+1","Sweeping Beam","Capacitor","Self Repair","Redo+1","Turbo+1","Ball Lightning","Reboot+1","Electrodynamics"],"relics":["Cracked Core","Smiling Mask","Potion Belt","Toxic Egg 2","Gremlin Horn","FossilizedHelix"],"potions_floor_usage":[8,16],"damage_taken":[{"damage":3,"enemies":"Jaw Worm","floor":1,"turns":4},{"damage":9,"enemies":"2 Louse","floor":4,"turns":3},{"damage":3,"enemies":"Cultist","floor":5,"turns":3},{"damage":0,"enemies":"Lots of Slimes","floor":8,"turns":1},{"damage":20,"enemies":"3 Sentries","floor":14,"turns":5},{"damage":13,"enemies":"Slime Boss","floor":16,"turns":7}],"seed_played":"-3794220729231490413","potions_obtained":[{"floor":1,"key":"Explosive Potion"},{"floor":4,"key":"SneckoOil"},{"floor":14,"key":"FocusPotion"}],"is_trial":false,"path_per_floor":["M","?","?","M","M","T","R","M","T","?","$","R","$","E","R","B",null],"character_chosen":"DEFECT","items_purchased":["Self Repair","Redo+1","Turbo+1","Ball Lightning"],"campfire_rested":1,"item_purchase_floors":[13,13,13,13],"current_hp_per_floor":[65,65,65,56,53,53,53,53,53,53,53,53,53,40,62,56,56],"gold":150,"neow_bonus":"RANDOM_COMMON_RELIC","is_prod":false,"is_daily":false,"chose_seed":false,"campfire_upgraded":2,"win_rate":0,"timestamp":1554358109,"path_taken":["M","?","?","M","M","?","R","M","T","?","$","R","$","E","R","BOSS"],"build_version":"2019-01-23","purchased_purges":2,"victory":false,"max_hp_per_floor":[75,75,75,75,75,75,75,75,75,75,75,75,75,75,75,75,75],"card_choices":[{"not_picked":["Turbo","Stack"],"picked":"Doom and Gloom","floor":1},{"not_picked":["Steam","Blizzard"],"picked":"Static Discharge","floor":4},{"not_picked":["Stack","Undo"],"picked":"Sweeping Beam","floor":5},{"not_picked":["Beam Cell","Compile Driver"],"picked":"Capacitor","floor":8},{"not_picked":["Cold Snap","Streamline"],"picked":"Reboot+1","floor":14},{"not_picked":["Rainbow+1","All For One"],"picked":"Electrodynamics","floor":16}],"player_experience":519831,"relics_obtained":[{"floor":6,"key":"Toxic Egg 2"},{"floor":9,"key":"Gremlin Horn"},{"floor":14,"key":"FossilizedHelix"}],"event_choices":[{"damage_healed":0,"gold_gain":66,"player_choice":"Gained Gold","damage_taken":0,"max_hp_gain":0,"max_hp_loss":0,"event_name":"Golden Wing","floor":2,"gold_loss":0},{"damage_healed":0,"gold_gain":0,"player_choice":"Box","damage_taken":0,"relics_obtained":["Potion Belt"],"max_hp_gain":0,"max_hp_loss":0,"event_name":"Big Fish","floor":3,"gold_loss":0,"cards_obtained":["Regret"]},{"damage_healed":0,"gold_gain":0,"player_choice":"Cursed","damage_taken":0,"max_hp_gain":0,"max_hp_loss":0,"event_name":"Wheel of Change","floor":10,"gold_loss":0,"cards_obtained":["Decay"]}],"is_beta":false,"boss_relics":[],"items_purged_floors":[11,13],"is_endless":false,"potions_floor_spawned":[1,4,14],"ascension_level":7}