{"gold_per_floor":[115,130,155,61,77,90,124,134,134,167,167,167,3,19,19,19],"floor_reached":16,"playtime":418,"items_purged":["Parasite"],"score":274,"play_id":"fa44700e-944d-481b-acbe-18d316829c7a","local_time":"20190421125246","is_ascension_mode":true,"campfire_choices":[{"data":"Sunder","floor":11,"key":"SMITH"},{"data":"Barrage","floor":15,"key":"SMITH"}],"neow_cost":"NONE","seed_source_timestamp":104792057873165,"circlet_count":0,"master_deck":["AscendersBane","Strike_B","Strike_B","Strike_B","Strike_B","Defend_B","Defend_B","Defend_B","Defend_B","Zap+1","Dualcast","Hologram","Rip and Tear","Capacitor","Coolheaded","Barrage+1","Beam Cell","Reboot","Ball Lightning","Sunder+1","Amplify","BootSequence"],"relics":["Cracked Core","Pen Nib","Dodecahedron","Anchor","Ginger"],"potions_floor_usage":[7,7,16],"damage_taken":[{"damage":1,"enemies":"Cultist","floor":1,"turns":3},{"damage":8,"enemies":"Small Slimes","floor":2,"turns":3},{"damage":7,"enemies":"Jaw Worm","floor":5,"turns":2},{"damage":6,"enemies":"Red Slaver","floor":6,"turns":3},{"damage":0,"enemies":"Lagavulin","floor":7,"turns":3},{"damage":11,"enemies":"Looter","floor":8,"turns":2},{"damage":15,"enemies":"3 Sentries","floor":10,"turns":4},{"damage":9,"enemies":"Exordium Thugs","floor":14,"turns":3},{"damage":24,"enemies":"The Guardian","floor":16,"turns":7}],"seed_played":"-3248161936338914596","potions_obtained":[{"floor":2,"key":"Strength Potion"},{"floor":5,"key":"FearPotion"},{"floor":14,"key":"Dexterity Potion"}],"is_trial":false,"path_per_floor":["M","M","T","$","M","M","E","M","T","E","R","?","$","M","R","B"],"character_chosen":"DEFECT","items_purchased":["Capacitor","Coolheaded","Amplify"],"campfire_rested":0,"item_purchase_floors":[4,4,13],"current_hp_per_floor":[63,55,55,55,48,42,42,31,31,16,16,33,33,24,24,0],"gold":19,"neow_bonus":"UPGRADE_CARD","is_prod":false,"is_daily":false,"chose_seed":false,"campfire_upgraded":2,"win_rate":0,"timestamp":1555865566,"path_taken":["M","M","?","$","M","M","E","M","T","E","R","?","?","M","R","BOSS"],"build_version":"2019-01-23","purchased_purges":1,"victory":false,"max_hp_per_floor":[71,71,71,71,71,71,71,71,71,71,71,71,68,68,68,68],"card_choices":[{"not_picked":["Recycle","Steam"],"picked":"Hologram","floor":1},{"not_picked":["Barrage","Streamline"],"picked":"Rip and Tear","floor":2},{"not_picked":["Turbo","Conserve Battery"],"picked":"Barrage","floor":5},{"not_picked":["Stack","Steam"],"picked":"Beam Cell","floor":6},{"not_picked":["Turbo","Rebound"],"picked":"Reboot","floor":7},{"not_picked":["Go for the Eyes","Streamline"],"picked":"Ball Lightning","floor":8},{"not_picked":["Go for the Eyes","Stack"],"picked":"Sunder","floor":10},{"not_picked":["Recycle","Beam Cell"],"picked":"BootSequence","floor":14}],"player_experience":920551,"relics_obtained":[{"floor":3,"key":"Pen Nib"},{"floor":7,"key":"Dodecahedron"},{"floor":9,"key":"Anchor"},{"floor":10,"key":"Ginger"}],"event_choices":[{"damage_healed":17,"gold_gain":0,"player_choice":"Healed and dodged fight","damage_taken":0,"max_hp_gain":0,"max_hp_loss":0,"event_name":"Mushrooms","floor":12,"gold_loss":0,"cards_obtained":["Parasite"]}],"is_beta":false,"boss_relics":[],"items_purged_floors":[13],"is_endless":false,"potions_floor_spawned":[2,5,14],"killed_by":"The Guardian","ascension_level":20}