{"gold_per_floor":[119,130,55,55,6,6,32,107,185,37,37,55,55,69,69,143,143,157,175,7,24,24,24,39,39,39,39,55,82,82,102,102,177,177,190,245,120,120,120,120,132,147,147,91,105,135,135,235,235,235],"floor_reached":51,"playtime":1849,"items_purged":["Strike_R","Defend_R","Rage"],"score":1240,"play_id":"616ba497-5ae8-4670-b25e-32747c4db13c","local_time":"20190304163056","is_ascension_mode":true,"campfire_choices":[{"data":"True Grit","floor":6.0,"key":"SMITH"},{"data":"Body Slam","floor":11.0,"key":"SMITH"},{"data":"Demon Form","floor":13.0,"key":"SMITH"},{"data":"Disarm","floor":15.0,"key":"SMITH"},{"data":"Feel No Pain","floor":23.0,"key":"SMITH"},{"data":"Sword Boomerang","floor":25.0,"key":"SMITH"},{"data":"Flame Barrier","floor":27.0,"key":"SMITH"},{"data":"Impervious","floor":32.0,"key":"SMITH"},{"data":"Double Tap","floor":40.0,"key":"SMITH"},{"floor":47,"key":"RECALL"},{"data":"Pummel","floor":49,"key":"SMITH"}],"neow_cost":"CURSE","seed_source_timestamp":162979126654576,"circlet_count":0,"master_deck":["AscendersBane","Clumsy","Demon Form+1","Pummel+1","True Grit+1","Body Slam+1","Flame Barrier+1","Disarm+1","Double Tap+1","Second Wind","Sword Boomerang+1","Feel No Pain+1","Headbutt+1","Impervious+1","Reaper+1","Parasite","Evolve","Pommel Strike+1"],"special_seed":0,"relics":["Burning Blood","Juzu Bracelet","Meat on the Bone","Empty Cage","Mercury Hourglass","Orichalcum","Cursed Key","FossilizedHelix","The Courier","Whetstone","Turnip"],"potions_floor_usage":[46,46],"damage_taken":[{"damage":1.0,"enemies":"Cultist","floor":1.0,"turns":4.0},{"damage":8.0,"enemies":"Jaw Worm","floor":2.0,"turns":6.0},{"damage":25.0,"enemies":"3 Sentries","floor":7.0,"turns":12.0},{"damage":10.0,"enemies":"Small Slimes","floor":12.0,"turns":4.0},{"damage":8.0,"enemies":"Blue Slaver","floor":14.0,"turns":5.0},{"damage":47.0,"enemies":"Hexaghost","floor":16.0,"turns":13.0},{"damage":11.0,"enemies":"Spheric Guardian","floor":18.0,"turns":4.0},{"damage":12.0,"enemies":"Shell Parasite","floor":19.0,"turns":7.0},{"damage":14.0,"enemies":"Snake Plant","floor":21.0,"turns":7.0},{"damage":23.0,"enemies":"Shelled Parasite and Fungi","floor":24.0,"turns":9.0},{"damage":0.0,"enemies":"Chosen and Byrds","floor":28.0,"turns":8.0},{"damage":15.0,"enemies":"Snake Plant","floor":31.0,"turns":5.0},{"damage":28.0,"enemies":"Automaton","floor":33.0,"turns":8.0},{"damage":8.0,"enemies":"3 Darklings","floor":35.0,"turns":4.0},{"damage":28.0,"enemies":"2 Orb Walkers","floor":36.0,"turns":5.0},{"damage":22.0,"enemies":"3 Shapes","floor":41.0,"turns":6.0},{"damage":12.0,"enemies":"Jaw Worm Horde","floor":42.0,"turns":5.0},{"damage":0.0,"enemies":"Maw","floor":45.0,"turns":9.0},{"damage":50,"enemies":"Reptomancer","floor":46,"turns":6},{"damage":0,"enemies":"Mind Bloom Boss Battle","floor":48,"turns":6},{"damage":39,"enemies":"Time Eater","floor":50,"turns":10}],"seed_played":"-884060172762588100","potions_obtained":[{"floor":1.0,"key":"LiquidBronze"},{"floor":2.0,"key":"Swift Potion"},{"floor":18.0,"key":"FearPotion"},{"floor":21.0,"key":"Energy Potion"},{"floor":31.0,"key":"Block Potion"},{"floor":35.0,"key":"SkillPotion"},{"floor":41.0,"key":"Dexterity Potion"}],"is_trial":false,"path_per_floor":["M","M","?","?","$","R","E","?","T","$","R","M","R","M","R","B",null,"M","M","$","M","?","R","M","R","T","R","M","T","$","M","R","B",null,"M","?","$","?","?","R","M","M","T","$","M","E","R","?","R","B",null],"character_chosen":"IRONCLAD","items_purchased":["AttackPotion","Flame Barrier","Feel No Pain","Evolve"],"campfire_rested":0,"item_purchase_floors":[5,10,20,44],"current_hp_per_floor":[73,71,71,64,64,64,45,34,34,34,34,42,42,52,52,23,62,57,51,51,55,55,55,50,50,50,50,56,56,56,47,47,37,66,75,66,66,66,66,66,75,75,75,75,75,47,47,73,73,57],"gold":235,"neow_bonus":"TRANSFORM_TWO_CARDS","is_prod":false,"is_daily":false,"chose_seed":false,"campfire_upgraded":10,"win_rate":0,"timestamp":1551688256,"path_taken":["M","?","?","?","$","R","E","?","T","?","R","M","R","M","R","BOSS","M","M","$","M","?","R","M","R","T","R","M","?","?","M","R","BOSS","M","?","$","?","?","R","M","M","T","$","M","E","R","?","R","BOSS"],"build_version":"2019-01-23","purchased_purges":3,"victory":true,"max_hp_per_floor":[75,75,75,75,75,75,75,75,75,75,75,75,75,75,75,75,75,75,75,75,75,75,75,75,75,75,75,75,75,75,75,75,75,75,75,75,75,75,75,75,75,75,75,75,75,75,75,75,75,75],"card_choices":[{"not_picked":["Heavy Blade","Sentinel"],"picked":"True Grit","floor":1.0},{"not_picked":["True Grit","Armaments","Corruption"],"picked":"SKIP","floor":2.0},{"not_picked":["Carnage","Infernal Blade"],"picked":"Body Slam","floor":7.0},{"not_picked":["Twin Strike","Iron Wave"],"picked":"Disarm","floor":12.0},{"not_picked":["Combust","Fire Breathing","Pommel Strike"],"picked":"SKIP","floor":14.0},{"not_picked":["Immolate","Bludgeon"],"picked":"Double Tap","floor":16.0},{"not_picked":["Sword Boomerang","Rampage"],"picked":"Second Wind","floor":18.0},{"not_picked":["Iron Wave","Cleave"],"picked":"Sword Boomerang","floor":19.0},{"not_picked":["Flex","Shockwave","Warcry"],"picked":"SKIP","floor":21.0},{"not_picked":["Iron Wave","Rage"],"picked":"Impervious","floor":24.0},{"not_picked":["Inflame","Iron Wave","Dropkick+1"],"picked":"SKIP","floor":28.0},{"not_picked":["Anger","True Grit","Sword Boomerang"],"picked":"SKIP","floor":31.0},{"not_picked":["Demon Form","Juggernaut"],"picked":"Reaper","floor":33.0},{"not_picked":["Second Wind","Ghostly Armor","Clothesline"],"picked":"SKIP","floor":35.0},{"not_picked":["Clash","Perfected Strike","True Grit"],"picked":"SKIP","floor":41.0},{"not_picked":["Havoc","Perfected Strike","Double Tap"],"picked":"SKIP","floor":42.0},{"not_picked":["Shockwave","Sentinel","Corruption"],"picked":"SKIP","floor":45.0},{"not_picked":["True Grit","Second Wind+1"],"picked":"Pommel Strike+1","floor":46}],"player_experience":1103915,"relics_obtained":[{"floor":7.0,"key":"Juzu Bracelet"},{"floor":9.0,"key":"Meat on the Bone"},{"floor":26.0,"key":"Mercury Hourglass"},{"floor":29.0,"key":"Orichalcum"},{"floor":36.0,"key":"FossilizedHelix"},{"floor":43.0,"key":"The Courier"},{"floor":46,"key":"Whetstone"},{"floor":48,"key":"Turnip"}],"event_choices":[{"cards_removed":["Strike_R"],"damage_healed":0.0,"max_hp_gain":0.0,"max_hp_loss":0.0,"gold_gain":0.0,"event_name":"The Cleric","player_choice":"Card Removal","floor":3.0,"gold_loss":75.0,"damage_taken":0.0},{"cards_removed":["Strike_R"],"damage_healed":0.0,"max_hp_gain":0.0,"max_hp_loss":0.0,"gold_gain":0.0,"event_name":"Golden Wing","player_choice":"Card Removal","floor":4.0,"gold_loss":0.0,"damage_taken":7.0},{"damage_healed":0.0,"max_hp_gain":0.0,"max_hp_loss":0.0,"gold_gain":75.0,"event_name":"World of Goop","player_choice":"Gather Gold","floor":8.0,"gold_loss":0.0,"damage_taken":11.0},{"damage_healed":0.0,"max_hp_gain":0.0,"max_hp_loss":0.0,"gold_gain":0.0,"cards_transformed":["Defend_R","Defend_R"],"event_name":"Drug Dealer","player_choice":"Became Test Subject","floor":22.0,"gold_loss":0.0,"damage_taken":0.0,"cards_obtained":["Rage","Headbutt"]},{"damage_healed":0.0,"max_hp_gain":0.0,"max_hp_loss":0.0,"gold_gain":0.0,"event_name":"Mysterious Sphere","player_choice":"Fight","floor":36.0,"gold_loss":0.0,"damage_taken":0.0},{"damage_healed":0.0,"max_hp_gain":0.0,"max_hp_loss":0.0,"gold_gain":0.0,"event_name":"SensoryStone","player_choice":"Memory 1","floor":38.0,"gold_loss":0.0,"damage_taken":0.0},{"damage_healed":0.0,"max_hp_gain":0.0,"max_hp_loss":0.0,"gold_gain":0.0,"event_name":"Tomb of Lord Red Mask","player_choice":"Ignored","floor":39.0,"gold_loss":0.0,"damage_taken":0.0},{"damage_healed":0,"gold_gain":0,"player_choice":"Fight","damage_taken":0,"max_hp_gain":0,"max_hp_loss":0,"event_name":"MindBloom","floor":48,"gold_loss":0}],"is_beta":false,"boss_relics":[{"not_picked":["Calling Bell","Black Blood"],"picked":"Empty Cage"},{"not_picked":["Snecko Eye","Pandora\u0027s Box"],"picked":"Cursed Key"}],"items_purged_floors":[10,20,37],"is_endless":false,"potions_floor_spawned":[1,2,18,21,31,35,41,45],"ascension_level":15}