{"gold_per_floor":[116,116,191,45,57,57,92,112,136,156,156,156,170,203,203,299,299,299,224,204,10,0,0,0,0,0,0,0,0,0,0,0,0,0,0,0,0,0,0,0,0],"floor_reached":41,"playtime":2672,"items_purged":[],"score":465,"play_id":"046f88b7-1f59-4427-b797-a65f73f10119","local_time":"20190506080511","is_ascension_mode":true,"campfire_choices":[{"floor":6,"key":"REST"},{"data":"Undo","floor":11,"key":"SMITH"},{"floor":15,"key":"REST"},{"floor":23,"key":"REST"},{"floor":29,"key":"REST"},{"data":"Static Discharge","floor":32,"key":"SMITH"},{"floor":40,"key":"REST"}],"neow_cost":"NONE","seed_source_timestamp":136192725186500,"circlet_count":0,"master_deck":["Strike_B","Strike_B+1","Strike_B+1","Defend_B","Defend_B","Defend_B","Defend_B","Zap","Dualcast+1","Ball Lightning","Sweeping Beam","Undo+1","Redo","Ball Lightning","Hello World","Static Discharge+1","Seek","Ball Lightning","Reprogram+1","Coolheaded+1","Electrodynamics","Blizzard","Glacier+1","Madness","Madness"],"relics":["Eternal Feather","Happy Flower","Vajra","Bag of Marbles","Bag of Preparation","Ectoplasm","Runic Capacitor","Pear","The Courier","Cables","Tiny House","Prayer Wheel"],"potions_floor_usage":[7,25,33,33,38,39,39,39],"damage_taken":[{"damage":3,"enemies":"Jaw Worm","floor":1,"turns":4},{"damage":2,"enemies":"2 Louse","floor":5,"turns":2},{"damage":16,"enemies":"Lagavulin","floor":7,"turns":5},{"damage":1,"enemies":"Cultist","floor":8,"turns":3},{"damage":1,"enemies":"Exordium Thugs","floor":10,"turns":3},{"damage":0,"enemies":"2 Fungi Beasts","floor":13,"turns":3},{"damage":13,"enemies":"3 Sentries","floor":14,"turns":5},{"damage":26,"enemies":"The Guardian","floor":16,"turns":12},{"damage":20,"enemies":"Shell Parasite","floor":18,"turns":3},{"damage":25,"enemies":"2 Thieves","floor":22,"turns":3},{"damage":39,"enemies":"Gremlin Leader","floor":25,"turns":4},{"damage":0,"enemies":"Chosen and Byrds","floor":27,"turns":4},{"damage":2,"enemies":"Snecko","floor":30,"turns":4},{"damage":47,"enemies":"Automaton","floor":33,"turns":8},{"damage":11,"enemies":"3 Darklings","floor":35,"turns":3},{"damage":11,"enemies":"3 Shapes","floor":37,"turns":6},{"damage":43,"enemies":"Writhing Mass","floor":38,"turns":5},{"damage":5,"enemies":"Mind Bloom Boss Battle","floor":39,"turns":8},{"damage":108,"enemies":"Giant Head","floor":41,"turns":10}],"seed_played":"-5250821437239632938","potions_obtained":[{"floor":5,"key":"SkillPotion"},{"floor":10,"key":"Ancient Potion"},{"floor":18,"key":"GamblersBrew"},{"floor":20,"key":"GamblersBrew"},{"floor":27,"key":"Explosive Potion"},{"floor":30,"key":"Explosive Potion"},{"floor":33,"key":"SkillPotion"},{"floor":34,"key":"FearPotion"},{"floor":37,"key":"Regen Potion"},{"floor":38,"key":"Weak Potion"}],"is_trial":false,"path_per_floor":["M","?","?","$","M","R","E","M","T","M","R","?","M","E","R","B",null,"M","?","?","$","M","R","$","E","T","M","T","R","M","?","R","B",null,"M","?","M","M","?","R","E"],"character_chosen":"DEFECT","items_purchased":["Happy Flower","Runic Capacitor"],"campfire_rested":5,"item_purchase_floors":[4,21],"current_hp_per_floor":[72,57,46,46,44,72,56,55,55,54,63,68,68,55,80,54,80,60,60,60,60,35,68,68,39,39,39,39,78,76,76,88,41,95,84,72,61,30,25,68,0],"gold":0,"neow_bonus":"BOSS_RELIC","is_prod":false,"is_daily":false,"chose_seed":false,"campfire_upgraded":2,"win_rate":0,"timestamp":1557144311,"path_taken":["M","?","?","$","M","R","E","M","T","M","R","?","M","E","R","BOSS","M","?","?","$","M","R","$","E","T","?","?","R","M","?","R","BOSS","M","?","M","M","?","R","E"],"build_version":"2019-01-23","purchased_purges":0,"victory":false,"max_hp_per_floor":[75,75,75,75,75,75,75,75,75,75,75,80,80,80,80,80,80,80,80,80,80,80,80,80,90,90,90,90,90,90,90,90,90,95,95,95,95,95,95,95,95],"card_choices":[{"not_picked":["Beam Cell","Genetic Algorithm"],"picked":"Ball Lightning","floor":1},{"not_picked":["Barrage","Streamline"],"picked":"Sweeping Beam","floor":5},{"not_picked":["Compile Driver","Gash"],"picked":"Undo","floor":7},{"not_picked":["Capacitor","Go for the Eyes"],"picked":"Redo","floor":8},{"not_picked":["FTL","Steam"],"picked":"Ball Lightning","floor":10},{"not_picked":["Beam Cell","Compile Driver"],"picked":"Hello World","floor":13},{"not_picked":["Gash","Genetic Algorithm"],"picked":"Static Discharge","floor":14},{"not_picked":["Amplify","Meteor Strike"],"picked":"Seek","floor":16},{"not_picked":["Static Discharge","Coolheaded+1"],"picked":"Ball Lightning","floor":18},{"not_picked":["Rebound","Ball Lightning"],"picked":"Reprogram+1","floor":22},{"not_picked":["Conserve Battery+1","Chill"],"picked":"Coolheaded+1","floor":25},{"not_picked":["Sweeping Beam+1","Leap+1","Beam Cell"],"picked":"SKIP","floor":27},{"not_picked":["Gash","Coolheaded","Beam Cell"],"picked":"SKIP","floor":30},{"not_picked":["Buffer","Echo Form"],"picked":"Electrodynamics","floor":33},{"not_picked":["Go for the Eyes","Redo"],"picked":"Blizzard","floor":34},{"not_picked":["Melter+1","Go for the Eyes+1"],"picked":"Glacier+1","floor":35},{"not_picked":["Ball Lightning","Compile Driver+1","Barrage"],"picked":"SKIP","floor":37},{"not_picked":["Fission","Go for the Eyes","White Noise"],"picked":"SKIP","floor":38}],"player_experience":103331,"relics_obtained":[{"floor":7,"key":"Vajra"},{"floor":9,"key":"Bag of Marbles"},{"floor":14,"key":"Bag of Preparation"},{"floor":25,"key":"Pear"},{"floor":26,"key":"The Courier"},{"floor":28,"key":"Cables"},{"floor":39,"key":"Prayer Wheel"}],"event_choices":[{"damage_healed":0,"gold_gain":0,"player_choice":"Entered Light","damage_taken":15,"max_hp_gain":0,"max_hp_loss":0,"event_name":"Shining Light","floor":2,"gold_loss":0,"cards_upgraded":["Dualcast","Strike_B"]},{"damage_healed":0,"gold_gain":75,"player_choice":"Gather Gold","damage_taken":11,"max_hp_gain":0,"max_hp_loss":0,"event_name":"World of Goop","floor":3,"gold_loss":0},{"damage_healed":0,"gold_gain":0,"player_choice":"Donut","damage_taken":0,"max_hp_gain":5,"max_hp_loss":0,"event_name":"Big Fish","floor":12,"gold_loss":0},{"cards_removed":["Strike_B"],"damage_healed":0,"gold_gain":0,"player_choice":"Gave Gold","damage_taken":0,"max_hp_gain":0,"max_hp_loss":0,"event_name":"Beggar","floor":19,"gold_loss":75},{"damage_healed":0,"gold_gain":0,"player_choice":"Bought 1 Potion","damage_taken":0,"max_hp_gain":0,"max_hp_loss":0,"event_name":"The Woman in Blue","floor":20,"gold_loss":0},{"damage_healed":0,"gold_gain":0,"player_choice":"Ignored","damage_taken":0,"max_hp_gain":0,"max_hp_loss":0,"event_name":"Ghosts","floor":31,"gold_loss":0},{"damage_healed":0,"gold_gain":0,"player_choice":"Embrace Madness","damage_taken":12,"max_hp_gain":0,"max_hp_loss":0,"event_name":"Winding Halls","floor":36,"gold_loss":0,"cards_obtained":["Madness","Madness"]},{"damage_healed":0,"gold_gain":0,"player_choice":"Fight","damage_taken":0,"max_hp_gain":0,"max_hp_loss":0,"event_name":"MindBloom","floor":39,"gold_loss":0}],"is_beta":false,"boss_relics":[{"not_picked":["Nuclear Battery","Cursed Key"],"picked":"Ectoplasm"},{"not_picked":["Astrolabe","Runic Dome"],"picked":"Tiny House"}],"items_purged_floors":[],"is_endless":false,"potions_floor_spawned":[5,10,18,27,30,33,37,38],"killed_by":"Giant Head","ascension_level":1}