{"gold_per_floor":[118,130,49,49,66,66,12,31,31,48,67,67,7,17,17,89,89,105,105,120,45,45,45,60,77,77,77,77,77,103,103,103,180,180,190,203,203,214,134,164,164,190,229,141,158,189,207,240,240,240,240,240,1,32,32],"floor_reached":56,"playtime":1721,"items_purged":["Strike_R","Bash+1","Defend_R","Defend_R"],"score":2281,"play_id":"58def0bd-5cdc-42ac-b831-037333ec61ef","local_time":"20190303235252","is_ascension_mode":true,"campfire_choices":[{"data":"Body Slam","floor":6.0,"key":"SMITH"},{"data":"Power Through","floor":12.0,"key":"SMITH"},{"data":"True Grit","floor":15.0,"key":"SMITH"},{"data":"Second Wind","floor":23.0,"key":"SMITH"},{"data":"Feel No Pain","floor":29.0,"key":"SMITH"},{"data":"Juggernaut","floor":32.0,"key":"SMITH"},{"data":"Evolve","floor":41,"key":"SMITH"},{"floor":49,"key":"RECALL"},{"data":"Pommel Strike","floor":52,"key":"SMITH"}],"neow_cost":"PERCENT_DAMAGE","seed_source_timestamp":103201566830112,"circlet_count":0,"master_deck":["AscendersBane","Defend_R","Defend_R","Power Through+1","Juggernaut+1","Evolve+1","Body Slam+1","True Grit+1","Second Wind+1","Barricade+1","Feel No Pain+1","Ghostly","Ghostly","Ghostly","Pommel Strike+1","Battle Trance"],"special_seed":0,"relics":["Burning Blood","The Courier","Sozu","PreservedInsect","Red Mask","Empty Cage","Champion Belt","MawBank","Bag of Preparation","Potion Belt","Happy Flower","Self Forming Clay"],"potions_floor_usage":[],"damage_taken":[{"damage":8.0,"enemies":"2 Louse","floor":1.0,"turns":3.0},{"damage":5.0,"enemies":"Cultist","floor":2.0,"turns":4.0},{"damage":0.0,"enemies":"Small Slimes","floor":5.0,"turns":5.0},{"damage":8.0,"enemies":"3 Louse","floor":8.0,"turns":5.0},{"damage":14.0,"enemies":"2 Fungi Beasts","floor":10.0,"turns":5.0},{"damage":18.0,"enemies":"Gremlin Gang","floor":11.0,"turns":5.0},{"damage":8.0,"enemies":"Large Slime","floor":14.0,"turns":6.0},{"damage":3.0,"enemies":"The Guardian","floor":16.0,"turns":9.0},{"damage":41.0,"enemies":"3 Byrds","floor":18.0,"turns":8.0},{"damage":27.0,"enemies":"Shell Parasite","floor":20.0,"turns":7.0},{"damage":2.0,"enemies":"Chosen and Byrds","floor":24.0,"turns":5.0},{"damage":9.0,"enemies":"Centurion and Healer","floor":25.0,"turns":7.0},{"damage":13.0,"enemies":"Masked Bandits","floor":30.0,"turns":6.0},{"damage":11,"enemies":"Automaton","floor":33,"turns":10},{"damage":5,"enemies":"3 Shapes","floor":35,"turns":6},{"damage":1,"enemies":"Orb Walker","floor":36,"turns":4},{"damage":17,"enemies":"Transient","floor":38,"turns":5},{"damage":23,"enemies":"Reptomancer","floor":40,"turns":5},{"damage":0,"enemies":"Giant Head","floor":42,"turns":6},{"damage":0,"enemies":"Jaw Worm Horde","floor":45,"turns":5},{"damage":0,"enemies":"Nemesis","floor":46,"turns":5},{"damage":2,"enemies":"Spire Growth","floor":47,"turns":4},{"damage":0,"enemies":"Giant Head","floor":48,"turns":5},{"damage":0,"enemies":"Time Eater","floor":50,"turns":8},{"damage":9,"enemies":"Shield and Spear","floor":54,"turns":4},{"damage":0,"enemies":"The Heart","floor":55,"turns":6}],"seed_played":"5749900681194050736","potions_obtained":[{"floor":5.0,"key":"SkillPotion"},{"floor":10.0,"key":"SpeedPotion"}],"is_trial":false,"path_per_floor":["M","M","$","?","M","R","$","M","T","M","M","R","$","M","R","B",null,"M","?","M","?","?","R","M","M","T","$","?","R","?","?","R","B",null,"M","M","?","M","$","E","R","E","T","$","M","E","M","E","R","B",null,"R","$","E","B",null],"character_chosen":"IRONCLAD","items_purchased":["Evolve","True Grit","Happy Flower"],"campfire_rested":0,"item_purchase_floors":[3,7,53],"current_hp_per_floor":[62,63,63,63,69,69,69,67,67,59,47,47,47,45,45,48,79,44,44,23,23,23,23,27,24,24,24,24,24,17,17,17,12,36,37,42,42,31,31,14,14,20,20,20,26,32,36,42,42,44,44,44,44,41,44],"gold":32,"neow_bonus":"TWENTY_PERCENT_HP_BONUS","is_prod":false,"is_daily":false,"chose_seed":false,"campfire_upgraded":8,"win_rate":0,"timestamp":1551628372,"path_taken":["M","M","$","?","?","R","$","M","T","M","M","R","$","M","R","BOSS","M","?","M","?","?","R","M","?","T","$","?","R","?","?","R","BOSS","M","M","?","M","?","E","R","E","T","$","M","E","M","E","R","BOSS","R","$","E","BOSS"],"build_version":"2019-01-23","purchased_purges":4,"victory":true,"max_hp_per_floor":[89,89,89,89,89,89,89,89,89,89,89,89,89,89,89,89,89,89,89,89,89,89,89,89,89,89,89,89,89,89,44,44,44,44,44,44,44,44,44,44,44,44,44,44,44,44,44,44,44,44,44,44,44,44,44],"card_choices":[{"not_picked":["Pommel Strike","Anger"],"picked":"Power Through","floor":1.0},{"not_picked":["Anger","Sword Boomerang"],"picked":"Juggernaut","floor":2.0},{"not_picked":["Battle Trance","Warcry"],"picked":"Body Slam","floor":5.0},{"not_picked":["Shockwave","Iron Wave","True Grit"],"picked":"SKIP","floor":8.0},{"not_picked":["Headbutt","Anger","Armaments"],"picked":"SKIP","floor":10.0},{"not_picked":["Rage","Pommel Strike"],"picked":"Second Wind","floor":11.0},{"not_picked":["Heavy Blade","Flame Barrier","Cleave"],"picked":"SKIP","floor":14.0},{"not_picked":["Dark Embrace","Berserk"],"picked":"Barricade","floor":16.0},{"not_picked":["Pommel Strike","Anger","Wild Strike"],"picked":"SKIP","floor":18.0},{"not_picked":["Hemokinesis","Seeing Red","Exhume"],"picked":"SKIP","floor":20.0},{"not_picked":["Warcry","True Grit","Pummel"],"picked":"SKIP","floor":24.0},{"not_picked":["Pommel Strike","Searing Blow+1","Pummel"],"picked":"SKIP","floor":25.0},{"not_picked":["Cleave","Twin Strike","Infernal Blade+1"],"picked":"SKIP","floor":35},{"not_picked":["Clothesline","Body Slam","Pommel Strike+1"],"picked":"SKIP","floor":36},{"not_picked":["Warcry","Clothesline","Perfected Strike+1"],"picked":"SKIP","floor":38},{"not_picked":["Demon Form","Shockwave","Inflame"],"picked":"SKIP","floor":40},{"not_picked":["Twin Strike+1","Whirlwind","Immolate"],"picked":"SKIP","floor":42},{"not_picked":["Heavy Blade+1","Second Wind","Twin Strike+1"],"picked":"SKIP","floor":45},{"not_picked":["Cleave+1","Ghostly Armor"],"picked":"Pommel Strike","floor":46},{"not_picked":["Combust","True Grit","Hemokinesis"],"picked":"SKIP","floor":47},{"not_picked":["Evolve","Bloodletting","Corruption"],"picked":"SKIP","floor":48},{"not_picked":["Pommel Strike+1","Anger"],"picked":"Battle Trance","floor":54}],"player_experience":1096831,"relics_obtained":[{"floor":9.0,"key":"The Courier"},{"floor":26.0,"key":"PreservedInsect"},{"floor":30.0,"key":"Red Mask"},{"floor":40,"key":"Champion Belt"},{"floor":42,"key":"MawBank"},{"floor":46,"key":"Bag of Preparation"},{"floor":48,"key":"Potion Belt"},{"floor":54,"key":"Self Forming Clay"}],"event_choices":[{"cards_removed":["Strike_R"],"damage_healed":0.0,"max_hp_gain":0.0,"max_hp_loss":0.0,"gold_gain":0.0,"event_name":"Bonfire Elementals","player_choice":"Offered Basic","floor":4.0,"gold_loss":0.0,"damage_taken":0.0},{"damage_healed":0.0,"max_hp_gain":0.0,"max_hp_loss":0.0,"gold_gain":0.0,"event_name":"The Library","player_choice":"Read","floor":19.0,"gold_loss":0.0,"damage_taken":0.0,"cards_obtained":["Feel No Pain"]},{"cards_removed":["Strike_R"],"damage_healed":0.0,"max_hp_gain":0.0,"max_hp_loss":0.0,"gold_gain":0.0,"event_name":"Beggar","player_choice":"Gave Gold","floor":21.0,"gold_loss":75.0,"damage_taken":0.0},{"damage_healed":0.0,"max_hp_gain":0.0,"max_hp_loss":0.0,"gold_gain":0.0,"event_name":"Upgrade Shrine","player_choice":"Upgraded","floor":22.0,"gold_loss":0.0,"damage_taken":0.0,"cards_upgraded":["Barricade"]},{"damage_healed":0.0,"max_hp_gain":0.0,"max_hp_loss":0.0,"gold_gain":0.0,"event_name":"Masked Bandits","player_choice":"Fought Bandits","floor":30.0,"gold_loss":0.0,"damage_taken":0.0},{"damage_healed":0.0,"max_hp_gain":0.0,"max_hp_loss":45.0,"gold_gain":0.0,"event_name":"Ghosts","player_choice":"Became a Ghost","floor":31.0,"gold_loss":0.0,"damage_taken":0.0,"cards_obtained":["Ghostly","Ghostly","Ghostly"]},{"damage_healed":0,"gold_gain":0,"player_choice":"Upgraded","damage_taken":0,"max_hp_gain":0,"max_hp_loss":0,"event_name":"Upgrade Shrine","floor":37,"gold_loss":0,"cards_upgraded":["Bash"]}],"is_beta":false,"boss_relics":[{"not_picked":["Cursed Key","Black Blood"],"picked":"Sozu"},{"not_picked":["Lizard Tail","Tiny House"],"picked":"Empty Cage"}],"items_purged_floors":[13,39,44,53],"is_endless":false,"potions_floor_spawned":[5,10,11,16,25,30,40,45,46,47],"ascension_level":15}