{"gold_per_floor":[109,109,120,33,53,53,82,101,101,101,111,111,36,52,52,128,128,145,145,163,175,175,175,200,217,262,262,272,272,272,286,286,359,359,376,387,22,37,54,54,89,89,115,115,115,145,145,159,159,159,159,159,159,34,60,60],"floor_reached":57,"playtime":2600,"items_purged":["Pain","Decay","Ball Lightning"],"score":3178,"play_id":"ca54724a-d07c-4831-948e-46442264ce44","local_time":"20190417192446","is_ascension_mode":true,"campfire_choices":[{"data":"Defragment","floor":6.0,"key":"SMITH"},{"floor":10.0,"key":"REST"},{"data":"Zap","floor":12.0,"key":"SMITH"},{"data":"Dualcast","floor":15.0,"key":"SMITH"},{"data":"Heatsinks","floor":23.0,"key":"SMITH"},{"data":"Fission","floor":30,"key":"SMITH"},{"data":"Fusion","floor":32,"key":"SMITH"},{"data":"Seek","floor":40,"key":"SMITH"},{"floor":49,"key":"RECALL"},{"data":"Ghostly","floor":53,"key":"SMITH"}],"neow_cost":"NONE","seed_source_timestamp":713155220797997,"circlet_count":0,"master_deck":["AscendersBane","Zap+1","Dualcast+1","Seek+1","Defragment+1","Heatsinks+1","Self Repair","Hologram","Skim","Multi-Cast","Tempest","Storm","Creative AI","Genetic Algorithm","All For One","Machine Learning","Leap","Cold Snap","Fission+1","Ghostly+1","Ghostly","Ghostly","Force Field+1","Fusion+1","Buffer","Turbo","Redo+1","Chill+1","Loop","Reinforced Body","Go for the Eyes+1"],"special_seed":0,"relics":["Cracked Core","NeowsBlessing","WarpedTongs","Potion Belt","Blood Vial","Pandora\u0027s Box","Red Mask","DataDisk","Runic Dome","Mummified Hand","Meat on the Bone","Letter Opener","Turnip","Lantern"],"potions_floor_usage":[28,51,51,56,56,56,56,56],"damage_taken":[{"damage":0.0,"enemies":"Cultist","floor":1.0,"turns":1.0},{"damage":0.0,"enemies":"Small Slimes","floor":3.0,"turns":1.0},{"damage":0.0,"enemies":"2 Louse","floor":5.0,"turns":1.0},{"damage":41.0,"enemies":"Gremlin Nob","floor":7.0,"turns":4.0},{"damage":6.0,"enemies":"2 Fungi Beasts","floor":8.0,"turns":3.0},{"damage":14.0,"enemies":"Looter","floor":11.0,"turns":3.0},{"damage":6.0,"enemies":"Exordium Thugs","floor":14.0,"turns":4.0},{"damage":29.0,"enemies":"Hexaghost","floor":16.0,"turns":7.0},{"damage":29.0,"enemies":"3 Byrds","floor":18.0,"turns":3.0},{"damage":0.0,"enemies":"Spheric Guardian","floor":20.0,"turns":2.0},{"damage":22.0,"enemies":"Snecko","floor":21.0,"turns":5.0},{"damage":18.0,"enemies":"Masked Bandits","floor":24.0,"turns":5.0},{"damage":19.0,"enemies":"Snake Plant","floor":25.0,"turns":5.0},{"damage":0,"enemies":"Sentry and Sphere","floor":28,"turns":5},{"damage":15,"enemies":"Snecko","floor":31,"turns":6},{"damage":0,"enemies":"Champ","floor":33,"turns":13},{"damage":5,"enemies":"3 Darklings","floor":35,"turns":5},{"damage":1,"enemies":"3 Shapes","floor":36,"turns":5},{"damage":0,"enemies":"Sphere and 2 Shapes","floor":38,"turns":4},{"damage":0,"enemies":"Spire Growth","floor":39,"turns":3},{"damage":0,"enemies":"Nemesis","floor":41,"turns":5},{"damage":0,"enemies":"Reptomancer","floor":46,"turns":4},{"damage":0,"enemies":"Writhing Mass","floor":48,"turns":3},{"damage":0,"enemies":"Time Eater","floor":50,"turns":9},{"damage":0,"enemies":"Awakened One","floor":51,"turns":9},{"damage":0,"enemies":"Shield and Spear","floor":55,"turns":5},{"damage":10,"enemies":"The Heart","floor":56,"turns":7}],"seed_played":"3463783962832031429","potions_obtained":[{"floor":3.0,"key":"SkillPotion"},{"floor":5.0,"key":"Energy Potion"},{"floor":14.0,"key":"Ancient Potion"},{"floor":16.0,"key":"Regen Potion"},{"floor":18.0,"key":"PowerPotion"},{"floor":19.0,"key":"Fire Potion"},{"floor":21.0,"key":"GamblersBrew"},{"floor":24.0,"key":"Block Potion"},{"floor":28,"key":"Poison Potion"},{"floor":33,"key":"SpeedPotion"},{"floor":36,"key":"EntropicBrew"},{"floor":55,"key":"Block Potion"}],"is_trial":false,"path_per_floor":["M","?","M","$","M","R","E","M","T","R","M","R","$","M","R","B",null,"M","?","M","M","?","R","?","M","T","?","M","?","R","M","R","B",null,"M","M","$","M","M","R","E","$","T","?","$","E","?","M","R","B","B",null,"R","$","E","B",null],"character_chosen":"DEFECT","items_purchased":["Defragment","Mummified Hand"],"campfire_rested":1,"item_purchase_floors":[4,37],"current_hp_per_floor":[64,64,64,64,64,64,23,17,17,38,36,36,36,39,39,19,58,38,38,40,27,27,27,18,1,1,1,27,27,27,21,21,33,35,35,35,35,35,35,35,35,35,35,35,35,35,35,35,35,35,35,35,35,35,35,32],"gold":60,"neow_bonus":"THREE_ENEMY_KILL","is_prod":false,"is_daily":false,"chose_seed":false,"campfire_upgraded":8,"win_rate":0,"timestamp":1555500286,"path_taken":["M","?","?","$","M","R","E","M","T","R","M","R","$","M","R","BOSS","M","?","M","?","?","R","?","M","T","?","M","?","R","M","R","BOSS","M","M","$","M","M","R","E","$","T","?","?","E","?","M","R","BOSS","BOSS","R","$","E","BOSS"],"build_version":"2019-01-23","purchased_purges":3,"victory":true,"max_hp_per_floor":[71,71,71,71,71,71,71,71,71,71,71,71,71,71,71,71,71,71,71,71,71,35,35,35,35,35,35,35,35,35,35,35,35,35,35,35,35,35,35,35,35,35,35,35,35,35,35,35,35,35,35,35,35,35,35,35],"card_choices":[{"not_picked":["Hologram","Steam"],"picked":"Ball Lightning","floor":1.0},{"not_picked":["Steam Power","Gash"],"picked":"Seek","floor":3.0},{"not_picked":["Reinforced Body","Barrage","Blizzard"],"picked":"SKIP","floor":5.0},{"not_picked":["Sunder","Hologram"],"picked":"Heatsinks","floor":7.0},{"not_picked":["Conserve Battery","White Noise"],"picked":"Self Repair","floor":8.0},{"not_picked":["Go for the Eyes","Stack"],"picked":"Hologram","floor":11.0},{"not_picked":["Beam Cell","Redo"],"picked":"Skim","floor":14.0},{"not_picked":["Amplify","Rainbow"],"picked":"Multi-Cast","floor":16.0},{"not_picked":["Reprogram","Ball Lightning"],"picked":"Leap","floor":18.0},{"not_picked":["Conserve Battery","Leap"],"picked":"Cold Snap","floor":20.0},{"not_picked":["Consume","Conserve Battery"],"picked":"Fission","floor":21.0},{"not_picked":["Leap","Redo"],"picked":"Force Field+1","floor":24.0},{"not_picked":["Aggregate","Barrage","Cold Snap"],"picked":"SKIP","floor":25.0},{"not_picked":["Genetic Algorithm","Leap","Beam Cell"],"picked":"SKIP","floor":28},{"not_picked":["Auto Shields","Barrage"],"picked":"Fusion","floor":31},{"not_picked":["All For One","Reboot"],"picked":"Buffer","floor":33},{"not_picked":["Compile Driver+1","Melter"],"picked":"Turbo","floor":35},{"not_picked":["Rip and Tear+1","Steam"],"picked":"Redo+1","floor":36},{"not_picked":["Cold Snap","FTL"],"picked":"Chill+1","floor":38},{"not_picked":["Turbo","Streamline+1"],"picked":"Loop","floor":39},{"not_picked":["Electrodynamics","Reprogram"],"picked":"Reinforced Body","floor":41},{"not_picked":["Ball Lightning","Barrage+1"],"picked":"Go for the Eyes+1","floor":46},{"not_picked":["Sweeping Beam+1","Steam","Streamline"],"picked":"SKIP","floor":48},{"not_picked":["Chill","Redo","Force Field"],"picked":"SKIP","floor":55}],"player_experience":1426569,"relics_obtained":[{"floor":7.0,"key":"Potion Belt"},{"floor":9.0,"key":"Blood Vial"},{"floor":24.0,"key":"Red Mask"},{"floor":26.0,"key":"DataDisk"},{"floor":41,"key":"Meat on the Bone"},{"floor":44,"key":"Letter Opener"},{"floor":46,"key":"Turnip"},{"floor":55,"key":"Lantern"}],"event_choices":[{"damage_healed":0.0,"max_hp_gain":0.0,"max_hp_loss":0.0,"gold_gain":0.0,"event_name":"Accursed Blacksmith","player_choice":"Rummage","floor":2.0,"gold_loss":0.0,"damage_taken":0.0,"relics_obtained":["WarpedTongs"],"cards_obtained":["Pain"]},{"damage_healed":0.0,"max_hp_gain":0.0,"max_hp_loss":0.0,"gold_gain":0.0,"event_name":"Lab","player_choice":"Got Potions","floor":19.0,"gold_loss":0.0,"damage_taken":0.0},{"damage_healed":0.0,"max_hp_gain":0.0,"max_hp_loss":36.0,"gold_gain":0.0,"event_name":"Ghosts","player_choice":"Became a Ghost","floor":22.0,"gold_loss":0.0,"damage_taken":0.0,"cards_obtained":["Ghostly","Ghostly","Ghostly"]},{"damage_healed":0.0,"max_hp_gain":0.0,"max_hp_loss":0.0,"gold_gain":0.0,"event_name":"Masked Bandits","player_choice":"Fought Bandits","floor":24.0,"gold_loss":0.0,"damage_taken":0.0},{"damage_healed":0.0,"max_hp_gain":0.0,"max_hp_loss":0.0,"gold_gain":0.0,"event_name":"Forgotten Altar","player_choice":"Smashed Altar","floor":27.0,"gold_loss":0.0,"damage_taken":0.0,"cards_obtained":["Decay"]},{"cards_removed":["Hello World"],"damage_healed":0,"gold_gain":0,"player_choice":"Elegance","damage_taken":0,"max_hp_gain":0,"max_hp_loss":0,"event_name":"Back to Basics","floor":29,"gold_loss":0},{"damage_healed":0,"gold_gain":0,"player_choice":"Relic","damage_taken":0,"max_hp_gain":0,"max_hp_loss":0,"event_name":"Wheel of Change","floor":44,"gold_loss":0},{"cards_removed":["All For One"],"damage_healed":0,"gold_gain":0,"player_choice":"Removed Attack","damage_taken":0,"max_hp_gain":0,"max_hp_loss":0,"event_name":"Falling","floor":47,"gold_loss":0}],"is_beta":false,"boss_relics":[{"not_picked":["Sozu","Philosopher\u0027s Stone"],"picked":"Pandora\u0027s Box"},{"not_picked":["Snecko Eye","Calling Bell"],"picked":"Runic Dome"}],"items_purged_floors":[13,37,54],"is_endless":false,"potions_floor_spawned":[3,5,14,16,18,21,24,28,33,36,39,41,48,55],"ascension_level":20}