{"gold_per_floor":[113,38,38,49,4,4,14,28,82,157,9,25,25,37,37,37],"floor_reached":16,"playtime":424,"items_purged":["Strike_B","Defend_B"],"score":92,"play_id":"ed2d34fc-137a-4169-bf96-da9acf9ea8c3","local_time":"20180822183334","is_ascension_mode":false,"campfire_choices":[{"data":"Zap","floor":6,"key":"SMITH"},{"floor":15,"key":"REST"}],"neow_cost":"","seed_source_timestamp":246724901634791,"circlet_count":0,"master_deck":["Strike_B","Strike_B","Strike_B","Defend_B","Defend_B","Defend_B","Zap+1","Dualcast","Turbo","Coolheaded"],"relics":["Cracked Core","Art of War","Cables"],"potions_floor_usage":[12,16],"damage_taken":[{"damage":7,"enemies":"Small Slimes","floor":1,"turns":3},{"damage":6,"enemies":"Jaw Worm","floor":4,"turns":3},{"damage":0,"enemies":"Cultist","floor":7,"turns":3},{"damage":29,"enemies":"Gremlin Gang","floor":8,"turns":5},{"damage":0,"enemies":"Exordium Wildlife","floor":12,"turns":2},{"damage":5,"enemies":"2 Fungi Beasts","floor":14,"turns":3},{"damage":48,"enemies":"Slime Boss","floor":16,"turns":14}],"seed_played":"-5566899372269871148","potions_obtained":[{"floor":8,"key":"SkillPotion"},{"floor":14,"key":"Weak Potion"}],"is_trial":false,"path_per_floor":["M","$","?","M","$","R","M","M","T","?","$","M","T","M","R"],"character_chosen":"DEFECT","items_purchased":["Turbo","Coolheaded"],"campfire_rested":1,"item_purchase_floors":[5,11],"current_hp_per_floor":[68,68,73,67,67,67,67,38,38,27,27,27,27,22,46,0],"gold":37,"neow_bonus":"","is_prod":false,"is_daily":false,"chose_seed":false,"campfire_upgraded":1,"win_rate":0,"timestamp":1534934014,"path_taken":["M","$","?","M","?","R","?","M","T","?","?","M","?","M","R","BOSS"],"build_version":"2018-08-16","purchased_purges":2,"victory":false,"max_hp_per_floor":[75,75,80,80,80,80,80,80,80,80,80,80,80,80,80,80],"card_choices":[{"not_picked":["Gash","FTL","Go for the Eyes"],"picked":"SKIP","floor":1},{"not_picked":["Beam Cell","Barrage","Sweeping Beam"],"picked":"SKIP","floor":4},{"not_picked":["Streamline","Hello World","Barrage"],"picked":"SKIP","floor":7},{"not_picked":["Barrage","Gash","Steam"],"picked":"SKIP","floor":8},{"not_picked":["Consume","Sweeping Beam","Steam"],"picked":"SKIP","floor":12},{"not_picked":["Cold Snap","Barrage","Core Surge"],"picked":"SKIP","floor":14}],"player_experience":354542,"relics_obtained":[{"floor":9,"key":"Art of War"},{"floor":13,"key":"Cables"}],"event_choices":[{"event_name":"Big Fish","player_choice":"Donut","floor":3,"damage_taken":0},{"event_name":"World of Goop","player_choice":"Gather Gold","floor":10,"damage_taken":0}],"is_beta":false,"boss_relics":[],"items_purged_floors":[2,11],"is_endless":false,"potions_floor_spawned":[8,14],"killed_by":"Slime Boss","ascension_level":0}