{"gold_per_floor":[210,88,101,101,120,120,146,146,200,228,304,327,1,1,1,74,74,94,19,69,69,86,86,86],"floor_reached":24,"playtime":742,"items_purged":["Strike_G","Strike_G"],"score":427,"play_id":"725c89aa-027f-469b-8f51-4a2a63311a60","local_time":"20190303172922","is_ascension_mode":true,"campfire_choices":[{"data":"Calculated Gamble","floor":6,"key":"SMITH"},{"data":"Reflex","floor":8,"key":"SMITH"},{"data":"Catalyst","floor":15,"key":"SMITH"},{"data":"Concentrate","floor":23,"key":"SMITH"}],"neow_cost":"NONE","seed_source_timestamp":81351166723191,"circlet_count":0,"master_deck":["AscendersBane","Defend_G","Defend_G","Defend_G","Defend_G","Defend_G","Strike_G","Strike_G","Survivor","Neutralize","Concentrate+1","Deadly Poison","Catalyst+1","Calculated Gamble+1","Reflex+1","Noxious Fumes","Acrobatics","Footwork","Burst","Backflip+1"],"relics":["Ring of the Snake","Happy Flower","MawBank","Blood Vial","OrangePellets","Philosopher\u0027s Stone"],"potions_floor_usage":[7,11,12],"damage_taken":[{"damage":2,"enemies":"Cultist","floor":1,"turns":4},{"damage":2,"enemies":"Small Slimes","floor":3,"turns":4},{"damage":0,"enemies":"Jaw Worm","floor":5,"turns":4},{"damage":29,"enemies":"3 Sentries","floor":7,"turns":13},{"damage":0,"enemies":"2 Fungi Beasts","floor":10,"turns":5},{"damage":30,"enemies":"3 Sentries","floor":11,"turns":9},{"damage":2,"enemies":"3 Louse","floor":12,"turns":5},{"damage":0,"enemies":"Hexaghost","floor":16,"turns":9},{"damage":9,"enemies":"Chosen","floor":18,"turns":3},{"damage":7,"enemies":"Spheric Guardian","floor":22,"turns":4},{"damage":53,"enemies":"Slavers","floor":24,"turns":4}],"seed_played":"491841131026793992","potions_obtained":[{"floor":1,"key":"Regen Potion"},{"floor":3,"key":"Strength Potion"},{"floor":5,"key":"Block Potion"},{"floor":11,"key":"GamblersBrew"}],"is_trial":false,"path_per_floor":["M","$","M","?","M","R","E","R","T","M","?","M","$","?","R","B",null,"M","?","?","?","M","R","E"],"character_chosen":"THE_SILENT","items_purchased":["Deadly Poison","OrangePellets","Footwork"],"campfire_rested":0,"item_purchase_floors":[2,13,13],"current_hp_per_floor":[57,57,55,60,60,60,31,31,31,31,1,1,1,18,18,20,58,51,51,51,51,46,46,0],"gold":86,"neow_bonus":"HUNDRED_GOLD","is_prod":false,"is_daily":false,"chose_seed":false,"campfire_upgraded":4,"win_rate":0,"timestamp":1551605362,"path_taken":["M","$","M","?","M","R","E","R","T","M","?","?","$","?","R","BOSS","M","?","?","?","M","R","E"],"build_version":"2019-01-23","purchased_purges":2,"victory":false,"max_hp_per_floor":[66,66,66,71,71,71,71,71,71,71,71,71,71,71,71,71,71,71,68,68,68,68,68,68],"card_choices":[{"not_picked":["Underhanded Strike","Sucker Punch"],"picked":"Concentrate","floor":1},{"not_picked":["Bane","Masterful Stab"],"picked":"Catalyst","floor":3},{"not_picked":["Slice","Accuracy"],"picked":"Calculated Gamble","floor":5},{"not_picked":["Escape Plan","Flying Knee"],"picked":"Reflex","floor":7},{"not_picked":["Deadly Poison","Concentrate"],"picked":"Noxious Fumes","floor":10},{"not_picked":["Cloak And Dagger","Prepared"],"picked":"Acrobatics","floor":11},{"not_picked":["Bane","Heel Hook","Endless Agony"],"picked":"SKIP","floor":12},{"not_picked":["Venomology","Unload"],"picked":"Burst","floor":16},{"not_picked":["Dodge and Roll","Prepared"],"picked":"Backflip+1","floor":18},{"not_picked":["Deflect","Masterful Stab","Sucker Punch"],"picked":"SKIP","floor":22}],"player_experience":1083590,"relics_obtained":[{"floor":7,"key":"Happy Flower"},{"floor":9,"key":"MawBank"},{"floor":11,"key":"Blood Vial"}],"event_choices":[{"damage_healed":0,"gold_gain":0,"player_choice":"Donut","damage_taken":0,"max_hp_gain":5,"max_hp_loss":0,"event_name":"Big Fish","floor":4,"gold_loss":0},{"damage_healed":0,"gold_gain":0,"player_choice":"Searched \u00272\u0027 times","damage_taken":0,"max_hp_gain":0,"max_hp_loss":0,"event_name":"Dead Adventurer","floor":11,"gold_loss":0},{"damage_healed":17,"gold_gain":0,"player_choice":"Healed and dodged fight","damage_taken":0,"max_hp_gain":0,"max_hp_loss":0,"event_name":"Mushrooms","floor":14,"gold_loss":0,"cards_obtained":["Parasite"]},{"cards_removed":["Parasite"],"damage_healed":0,"gold_gain":0,"player_choice":"Gave Gold","damage_taken":0,"max_hp_gain":0,"max_hp_loss":0,"event_name":"Beggar","floor":19,"gold_loss":75},{"damage_healed":0,"gold_gain":50,"player_choice":"Stole From Cult","damage_taken":0,"max_hp_gain":0,"max_hp_loss":0,"event_name":"Nest","floor":20,"gold_loss":0},{"cards_removed":["Strike_G"],"damage_healed":0,"gold_gain":0,"player_choice":"Elegance","damage_taken":0,"max_hp_gain":0,"max_hp_loss":0,"event_name":"Back to Basics","floor":21,"gold_loss":0}],"is_beta":false,"boss_relics":[{"not_picked":["Ring of the Serpent","Black Star"],"picked":"Philosopher\u0027s Stone"}],"items_purged_floors":[2,13],"is_endless":false,"potions_floor_spawned":[1,3,5,11],"killed_by":"Slavers","ascension_level":15}