{"gold_per_floor":[12,12,23,36,36,36,71,71,71,71,134,166,183,216,216,311,311,326,62,32,46,58,58,88,98,98,98,114,139,139,167,167,167],"floor_reached":33,"playtime":2628,"items_purged":[],"score":468,"play_id":"287a70b4-fd1a-4b88-ab35-e03b282aa0e3","local_time":"20190126013830","is_ascension_mode":true,"campfire_choices":[{"data":"Blind","floor":6,"key":"SMITH"},{"floor":8,"key":"REST"},{"data":"Bash","floor":10,"key":"SMITH"},{"floor":15,"key":"REST"},{"floor":23,"key":"REST"},{"floor":27,"key":"REST"},{"floor":30,"key":"REST"},{"floor":32,"key":"REST"}],"neow_cost":"NO_GOLD","seed_source_timestamp":123120765039566,"circlet_count":0,"master_deck":["Strike_R","Strike_R","Strike_R","Strike_R","Strike_R","Defend_R","Defend_R","Defend_R","Defend_R","Bash+1","Flash of Steel","Blind+1","Ghostly Armor","Headbutt","Exhume","Clothesline","Iron Wave","Ghostly Armor","Rampage+1","Headbutt","Berserk","Whirlwind+1","Spot Weakness+1","Power Through","Shrug It Off+1"],"relics":["Burning Blood","Champion Belt","Kunai","Regal Pillow","Oddly Smooth Stone","Smiling Mask","Fusion Hammer","HandDrill","Centennial Puzzle","Singing Bowl","Whetstone","Anchor"],"potions_floor_usage":[11,14,16,24,25,28,29,31,33],"damage_taken":[{"damage":2,"enemies":"Jaw Worm","floor":1,"turns":4},{"damage":0,"enemies":"Cultist","floor":3,"turns":4},{"damage":0,"enemies":"2 Louse","floor":4,"turns":3},{"damage":31,"enemies":"Gremlin Nob","floor":7,"turns":5},{"damage":19,"enemies":"3 Sentries","floor":11,"turns":10},{"damage":26,"enemies":"Lagavulin","floor":12,"turns":10},{"damage":0,"enemies":"Red Slaver","floor":13,"turns":3},{"damage":18,"enemies":"Gremlin Nob","floor":14,"turns":4},{"damage":35,"enemies":"Hexaghost","floor":16,"turns":10},{"damage":27,"enemies":"Spheric Guardian","floor":18,"turns":4},{"damage":5,"enemies":"Shell Parasite","floor":21,"turns":5},{"damage":31,"enemies":"Snecko","floor":22,"turns":8},{"damage":28,"enemies":"Book of Stabbing","floor":24,"turns":6},{"damage":20,"enemies":"Chosen and Byrds","floor":25,"turns":6},{"damage":7,"enemies":"Cultist and Chosen","floor":28,"turns":6},{"damage":21,"enemies":"Slavers","floor":29,"turns":6},{"damage":56,"enemies":"Gremlin Leader","floor":31,"turns":5},{"damage":80,"enemies":"Automaton","floor":33,"turns":10}],"seed_played":"2520231023482915847","potions_obtained":[{"floor":7,"key":"EssenceOfSteel"},{"floor":13,"key":"SteroidPotion"},{"floor":14,"key":"Energy Potion"},{"floor":20,"key":"SpeedPotion"},{"floor":20,"key":"Energy Potion"},{"floor":24,"key":"Poison Potion"},{"floor":25,"key":"AttackPotion"},{"floor":31,"key":"FearPotion"}],"is_trial":false,"path_per_floor":["M","?","M","M","$","R","E","R","T","R","?","E","M","E","R","B",null,"M","$","?","M","M","R","E","M","T","R","M","E","R","E","R","B"],"character_chosen":"IRONCLAD","items_purchased":["HandDrill","LiquidBronze"],"campfire_rested":6,"item_purchase_floors":[19,19],"current_hp_per_floor":[76,76,80,80,80,80,55,79,79,79,66,46,52,40,79,50,73,52,52,52,53,28,67,45,31,31,70,69,56,82,34,74,0],"gold":167,"neow_bonus":"RANDOM_COLORLESS_2","is_prod":false,"is_daily":false,"chose_seed":false,"campfire_upgraded":2,"win_rate":0,"timestamp":1548463110,"path_taken":["M","?","M","?","$","R","E","R","T","R","?","E","M","E","R","BOSS","M","$","?","M","M","R","E","?","T","R","M","E","R","E","R","BOSS"],"build_version":"2019-01-23","purchased_purges":0,"victory":false,"max_hp_per_floor":[80,80,80,80,80,80,80,80,80,80,80,80,80,80,80,80,80,80,80,80,80,80,80,80,80,80,80,80,82,82,84,84,84],"card_choices":[{"not_picked":["Flex","Shockwave"],"picked":"Ghostly Armor","floor":1},{"not_picked":["True Grit","Havoc"],"picked":"Headbutt","floor":3},{"not_picked":["Sentinel","Headbutt"],"picked":"Exhume","floor":4},{"not_picked":["Anger","Sentinel"],"picked":"Clothesline","floor":7},{"not_picked":["Hemokinesis","Evolve"],"picked":"Iron Wave","floor":11},{"not_picked":["Havoc","Armaments"],"picked":"Ghostly Armor","floor":12},{"not_picked":["Feel No Pain","Heavy Blade"],"picked":"Rampage","floor":13},{"not_picked":["Wild Strike","Clash"],"picked":"Headbutt","floor":14},{"not_picked":["Demon Form","Offering"],"picked":"Berserk","floor":16},{"not_picked":["Rupture+1","True Grit"],"picked":"Whirlwind","floor":18},{"not_picked":["Combust+1","Wild Strike","Pummel"],"picked":"SKIP","floor":21},{"not_picked":["Anger","Cleave"],"picked":"Spot Weakness+1","floor":22},{"not_picked":["Anger","Twin Strike"],"picked":"Power Through","floor":24},{"not_picked":["Twin Strike","Sword Boomerang","Cleave"],"picked":"SKIP","floor":25},{"not_picked":["Shockwave","Sword Boomerang"],"picked":"Shrug It Off+1","floor":28},{"not_picked":["Perfected Strike","Evolve","Burning Pact"],"picked":"Singing Bowl","floor":29},{"not_picked":["Headbutt","Hemokinesis","Evolve"],"picked":"Singing Bowl","floor":31}],"player_experience":375423,"relics_obtained":[{"floor":7,"key":"Champion Belt"},{"floor":9,"key":"Kunai"},{"floor":12,"key":"Oddly Smooth Stone"},{"floor":14,"key":"Smiling Mask"},{"floor":24,"key":"Centennial Puzzle"},{"floor":26,"key":"Singing Bowl"},{"floor":29,"key":"Whetstone"},{"floor":31,"key":"Anchor"}],"event_choices":[{"damage_healed":0,"gold_gain":0,"player_choice":"Ignored","damage_taken":0,"max_hp_gain":0,"max_hp_loss":0,"event_name":"Purifier","floor":2,"gold_loss":0},{"damage_healed":0,"gold_gain":0,"player_choice":"Searched \u00273\u0027 times","damage_taken":0,"relics_obtained":["Regal Pillow"],"max_hp_gain":0,"max_hp_loss":0,"event_name":"Dead Adventurer","floor":11,"gold_loss":0},{"damage_healed":0,"gold_gain":0,"player_choice":"Bought 2 Potions","damage_taken":0,"max_hp_gain":0,"max_hp_loss":0,"event_name":"The Woman in Blue","floor":20,"gold_loss":0}],"is_beta":false,"boss_relics":[{"not_picked":["Pandora\u0027s Box","Velvet Choker"],"picked":"Fusion Hammer"}],"items_purged_floors":[],"is_endless":false,"potions_floor_spawned":[7,13,14,21,24,25,31],"killed_by":"Automaton","ascension_level":9}