{"gold_per_floor":[118,118,118,118,138,138,138,49,49,49,49,49,49,63,63,159,159,177,177,197,197,68,92,92,15,83,83,107,130,130],"floor_reached":30,"playtime":831,"items_purged":["Steam Power"],"score":432,"play_id":"28c3a694-fea4-429e-86a0-b5c0cd75c47f","local_time":"20190310004329","is_ascension_mode":true,"campfire_choices":[{"data":"Zap","floor":6.0,"key":"SMITH"},{"data":"Discovery","floor":12.0,"key":"SMITH"},{"data":"Consume","floor":15.0,"key":"SMITH"},{"data":"Coolheaded","floor":24.0,"key":"SMITH"},{"data":"Turbo","floor":27.0,"key":"SMITH"}],"neow_cost":"NONE","seed_source_timestamp":0,"circlet_count":0,"master_deck":["AscendersBane","Zap+1","Dualcast","Consume+1","Sunder","Discovery+1","Glacier","Recycle","Reboot","Tempest","Loop","Skim","Turbo+1","Turbo","Streamline","Hologram","Coolheaded+1","Leap+1","Thunder Strike","Coolheaded","Reinforced Body"],"special_seed":0,"relics":["Cracked Core","Golden Idol","Pandora\u0027s Box","Nloth\u0027s Gift","Bottled Lightning"],"potions_floor_usage":[30],"damage_taken":[{"damage":0.0,"enemies":"Cultist","floor":1.0,"turns":1.0},{"damage":0.0,"enemies":"2 Louse","floor":5.0,"turns":1.0},{"damage":0.0,"enemies":"Jaw Worm","floor":14.0,"turns":1.0},{"damage":38.0,"enemies":"The Guardian","floor":16.0,"turns":15.0},{"damage":3.0,"enemies":"3 Byrds","floor":18.0,"turns":4.0},{"damage":12.0,"enemies":"Chosen","floor":20.0,"turns":3.0},{"damage":10.0,"enemies":"Snake Plant","floor":23.0,"turns":5.0},{"damage":9.0,"enemies":"Centurion and Healer","floor":28.0,"turns":8.0},{"damage":0.0,"enemies":"3 Cultists","floor":29.0,"turns":5.0},{"damage":13,"enemies":"Slavers","floor":30,"turns":6}],"seed_played":"-5459438831790487675","potions_obtained":[{"floor":1.0,"key":"Weak Potion"},{"floor":18.0,"key":"Block Potion"},{"floor":23.0,"key":"Explosive Potion"},{"floor":29.0,"key":"SpeedPotion"}],"is_trial":false,"path_per_floor":["M","$","?","?","M","R","?","$","T","?","$","R","$","M","R","B",null,"M","?","M","?","$","M","R","$","T","R","M","M","E"],"character_chosen":"DEFECT","items_purchased":["Discovery","Coolheaded","Thunder Strike"],"campfire_rested":0,"item_purchase_floors":[8,22,25],"current_hp_per_floor":[64,64,43,43,43,43,43,43,43,43,43,43,43,43,43,5,49,46,46,34,34,34,24,24,24,24,24,15,15,2],"gold":130,"neow_bonus":"THREE_ENEMY_KILL","is_prod":false,"is_daily":false,"chose_seed":true,"campfire_upgraded":5,"win_rate":0,"timestamp":1552149809,"path_taken":["M","?","?","?","?","R","?","$","T","?","$","R","?","?","R","BOSS","M","?","M","?","$","M","R","$","T","R","?","M","E"],"build_version":"2019-01-23","purchased_purges":1,"victory":false,"max_hp_per_floor":[71,71,71,64,64,64,64,64,64,64,64,64,64,64,64,64,64,64,64,64,64,64,64,64,64,64,64,64,64,64],"card_choices":[{"not_picked":["Steam","Go for the Eyes"],"picked":"Consume","floor":1.0},{"not_picked":["Compile Driver","Turbo"],"picked":"Sunder","floor":5.0},{"not_picked":["Genetic Algorithm","Sunder"],"picked":"Recycle","floor":14.0},{"not_picked":["Hyperbeam","Machine Learning"],"picked":"Reboot","floor":16.0},{"not_picked":["Stack","Rebound"],"picked":"Hologram","floor":18.0},{"not_picked":["Hologram","Doom and Gloom","Gash"],"picked":"SKIP","floor":20.0},{"not_picked":["Stack","Gash"],"picked":"Leap+1","floor":23.0},{"not_picked":["Barrage","Turbo"],"picked":"Coolheaded","floor":28.0},{"not_picked":["Beam Cell","Biased Cognition"],"picked":"Reinforced Body","floor":29.0}],"player_experience":1173059,"relics_obtained":[{"floor":26.0,"key":"Bottled Lightning"}],"event_choices":[{"damage_healed":0.0,"max_hp_gain":0.0,"max_hp_loss":0.0,"gold_gain":0.0,"event_name":"Shining Light","player_choice":"Entered Light","floor":3.0,"gold_loss":0.0,"damage_taken":21.0,"cards_upgraded":["Defend_B","Defend_B"]},{"damage_healed":0.0,"max_hp_gain":0.0,"max_hp_loss":7.0,"gold_gain":0.0,"event_name":"Golden Idol","player_choice":"Lose Max HP","floor":4.0,"gold_loss":0.0,"damage_taken":0.0,"relics_obtained":["Golden Idol"]},{"damage_healed":0.0,"max_hp_gain":0.0,"max_hp_loss":0.0,"gold_gain":0.0,"event_name":"Dead Adventurer","player_choice":"Searched \u00270\u0027 times","floor":7.0,"gold_loss":0.0,"damage_taken":0.0},{"damage_healed":0.0,"max_hp_gain":0.0,"max_hp_loss":0.0,"gold_gain":0.0,"cards_transformed":["Strike_B"],"event_name":"Living Wall","player_choice":"Change","floor":10.0,"gold_loss":0.0,"damage_taken":0.0,"cards_obtained":["Glacier"]},{"damage_healed":0.0,"max_hp_gain":0.0,"max_hp_loss":0.0,"gold_gain":0.0,"event_name":"The Mausoleum","player_choice":"Ignored","floor":19.0,"gold_loss":0.0,"damage_taken":0.0},{"damage_healed":0.0,"max_hp_gain":0.0,"max_hp_loss":0.0,"gold_gain":0.0,"event_name":"N\u0027loth","player_choice":"Traded Relic","floor":21.0,"relics_lost":["NeowsBlessing"],"gold_loss":0.0,"damage_taken":0.0,"relics_obtained":["Nloth\u0027s Gift"]}],"is_beta":false,"boss_relics":[{"not_picked":["Runic Pyramid","Busted Crown"],"picked":"Pandora\u0027s Box"}],"items_purged_floors":[22],"is_endless":false,"potions_floor_spawned":[1,18,23,29],"killed_by":"Slavers","ascension_level":20}