{"gold_per_floor":[12,12,262,37,54,86,86,116,139,152,152,152,168,32,32,129,129,145,162,162,178,53,53,53,84,84,0,0,16,16,41,41,145,145,165,165,15,30,40,75,75,94,119,135,135,151,151,162,162,162],"floor_reached":51,"playtime":1805,"items_purged":["Regret","Strike_B","Zap","Defend_B"],"score":1043,"play_id":"9244714b-3fd6-4984-823f-3aed64767902","local_time":"20180711085054","is_ascension_mode":true,"campfire_choices":[{"floor":7,"key":"REST"},{"data":"Coolheaded","floor":11,"key":"SMITH"},{"floor":15,"key":"REST"},{"data":"Defragment","floor":23,"key":"SMITH"},{"floor":28,"key":"REST"},{"floor":32,"key":"REST"},{"data":"Gash","floor":41,"key":"SMITH"},{"data":"Dualcast","floor":49,"key":"SMITH"}],"neow_cost":"NO_GOLD","seed_source_timestamp":251126457834256,"circlet_count":0,"master_deck":["Defend_B","Dualcast+1","Core Surge+1","Coolheaded+1","Gash+1","Gash+1","Defragment+1","Defragment+1","Coolheaded+1","Coolheaded+1","Madness","Madness"],"relics":["Cracked Core","Singing Bowl","Bronze Scales","Centennial Puzzle","Whetstone","Empty Cage","Ornamental Fan","Happy Flower","Ice Cream","Blood Vial","Busted Crown","Matryoshka","Pen Nib","Art of War"],"potions_floor_usage":[8,25,25,33,33,40,50,50],"damage_taken":[{"damage":8,"enemies":"Small Slimes","floor":1,"turns":3},{"damage":5,"enemies":"Jaw Worm","floor":5,"turns":3},{"damage":40,"enemies":"Lagavulin","floor":6,"turns":6},{"damage":16,"enemies":"Gremlin Nob","floor":8,"turns":3},{"damage":0,"enemies":"Cultist","floor":10,"turns":3},{"damage":0,"enemies":"Blue Slaver","floor":13,"turns":2},{"damage":30,"enemies":"The Guardian","floor":16,"turns":8},{"damage":6,"enemies":"3 Byrds","floor":18,"turns":3},{"damage":19,"enemies":"2 Thieves","floor":19,"turns":3},{"damage":2,"enemies":"Sentry and Sphere","floor":21,"turns":5},{"damage":26,"enemies":"Slavers","floor":25,"turns":3},{"damage":16,"enemies":"Snake Plant","floor":29,"turns":2},{"damage":23,"enemies":"Gremlin Leader","floor":31,"turns":4},{"damage":10,"enemies":"Automaton","floor":33,"turns":7},{"damage":0,"enemies":"3 Darklings","floor":35,"turns":5},{"damage":0,"enemies":"Orb Walker","floor":38,"turns":4},{"damage":0,"enemies":"Maw","floor":39,"turns":4},{"damage":1,"enemies":"Nemesis","floor":40,"turns":5},{"damage":19,"enemies":"4 Shapes","floor":42,"turns":3},{"damage":8,"enemies":"Sphere and 2 Shapes","floor":44,"turns":3},{"damage":0,"enemies":"3 Darklings","floor":46,"turns":3},{"damage":14,"enemies":"Maw","floor":48,"turns":4},{"damage":0,"enemies":"Time Eater","floor":50,"turns":5}],"seed_played":"-1254965975740152978","potions_obtained":[{"floor":6,"key":"Swift Potion"},{"floor":13,"key":"LiquidBronze"},{"floor":18,"key":"Explosive Potion"},{"floor":25,"key":"Ancient Potion"},{"floor":31,"key":"LiquidBronze"},{"floor":33,"key":"Ancient Potion"},{"floor":38,"key":"EssenceOfSteel"},{"floor":40,"key":"GamblersBrew"},{"floor":44,"key":"Strength Potion"},{"floor":46,"key":"Fire Potion"}],"is_trial":false,"path_per_floor":["M","?","?","$","M","E","R","E","T","M","R","?","M","$","R","B",null,"M","M","?","M","$","R","T","E","T","?","R","M","?","E","R","B",null,"M","?","$","M","M","E","R","M","T","M","?","M","?","M","R","B"],"character_chosen":"DEFECT","items_purchased":["Singing Bowl","Defragment"],"campfire_rested":4,"item_purchase_floors":[4,14],"current_hp_per_floor":[60,65,65,65,62,22,46,32,32,32,32,32,34,34,59,31,74,70,53,53,53,53,53,53,29,29,29,57,41,41,18,46,40,84,88,88,88,92,96,99,99,84,84,80,82,84,70,60,60,62],"gold":162,"neow_bonus":"TRANSFORM_TWO_CARDS","is_prod":false,"is_daily":false,"chose_seed":false,"campfire_upgraded":4,"win_rate":0,"timestamp":1531270254,"path_taken":["M","?","?","$","?","E","R","E","T","M","R","?","M","?","R","BOSS","M","M","?","M","$","R","?","E","T","?","R","?","?","E","R","BOSS","M","?","$","?","M","E","R","M","T","M","?","M","?","M","R","BOSS"],"build_version":"2018-07-05","purchased_purges":4,"victory":true,"max_hp_per_floor":[75,80,80,80,82,82,82,84,84,84,84,84,86,86,86,88,88,90,92,92,94,94,94,94,96,96,96,96,96,96,96,96,98,98,100,100,100,102,104,106,106,108,108,110,112,112,112,114,114,114],"card_choices":[{"not_picked":["Go for the Eyes","Darkness"],"picked":"Coolheaded","floor":1},{"not_picked":["Leap","Melter","Skim"],"picked":"Singing Bowl","floor":5},{"not_picked":["Stack","Tempest"],"picked":"Gash","floor":6},{"not_picked":["Turbo","Force Field","Rip and Tear"],"picked":"Singing Bowl","floor":8},{"not_picked":["Stack","Heatsinks"],"picked":"Gash","floor":10},{"not_picked":["Streamline","Core Surge","Ball Lightning"],"picked":"Singing Bowl","floor":13},{"not_picked":["Electrodynamics","Fission","Multi-Cast"],"picked":"Singing Bowl","floor":16},{"not_picked":["Stack+1","Gash+1","Conserve Battery"],"picked":"Singing Bowl","floor":18},{"not_picked":["Beam Cell","Hello World","Force Field+1"],"picked":"Singing Bowl","floor":19},{"not_picked":["Auto Shields","Self Repair+1","Melter"],"picked":"Singing Bowl","floor":21},{"not_picked":["Buffer","Beam Cell","FTL"],"picked":"Singing Bowl","floor":25},{"not_picked":["Undo+1","Consume"],"picked":"Defragment+1","floor":29},{"not_picked":["Gash","Beam Cell"],"picked":"Coolheaded","floor":31},{"not_picked":["Biased Cognition","Meteor Strike","Multi-Cast"],"picked":"Singing Bowl","floor":33},{"not_picked":["Gash"],"picked":"Singing Bowl","floor":35},{"not_picked":["Sweeping Beam"],"picked":"Singing Bowl","floor":38},{"not_picked":["Steam+1"],"picked":"Singing Bowl","floor":39},{"not_picked":["Conserve Battery+1"],"picked":"Singing Bowl","floor":40},{"not_picked":["BootSequence"],"picked":"Singing Bowl","floor":42},{"not_picked":["Ball Lightning+1"],"picked":"Singing Bowl","floor":44},{"not_picked":["Blind"],"picked":"Singing Bowl","floor":45},{"not_picked":[],"picked":"Coolheaded+1","floor":46},{"not_picked":["Redo"],"picked":"Singing Bowl","floor":48}],"player_experience":285026,"relics_obtained":[{"floor":6,"key":"Bronze Scales"},{"floor":8,"key":"Centennial Puzzle"},{"floor":9,"key":"Whetstone"},{"floor":24,"key":"Ornamental Fan"},{"floor":25,"key":"Happy Flower"},{"floor":26,"key":"Ice Cream"},{"floor":31,"key":"Blood Vial"},{"floor":40,"key":"Matryoshka"},{"floor":43,"key":"Pen Nib"},{"floor":43,"key":"Art of War"}],"event_choices":[{"event_name":"Big Fish","player_choice":"Donut","floor":2,"damage_taken":0},{"event_name":"Golden Shrine","player_choice":"Desecrate","floor":3,"damage_taken":0},{"event_name":"Living Wall","player_choice":"Forget","floor":12,"damage_taken":0},{"event_name":"Back to Basics","player_choice":"Elegance","floor":20,"damage_taken":0},{"event_name":"Masked Bandits","player_choice":"Paid Bandits 84 gold","floor":27,"damage_taken":0},{"event_name":"Addict","player_choice":"Ignored","floor":30,"damage_taken":0},{"event_name":"Upgrade Shrine","player_choice":"Upgraded","floor":36,"damage_taken":0},{"event_name":"SensoryStone","player_choice":"Memory 1","floor":45,"damage_taken":0},{"event_name":"Winding Halls","player_choice":"Embrace Madness","floor":47,"damage_taken":0}],"boss_relics":[{"not_picked":["Inserter","Coffee Dripper"],"picked":"Empty Cage"},{"not_picked":["Orrery","Eternal Feather"],"picked":"Busted Crown"}],"items_purged_floors":[4,14,22,37],"is_endless":false,"potions_floor_spawned":[6,13,18,25,31,33,38,40,44,46],"ascension_level":6}