{"gold_per_floor":[114,39,57,70,87,87,115,128,128,144,158,170,170,29,29,124,124,139,89,101,114,114,143,143,143],"floor_reached":25,"playtime":1236,"items_purged":["Strike_R","Defend_R"],"score":318,"play_id":"84373d1e-8e45-4ef2-930e-030b9ebf5f8d","local_time":"20190417215324","is_ascension_mode":true,"campfire_choices":[{"data":"Rage","floor":6,"key":"SMITH"},{"floor":15,"key":"REST"},{"data":"Flame Barrier","floor":24,"key":"SMITH"}],"neow_cost":"NONE","seed_source_timestamp":566328834838400,"circlet_count":0,"master_deck":["Strike_R","Strike_R","Strike_R","Strike_R","Defend_R","Defend_R","Bash","Barricade","Ghostly Armor","Rage+1","Shrug It Off","Seeing Red","Headbutt","Clash","Flame Barrier+1","Offering","Body Slam+1"],"relics":["Burning Blood","Paper Frog","The Courier","Busted Crown","Thread and Needle"],"potions_floor_usage":[7,16,16,16],"damage_taken":[{"damage":6,"enemies":"Cultist","floor":1,"turns":3},{"damage":10,"enemies":"2 Louse","floor":3,"turns":5},{"damage":5,"enemies":"Small Slimes","floor":4,"turns":4},{"damage":9,"enemies":"3 Louse","floor":5,"turns":5},{"damage":40,"enemies":"Lagavulin","floor":7,"turns":11},{"damage":8,"enemies":"2 Fungi Beasts","floor":8,"turns":7},{"damage":8,"enemies":"Blue Slaver","floor":10,"turns":7},{"damage":9,"enemies":"Red Slaver","floor":11,"turns":6},{"damage":7,"enemies":"3 Louse","floor":12,"turns":5},{"damage":48,"enemies":"Slime Boss","floor":16,"turns":21},{"damage":7,"enemies":"Spheric Guardian","floor":18,"turns":6},{"damage":6,"enemies":"3 Byrds","floor":20,"turns":5},{"damage":9,"enemies":"Centurion and Healer","floor":21,"turns":8},{"damage":36,"enemies":"Slavers","floor":23,"turns":9},{"damage":33,"enemies":"Gremlin Leader","floor":25,"turns":6}],"seed_played":"-6762863549885787639","potions_obtained":[{"floor":5,"key":"SteroidPotion"},{"floor":10,"key":"BloodPotion"},{"floor":11,"key":"SteroidPotion"},{"floor":12,"key":"SkillPotion"}],"is_trial":false,"path_per_floor":["M","$","M","M","M","R","E","M","T","M","M","M","?","$","R","B",null,"M","?","M","M","?","E","R","E"],"character_chosen":"IRONCLAD","items_purchased":["Flame Barrier"],"campfire_rested":1,"item_purchase_floors":[14],"current_hp_per_floor":[72,72,68,69,66,66,32,30,30,28,25,24,24,24,48,14,64,63,63,63,60,60,30,30,0],"gold":143,"neow_bonus":"ONE_RANDOM_RARE_CARD","is_prod":false,"is_daily":false,"chose_seed":false,"campfire_upgraded":2,"win_rate":0,"timestamp":1555509204,"path_taken":["M","$","?","M","M","R","E","M","T","M","M","M","?","$","R","BOSS","M","?","?","M","?","E","R","E"],"build_version":"2019-01-23","purchased_purges":2,"victory":false,"max_hp_per_floor":[80,80,80,80,80,80,80,80,80,80,80,80,80,80,80,80,80,80,80,80,80,80,80,80,80],"card_choices":[{"not_picked":["Anger","Warcry"],"picked":"Ghostly Armor","floor":1},{"not_picked":["Dual Wield","Warcry"],"picked":"Rage","floor":3},{"not_picked":["Demon Form","Pommel Strike"],"picked":"Shrug It Off","floor":4},{"not_picked":["Carnage","Thunderclap","Wild Strike"],"picked":"SKIP","floor":5},{"not_picked":["Bloodletting","Searing Blow"],"picked":"Seeing Red","floor":7},{"not_picked":["Clothesline","Flex","Cleave"],"picked":"SKIP","floor":8},{"not_picked":["Evolve","Cleave"],"picked":"Headbutt","floor":10},{"not_picked":["Twin Strike","Cleave","Reckless Charge"],"picked":"SKIP","floor":11},{"not_picked":["Cleave","Feel No Pain"],"picked":"Clash","floor":12},{"not_picked":["Demon Form","Exhume"],"picked":"Offering","floor":16},{"not_picked":["Sword Boomerang"],"picked":"SKIP","floor":18},{"not_picked":[],"picked":"Body Slam","floor":20},{"not_picked":["Reckless Charge"],"picked":"SKIP","floor":21},{"not_picked":["Heavy Blade"],"picked":"SKIP","floor":23}],"player_experience":509054,"relics_obtained":[{"floor":7,"key":"Paper Frog"},{"floor":9,"key":"The Courier"},{"floor":23,"key":"Thread and Needle"}],"event_choices":[{"cards_removed":["Defend_R"],"damage_healed":0,"gold_gain":0,"player_choice":"Forget","damage_taken":0,"max_hp_gain":0,"max_hp_loss":0,"event_name":"Living Wall","floor":13,"gold_loss":0},{"damage_healed":0,"gold_gain":0,"player_choice":"Bet on Murderer","damage_taken":0,"max_hp_gain":0,"max_hp_loss":0,"event_name":"The Joust","floor":19,"gold_loss":50},{"damage_healed":0,"gold_gain":0,"player_choice":"Forge","damage_taken":0,"max_hp_gain":0,"max_hp_loss":0,"event_name":"Accursed Blacksmith","floor":22,"gold_loss":0,"cards_upgraded":["Body Slam"]}],"is_beta":false,"boss_relics":[{"not_picked":["Black Blood","Black Star"],"picked":"Busted Crown"}],"items_purged_floors":[2,14],"is_endless":false,"potions_floor_spawned":[5,10,11,12],"killed_by":"Gremlin Leader","ascension_level":8}