{"gold_per_floor":[111,121,121,140,153,153,153,173,196,225,500,527,527,547,547,651,651,670,688,688,707,724,749,749,766,791,823,840,840],"floor_reached":29,"playtime":1842,"items_purged":[],"score":279,"play_id":"8f1a2287-d155-450a-8323-55bec049c1cd","local_time":"20181230221536","is_ascension_mode":false,"campfire_choices":[{"floor":6,"key":"REST"},{"floor":13,"key":"REST"},{"floor":15,"key":"REST"},{"floor":24,"key":"REST"}],"neow_cost":"NONE","seed_source_timestamp":197988560993703,"circlet_count":0,"master_deck":["Strike_B","Strike_B","Strike_B","Strike_B","Defend_B","Defend_B","Defend_B","Zap","Dualcast","Ball Lightning","White Noise","Melter","Chaos+1","Echo Form","Sweeping Beam","Regret","FTL","Defragment","Meteor Strike","Self Repair","Cold Snap","Chaos+1","Hologram","Storm+1","Seek","Redo","White Noise","Static Discharge"],"relics":["Cracked Core","Orichalcum","Lantern","Bronze Scales","Nunchaku","Fusion Hammer","Blood Vial","War Paint","Centennial Puzzle"],"potions_floor_usage":[12,28,29],"damage_taken":[{"damage":1,"enemies":"Cultist","floor":1,"turns":3},{"damage":6,"enemies":"Jaw Worm","floor":2,"turns":2},{"damage":12,"enemies":"2 Louse","floor":4,"turns":2},{"damage":17,"enemies":"Looter","floor":5,"turns":3},{"damage":7,"enemies":"Gremlin Gang","floor":8,"turns":4},{"damage":19,"enemies":"3 Sentries","floor":10,"turns":5},{"damage":29,"enemies":"Lagavulin","floor":12,"turns":5},{"damage":2,"enemies":"2 Fungi Beasts","floor":14,"turns":2},{"damage":60,"enemies":"The Guardian","floor":16,"turns":7},{"damage":3,"enemies":"Chosen","floor":18,"turns":4},{"damage":13,"enemies":"Shell Parasite","floor":19,"turns":3},{"damage":18,"enemies":"Snecko","floor":21,"turns":4},{"damage":20,"enemies":"Centurion and Healer","floor":22,"turns":7},{"damage":35,"enemies":"Gremlin Leader","floor":23,"turns":6},{"damage":27,"enemies":"Cultist and Chosen","floor":25,"turns":6},{"damage":43,"enemies":"Book of Stabbing","floor":27,"turns":5},{"damage":6,"enemies":"3 Cultists","floor":28,"turns":3},{"damage":49,"enemies":"Slavers","floor":29,"turns":3}],"seed_played":"-2716568553535081312","potions_obtained":[{"floor":1,"key":"LiquidBronze"},{"floor":2,"key":"FairyPotion"},{"floor":4,"key":"Energy Potion"},{"floor":10,"key":"Explosive Potion"},{"floor":12,"key":"Swift Potion"},{"floor":18,"key":"Fire Potion"}],"is_trial":false,"path_per_floor":["M","M","?","M","M","R","?","M","T","E","?","E","R","M","R","B",null,"M","M","?","M","M","E","R","M","T","E","M","E"],"character_chosen":"DEFECT","items_purchased":[],"campfire_rested":4,"item_purchase_floors":[],"current_hp_per_floor":[81,75,75,63,46,70,70,63,63,44,44,15,39,37,61,1,82,79,80,80,69,63,42,66,55,55,28,31,0],"gold":840,"neow_bonus":"TEN_PERCENT_HP_BONUS","is_prod":false,"is_daily":false,"chose_seed":false,"campfire_upgraded":0,"win_rate":0.0,"timestamp":1546236936,"path_taken":["M","?","?","?","M","R","?","M","T","E","?","E","R","M","R","BOSS","M","?","?","M","?","E","R","M","T","E","M","E"],"build_version":"2018-12-20","purchased_purges":0,"victory":false,"max_hp_per_floor":[82,82,82,82,82,82,82,82,82,82,82,82,82,82,82,82,82,82,82,82,82,82,82,82,82,82,82,82,82],"card_choices":[{"not_picked":["Barrage","Streamline"],"picked":"Ball Lightning","floor":1},{"not_picked":["Ball Lightning","Barrage"],"picked":"White Noise","floor":2},{"not_picked":["Beam Cell","Force Field"],"picked":"Melter","floor":4},{"not_picked":["Turbo","Beam Cell"],"picked":"Chaos","floor":5},{"not_picked":["Streamline","Beam Cell"],"picked":"Echo Form","floor":8},{"not_picked":["Go for the Eyes","Conserve Battery"],"picked":"Sweeping Beam","floor":10},{"not_picked":["Compile Driver","Steam"],"picked":"FTL","floor":12},{"not_picked":["Compile Driver","Barrage"],"picked":"Defragment","floor":14},{"not_picked":["Reboot","Amplify"],"picked":"Meteor Strike","floor":16},{"not_picked":["Streamline","Consume"],"picked":"Self Repair","floor":18},{"not_picked":["Ball Lightning","Conserve Battery"],"picked":"Cold Snap","floor":19},{"not_picked":["Barrage","Compile Driver"],"picked":"Hologram","floor":21},{"not_picked":["Tempest","Steam"],"picked":"Storm+1","floor":22},{"not_picked":["Beam Cell","Gash"],"picked":"Seek","floor":23},{"not_picked":["Hologram","Rebound"],"picked":"Redo","floor":25},{"not_picked":["Cold Snap","Scrape+1"],"picked":"White Noise","floor":27},{"not_picked":["BootSequence","Genetic Algorithm"],"picked":"Static Discharge","floor":28}],"player_experience":166102,"relics_obtained":[{"floor":9,"key":"Lantern"},{"floor":10,"key":"Bronze Scales"},{"floor":12,"key":"Nunchaku"},{"floor":23,"key":"Blood Vial"},{"floor":26,"key":"War Paint"},{"floor":27,"key":"Centennial Puzzle"}],"event_choices":[{"cards_removed":["Defend_B"],"damage_healed":0,"gold_gain":0,"player_choice":"Purged","damage_taken":0,"max_hp_gain":0,"max_hp_loss":0,"event_name":"Purifier","floor":3,"gold_loss":0},{"damage_healed":0,"gold_gain":0,"player_choice":"Searched \u00272\u0027 times","damage_taken":0,"relics_obtained":["Orichalcum"],"max_hp_gain":0,"max_hp_loss":0,"event_name":"Dead Adventurer","floor":7,"gold_loss":0},{"damage_healed":0,"gold_gain":275,"player_choice":"Desecrate","damage_taken":0,"max_hp_gain":0,"max_hp_loss":0,"event_name":"Golden Shrine","floor":11,"gold_loss":0,"cards_obtained":["Regret"]},{"damage_healed":0,"gold_gain":0,"player_choice":"Copied","damage_taken":0,"max_hp_gain":0,"max_hp_loss":0,"event_name":"Duplicator","floor":20,"gold_loss":0,"cards_obtained":["Chaos"]}],"is_beta":false,"boss_relics":[{"not_picked":["Lizard Tail","Snecko Eye"],"picked":"Fusion Hammer"}],"items_purged_floors":[],"is_endless":false,"potions_floor_spawned":[1,2,4,10,12,14,18,19,22,25],"killed_by":"Slavers","ascension_level":0}