{"gold_per_floor":[119,119,17,92,169,169,195,211,235,246,274,289,289,303,303,403,403,423,423,89,108,108,108,108],"floor_reached":24,"playtime":1414,"items_purged":[],"score":214,"play_id":"b81bfee0-7198-44b7-98fb-955ad1180c89","local_time":"20181231220725","is_ascension_mode":true,"campfire_choices":[{"floor":6,"key":"REST"},{"floor":15,"key":"REST"},{"data":"Sunder","floor":23,"key":"SMITH"}],"neow_cost":"NONE","seed_source_timestamp":284327187835006,"circlet_count":0,"master_deck":["Zap","Dualcast","Double Energy","Sunder+1","Rebound","Melter","Cold Snap","Ball Lightning","Coolheaded","Streamline","Defragment","Barrage","Amplify","Hologram","Seek","Thunder Strike","Chaos","Meteor Strike","Consume","Melter","Lockon","Go for the Eyes+1","Finesse","Barrage","Fusion"],"relics":["Cracked Core","Bronze Scales","Dream Catcher","Bag of Preparation","Strawberry","Pandora\u0027s Box","Runic Capacitor","GremlinMask"],"potions_floor_usage":[11,11,24],"damage_taken":[{"damage":1,"enemies":"2 Louse","floor":1,"turns":3},{"damage":45,"enemies":"Lagavulin","floor":7,"turns":9},{"damage":0,"enemies":"Small Slimes","floor":8,"turns":3},{"damage":6,"enemies":"Jaw Worm","floor":10,"turns":2},{"damage":21,"enemies":"3 Sentries","floor":11,"turns":5},{"damage":10,"enemies":"Exordium Thugs","floor":12,"turns":3},{"damage":6,"enemies":"Large Slime","floor":14,"turns":3},{"damage":14,"enemies":"Slime Boss","floor":16,"turns":8},{"damage":0,"enemies":"Spheric Guardian","floor":18,"turns":1},{"damage":14,"enemies":"Shell Parasite","floor":21,"turns":4},{"damage":88,"enemies":"Slavers","floor":24,"turns":4}],"seed_played":"-1808523364704026452","potions_obtained":[{"floor":8,"key":"Fire Potion"},{"floor":10,"key":"Ancient Potion"},{"floor":14,"key":"Dexterity Potion"},{"floor":16,"key":"Energy Potion"},{"floor":19,"key":"Regen Potion"}],"is_trial":false,"path_per_floor":["M","?","$","?","?","R","E","M","T","M","E","M","?","M","R","B",null,"M","?","$","M","?","R","E"],"character_chosen":"DEFECT","items_purchased":["Sunder","Rebound","Runic Capacitor","Finesse","Barrage"],"campfire_rested":2,"item_purchase_floors":[3,3,20,20,20],"current_hp_per_floor":[81,78,78,67,67,82,37,37,37,31,17,7,7,1,27,13,89,89,89,89,75,75,75,0],"gold":108,"neow_bonus":"TEN_PERCENT_HP_BONUS","is_prod":false,"is_daily":false,"chose_seed":false,"campfire_upgraded":1,"win_rate":0,"timestamp":1546322845,"path_taken":["M","?","$","?","?","R","E","M","T","M","E","M","?","M","R","BOSS","M","?","?","M","?","R","E"],"build_version":"2018-12-20","purchased_purges":0,"victory":false,"max_hp_per_floor":[82,82,82,82,82,82,82,82,82,82,89,89,89,89,89,89,89,89,89,89,89,89,89,89],"card_choices":[{"not_picked":["Stack","Skim"],"picked":"Double Energy","floor":1},{"not_picked":["Skim","Hello World"],"picked":"Melter","floor":7},{"not_picked":["Barrage","Stack"],"picked":"Cold Snap","floor":8},{"not_picked":["Beam Cell","Go for the Eyes"],"picked":"Ball Lightning","floor":10},{"not_picked":["Gash","White Noise"],"picked":"Coolheaded","floor":11},{"not_picked":["FTL","Aggregate"],"picked":"Streamline","floor":12},{"not_picked":["Capacitor","Coolheaded"],"picked":"Defragment","floor":14},{"not_picked":["Steam","Go for the Eyes"],"picked":"Barrage","floor":15},{"not_picked":["Multi-Cast","Machine Learning"],"picked":"Amplify","floor":16},{"not_picked":["Redo","Beam Cell+1"],"picked":"Go for the Eyes+1","floor":18},{"not_picked":["Recycle+1","Conserve Battery"],"picked":"Fusion","floor":21}],"player_experience":201147,"relics_obtained":[{"floor":7,"key":"Dream Catcher"},{"floor":9,"key":"Bag of Preparation"},{"floor":11,"key":"Strawberry"}],"event_choices":[{"damage_healed":0,"gold_gain":0,"player_choice":"Success","damage_taken":3,"relics_obtained":["Bronze Scales"],"max_hp_gain":0,"max_hp_loss":0,"event_name":"Scrap Ooze","floor":2,"gold_loss":0},{"damage_healed":0,"gold_gain":75,"player_choice":"Gather Gold","damage_taken":11,"max_hp_gain":0,"max_hp_loss":0,"event_name":"World of Goop","floor":4,"gold_loss":0},{"damage_healed":0,"gold_gain":77,"player_choice":"Gained Gold","damage_taken":0,"max_hp_gain":0,"max_hp_loss":0,"event_name":"Golden Wing","floor":5,"gold_loss":0},{"damage_healed":0,"gold_gain":0,"player_choice":"Ignored","damage_taken":0,"max_hp_gain":0,"max_hp_loss":0,"event_name":"Shining Light","floor":13,"gold_loss":0},{"damage_healed":0,"gold_gain":0,"player_choice":"Got Potions","damage_taken":0,"max_hp_gain":0,"max_hp_loss":0,"event_name":"Lab","floor":19,"gold_loss":0},{"damage_healed":0,"gold_gain":0,"player_choice":"Trade","damage_taken":0,"relics_obtained":["GremlinMask"],"max_hp_gain":0,"max_hp_loss":0,"event_name":"FaceTrader","floor":22,"gold_loss":0}],"is_beta":false,"boss_relics":[{"not_picked":["White Beast Statue","Snecko Eye"],"picked":"Pandora\u0027s Box"}],"items_purged_floors":[],"is_endless":false,"potions_floor_spawned":[8,10,14,16,21],"killed_by":"Slavers","ascension_level":1}