{"gold_per_floor":[369,369,394,407,64,96,126,126,126,126],"floor_reached":10,"playtime":269,"items_purged":[],"score":125,"play_id":"19bdf276-c170-466d-a29d-e8b410187cef","local_time":"20181129081712","is_ascension_mode":true,"campfire_choices":[{"data":"Deflect","floor":8,"key":"SMITH"}],"neow_cost":"CURSE","seed_source_timestamp":0,"circlet_count":0,"master_deck":["AscendersBane","Defend_G","Defend_G","Defend_G","Defend_G","Defend_G","Strike_G","Strike_G","Strike_G","Strike_G","Strike_G+1","Survivor","Neutralize","Clumsy","Dagger Throw+1","Terror","Deflect+1"],"special_seed":0,"relics":["Ring of the Snake","Whetstone","Vajra","Anchor","PreservedInsect","Darkstone Periapt"],"potions_floor_usage":[6,6],"damage_taken":[{"damage":2.0,"enemies":"Small Slimes","floor":1.0,"turns":5.0},{"damage":0.0,"enemies":"Jaw Worm","floor":4.0,"turns":3.0},{"damage":30,"enemies":"3 Sentries","floor":6,"turns":9},{"damage":28,"enemies":"Lagavulin","floor":10,"turns":3}],"seed_played":"-510300700300383715","potions_obtained":[{"floor":1.0,"key":"Poison Potion"},{"floor":4.0,"key":"SpeedPotion"}],"is_trial":false,"path_per_floor":["M","?","T","M","$","E","?","R","T","E"],"character_chosen":"THE_SILENT","items_purchased":["Vajra","Anchor"],"campfire_rested":0,"item_purchase_floors":[5,5],"current_hp_per_floor":[57,57,57,57,57,27,27,27,27,0],"gold":126,"neow_bonus":"TWO_FIFTY_GOLD","is_prod":false,"is_daily":false,"chose_seed":false,"campfire_upgraded":1,"win_rate":0,"timestamp":1543497432,"path_taken":["M","?","?","M","$","E","?","R","T","E"],"build_version":"2018-11-15","purchased_purges":0,"victory":false,"max_hp_per_floor":[66,66,66,66,66,66,66,66,66,66],"card_choices":[{"not_picked":["All Out Attack","Tactician"],"picked":"Dagger Throw","floor":1.0},{"not_picked":["Bane","Escape Plan"],"picked":"Terror","floor":4.0},{"not_picked":["Flying Knee","Flechettes"],"picked":"Deflect","floor":6}],"player_experience":780742,"relics_obtained":[{"floor":3.0,"key":"Whetstone"},{"floor":6,"key":"PreservedInsect"},{"floor":9,"key":"Darkstone Periapt"}],"event_choices":[{"damage_healed":0.0,"max_hp_gain":0.0,"max_hp_loss":0.0,"gold_gain":0.0,"event_name":"Scrap Ooze","player_choice":"Fled","floor":2.0,"gold_loss":0.0,"damage_taken":0.0},{"damage_healed":0,"gold_gain":30,"player_choice":"Searched \u00271\u0027 times","damage_taken":0,"max_hp_gain":0,"max_hp_loss":0,"event_name":"Dead Adventurer","floor":7,"gold_loss":0}],"is_beta":false,"boss_relics":[],"items_purged_floors":[],"is_endless":false,"potions_floor_spawned":[1,4],"killed_by":"Lagavulin","ascension_level":19}