{"gold_per_floor":[362,382,19,35,46,46,321,355,355,31,31],"floor_reached":11,"playtime":460,"items_purged":["Regret"],"score":91,"play_id":"d0457bbd-fab1-4e85-9b4a-895555a5fed3","local_time":"20190402112715","is_ascension_mode":true,"campfire_choices":[{"data":"Zap","floor":6,"key":"SMITH"}],"neow_cost":"TEN_PERCENT_HP_LOSS","seed_source_timestamp":1737811136393203,"circlet_count":0,"master_deck":["Strike_B","Strike_B","Strike_B","Strike_B","Defend_B","Defend_B","Defend_B","Defend_B","Zap+1","Dualcast","Turbo","Gash","Capacitor","FTL","Heatsinks","All For One","Double Energy","Magnetism","Hello World","Steam"],"relics":["Cracked Core","Cables","Letter Opener"],"potions_floor_usage":[],"damage_taken":[{"damage":0,"enemies":"Cultist","floor":1,"turns":2},{"damage":7,"enemies":"Small Slimes","floor":2,"turns":3},{"damage":2,"enemies":"Jaw Worm","floor":4,"turns":3},{"damage":0,"enemies":"Large Slime","floor":5,"turns":4},{"damage":56,"enemies":"3 Sentries","floor":8,"turns":7},{"damage":0,"enemies":"Exordium Thugs","floor":11,"turns":3}],"seed_played":"-346229393454694167","potions_obtained":[{"floor":5,"key":"Ancient Potion"},{"floor":8,"key":"AttackPotion"}],"is_trial":false,"path_per_floor":["M","M","$","M","M","R","?","E","T","$","M"],"character_chosen":"DEFECT","items_purchased":["Cables","Capacitor","FTL","Magnetism","Hello World","Steam"],"campfire_rested":0,"item_purchase_floors":[3,3,3,10,10,10],"current_hp_per_floor":[68,61,61,59,59,59,59,3,3,3,3],"gold":31,"neow_bonus":"TWO_FIFTY_GOLD","is_prod":false,"is_daily":false,"chose_seed":false,"campfire_upgraded":1,"win_rate":0,"timestamp":1554229635,"path_taken":["M","?","$","M","M","R","?","E","T","?","?"],"build_version":"2019-01-23","purchased_purges":1,"victory":false,"max_hp_per_floor":[68,68,68,68,68,68,68,68,68,68,68],"card_choices":[{"not_picked":["Stack","Leap"],"picked":"Turbo","floor":1},{"not_picked":["Stack","Compile Driver"],"picked":"Gash","floor":2},{"not_picked":["Ball Lightning","Rip and Tear"],"picked":"Heatsinks","floor":4},{"not_picked":["Stack","Turbo"],"picked":"All For One","floor":5},{"not_picked":["Hello World","Steam Power"],"picked":"Double Energy","floor":8}],"player_experience":463443,"relics_obtained":[{"floor":8,"key":"Letter Opener"}],"event_choices":[{"damage_healed":0,"gold_gain":275,"player_choice":"Desecrate","damage_taken":0,"max_hp_gain":0,"max_hp_loss":0,"event_name":"Golden Shrine","floor":7,"gold_loss":0,"cards_obtained":["Regret"]}],"is_beta":false,"boss_relics":[],"items_purged_floors":[10],"is_endless":false,"potions_floor_spawned":[5,8],"killed_by":"Exordium Thugs","ascension_level":5}