{"path_per_floor":["M","?","?","M","$","R","M","E","T","?","R","M","M","$","R","B",null,"M","$","M","M","?","R","M","M","T","?","E","M","M","M","R"],"character_chosen":"IRONCLAD","items_purchased":[],"gold_per_floor":[13,13,13,30,30,30,45,80,80,80,80,94,105,30,30,133,133,153,53,71,85,85,85,96,112,112,112,144,161,178,194,194,194],"floor_reached":33,"campfire_rested":2,"playtime":1283,"item_purchase_floors":[],"current_hp_per_floor":[76,60,60,62,62,62,66,34,44,44,71,82,79,79,79,8,95,95,95,95,95,95,95,95,95,95,95,30,36,35,41,69,0],"items_purged":["Defend_R","Strike_R"],"gold":194,"score":296,"play_id":"47ebdea9-6d42-41dc-94eb-9a70939da56e","local_time":"20180531184406","is_prod":false,"is_daily":false,"chose_seed":false,"is_ascension_mode":false,"campfire_upgraded":3,"win_rate":0,"timestamp":1527763446,"campfire_choices":[{"data":"Bash","floor":6,"key":"SMITH"},{"floor":11,"key":"REST"},{"data":"Strike_R","floor":15,"key":"SMITH"},{"data":"Strike_R","floor":23,"key":"SMITH"},{"floor":32,"key":"REST"}],"path_taken":["M","?","?","M","?","R","M","E","T","?","R","M","?","?","R","BOSS","M","$","M","M","?","R","M","M","T","?","E","M","M","M","R","BOSS"],"build_version":"2018-05-24","seed_source_timestamp":296068184085743,"purchased_purges":2,"victory":false,"master_deck":["Strike_R+1","Strike_R+1","Defend_R+1","Defend_R+1","Bash+1"],"max_hp_per_floor":[80,80,80,80,80,80,80,80,90,90,90,95,95,95,95,95,95,95,95,95,95,95,95,95,95,95,95,95,95,95,95,95,95],"relics":["Burning Blood","Thread and Needle","Pear","Velvet Choker","Bag of Marbles","Lantern"],"card_choices":[{"not_picked":["Headbutt","Intimidate","Uppercut"],"picked":"SKIP","floor":1},{"not_picked":["Shockwave","Rupture","Warcry"],"picked":"SKIP","floor":4},{"not_picked":["Anger","Headbutt","Feel No Pain"],"picked":"SKIP","floor":7},{"not_picked":["Havoc","Entrench","Reckless Charge"],"picked":"SKIP","floor":8},{"not_picked":["Pummel","Intimidate","Searing Blow"],"picked":"SKIP","floor":12},{"not_picked":["Body Slam","Perfected Strike","Bloodletting"],"picked":"SKIP","floor":13},{"not_picked":["Body Slam","Anger","Perfected Strike"],"picked":"SKIP","floor":18},{"not_picked":["Shockwave","Shrug It Off","True Grit"],"picked":"SKIP","floor":20},{"not_picked":["Clash","Pommel Strike","Hemokinesis"],"picked":"SKIP","floor":21},{"not_picked":["Disarm+1","Searing Blow","Shrug It Off+1"],"picked":"SKIP","floor":24},{"not_picked":["Anger+1","Flex","Armaments"],"picked":"SKIP","floor":25},{"not_picked":["Flex","Evolve","Cleave+1"],"picked":"SKIP","floor":28},{"not_picked":["Pommel Strike","Feel No Pain","Thunderclap"],"picked":"SKIP","floor":29},{"not_picked":["Offering","Perfected Strike","Armaments"],"picked":"SKIP","floor":30},{"not_picked":["Second Wind+1","Perfected Strike","Clothesline"],"picked":"SKIP","floor":31}],"player_experience":205537,"potions_floor_usage":[12,12,20,24,24,29,33],"damage_taken":[{"damage":10,"enemies":"Jaw Worm","floor":1,"turns":5},{"damage":4,"enemies":"2 Louse","floor":4,"turns":3},{"damage":2,"enemies":"Small Slimes","floor":7,"turns":4},{"damage":38,"enemies":"Lagavulin","floor":8,"turns":6},{"damage":0,"enemies":"Blue Slaver","floor":12,"turns":3},{"damage":9,"enemies":"Exordium Thugs","floor":13,"turns":6},{"damage":77,"enemies":"Slime Boss","floor":16,"turns":15},{"damage":0,"enemies":"3 Byrds","floor":18,"turns":6},{"damage":0,"enemies":"Chosen","floor":20,"turns":4},{"damage":0,"enemies":"Snecko","floor":21,"turns":5},{"damage":5,"enemies":"Centurion and Healer","floor":24,"turns":5},{"damage":4,"enemies":"Snake Plant","floor":25,"turns":4},{"damage":71,"enemies":"Slavers","floor":28,"turns":8},{"damage":0,"enemies":"3 Cultists","floor":29,"turns":5},{"damage":7,"enemies":"Centurion and Healer","floor":30,"turns":5},{"damage":0,"enemies":"Snake Plant","floor":31,"turns":4},{"damage":72,"enemies":"Collector","floor":33,"turns":10}],"relics_obtained":[{"floor":8,"key":"Thread and Needle"},{"floor":9,"key":"Pear"},{"floor":26,"key":"Bag of Marbles"},{"floor":28,"key":"Lantern"}],"event_choices":[{"event_name":"Shining Light","player_choice":"Entered Light","floor":2,"damage_taken":0},{"event_name":"Living Wall","player_choice":"Forget","floor":3,"damage_taken":0},{"event_name":"The Lab","player_choice":"Got Potions","floor":10,"damage_taken":0},{"event_name":"Duplicator","player_choice":"Ignored","floor":22,"damage_taken":0},{"event_name":"Ghosts","player_choice":"Ignored","floor":27,"damage_taken":0}],"boss_relics":[{"not_picked":["Ectoplasm","Black Star"],"picked":"Velvet Choker"}],"items_purged_floors":[14,19],"potions_floor_spawned":[1,4,18,21,24,31],"seed_played":"-3803817129805380433","killed_by":"Collector","ascension_level":0,"potions_obtained":[{"floor":1,"key":"SpeedPotion"},{"floor":4,"key":"GamblersBrew"},{"floor":10,"key":"Block Potion"},{"floor":10,"key":"Fruit Juice"},{"floor":18,"key":"Block Potion"},{"floor":21,"key":"AttackPotion"},{"floor":24,"key":"FearPotion"},{"floor":31,"key":"SpeedPotion"}],"is_trial":false}