{"gold_per_floor":[118,136,136,156,168,201,226,256,314,349,361,373,402,447,459,573,585,585,440,440,440,440,440,440,440,440,440,440,440,440,440,440,440,440,440,440,49,49,49,49,49,49,49,49,49,49,49,49,49,49,49,49,49,49,49],"floor_reached":56,"playtime":2754,"items_purged":["Strike_B","Writhe"],"score":1198,"play_id":"cc4df61f-d592-4c3b-8a5c-16129cd352a3","local_time":"20190412133551","is_ascension_mode":false,"campfire_choices":[{"data":"Defragment","floor":11,"key":"SMITH"},{"data":"Streamline","floor":15,"key":"SMITH"},{"floor":23,"key":"RECALL"},{"data":"Fusion","floor":32,"key":"SMITH"},{"data":"Defragment","floor":41,"key":"SMITH"},{"data":"Force Field","floor":45,"key":"SMITH"},{"data":"Loop","floor":49,"key":"SMITH"},{"data":"Glacier","floor":52,"key":"SMITH"}],"neow_cost":"NONE","seed_source_timestamp":102872593707400,"circlet_count":0,"master_deck":["Strike_B","Defend_B","Defend_B","Defend_B","Defend_B","Zap+1","Dualcast+1","Streamline+1","Defragment+1","Amplify","Beam Cell","Glacier+1","Electrodynamics","Loop+1","Heatsinks","Defragment+1","Gash","Fusion+1","Storm","Force Field+1","Biased Cognition+1","Machine Learning","Skim+1","Coolheaded+1","White Noise+1","Redo+1","Hologram+1"],"relics":["Cracked Core","MawBank","Odd Mushroom","Pen Nib","Ectoplasm","Red Mask","Pear","Kunai","Orichalcum","Tiny House","Bird Faced Urn","Lantern","Art of War","DataDisk","Du-Vu Doll","Happy Flower"],"potions_floor_usage":[10,14,14,16,20,24,36,38,40,50,50,55],"damage_taken":[{"damage":1,"enemies":"2 Louse","floor":1,"turns":2},{"damage":0,"enemies":"Cultist","floor":2,"turns":3},{"damage":1,"enemies":"Jaw Worm","floor":4,"turns":3},{"damage":9,"enemies":"Blue Slaver","floor":5,"turns":4},{"damage":26,"enemies":"Lagavulin","floor":6,"turns":5},{"damage":11,"enemies":"Exordium Thugs","floor":7,"turns":5},{"damage":0,"enemies":"3 Louse","floor":8,"turns":3},{"damage":0,"enemies":"The Mushroom Lair","floor":10,"turns":1},{"damage":0,"enemies":"2 Fungi Beasts","floor":13,"turns":2},{"damage":5,"enemies":"Gremlin Nob","floor":14,"turns":4},{"damage":5,"enemies":"The Guardian","floor":16,"turns":9},{"damage":0,"enemies":"Shell Parasite","floor":18,"turns":4},{"damage":0,"enemies":"Masked Bandits","floor":20,"turns":2},{"damage":1,"enemies":"Chosen","floor":21,"turns":3},{"damage":18,"enemies":"Snecko","floor":24,"turns":4},{"damage":17,"enemies":"Cultist and Chosen","floor":25,"turns":5},{"damage":14,"enemies":"Sentry and Sphere","floor":27,"turns":4},{"damage":1,"enemies":"Centurion and Healer","floor":30,"turns":3},{"damage":29,"enemies":"Champ","floor":33,"turns":15},{"damage":0,"enemies":"3 Shapes","floor":35,"turns":3},{"damage":30,"enemies":"3 Darklings","floor":36,"turns":4},{"damage":5,"enemies":"4 Shapes","floor":38,"turns":2},{"damage":5,"enemies":"Writhing Mass","floor":39,"turns":4},{"damage":44,"enemies":"Nemesis","floor":40,"turns":7},{"damage":7,"enemies":"Reptomancer","floor":44,"turns":4},{"damage":22,"enemies":"Maw","floor":46,"turns":6},{"damage":12,"enemies":"Sphere and 2 Shapes","floor":48,"turns":3},{"damage":66,"enemies":"Awakened One","floor":50,"turns":11},{"damage":8,"enemies":"Shield and Spear","floor":54,"turns":4},{"damage":93,"enemies":"The Heart","floor":55,"turns":8}],"seed_played":"5810651371790757913","potions_obtained":[{"floor":5,"key":"AttackPotion"},{"floor":7,"key":"Strength Potion"},{"floor":8,"key":"FocusPotion"},{"floor":10,"key":"Block Potion"},{"floor":13,"key":"EssenceOfSteel"},{"floor":16,"key":"EssenceOfSteel"},{"floor":21,"key":"Poison Potion"},{"floor":27,"key":"Fire Potion"},{"floor":30,"key":"Explosive Potion"},{"floor":34,"key":"Fruit Juice"},{"floor":35,"key":"Block Potion"},{"floor":38,"key":"GamblersBrew"},{"floor":40,"key":"LiquidBronze"},{"floor":44,"key":"FocusPotion"},{"floor":54,"key":"GamblersBrew"}],"is_trial":false,"path_per_floor":["M","M","?","M","M","E","M","M","T","?","R","?","M","E","R","B",null,"M","$","?","M","?","R","M","M","T","M","?","?","M","?","R","B",null,"M","M","$","M","M","E","R","?","T","E","R","M","T","M","R","B",null,"R","$","E","B",null],"character_chosen":"DEFECT","items_purchased":["Heatsinks","Bird Faced Urn"],"campfire_rested":0,"item_purchase_floors":[19,37],"current_hp_per_floor":[74,74,74,73,64,38,27,27,27,27,27,27,27,22,22,17,75,75,75,75,74,74,74,56,39,49,35,35,35,34,34,34,5,90,90,65,65,70,81,53,53,53,53,64,64,60,60,64,64,20,95,95,95,93,22],"gold":49,"neow_bonus":"UPGRADE_CARD","is_prod":false,"is_daily":false,"chose_seed":false,"campfire_upgraded":7,"win_rate":0,"timestamp":1555047351,"path_taken":["M","M","?","?","M","E","M","M","T","?","R","?","?","E","R","BOSS","M","$","?","M","?","R","M","M","T","M","?","?","?","?","R","BOSS","M","M","$","M","M","E","R","?","T","E","R","M","?","M","R","BOSS","R","$","E","BOSS"],"build_version":"2019-01-23","purchased_purges":2,"victory":true,"max_hp_per_floor":[75,75,75,75,75,75,75,75,75,75,75,75,75,75,75,75,75,75,75,75,75,75,75,75,75,85,85,85,85,85,85,85,85,90,90,95,95,95,95,95,95,95,95,95,95,95,95,95,95,95,95,95,95,95,95],"card_choices":[{"not_picked":["Cold Snap","Redo"],"picked":"Streamline","floor":1},{"not_picked":["Consume","Conserve Battery"],"picked":"Defragment","floor":2},{"not_picked":["Cold Snap","Streamline","Beam Cell"],"picked":"SKIP","floor":4},{"not_picked":["Ball Lightning","All For One"],"picked":"Beam Cell","floor":5},{"not_picked":["Cold Snap","Reprogram"],"picked":"Glacier","floor":6},{"not_picked":["Hello World","Tempest","Gash"],"picked":"SKIP","floor":7},{"not_picked":["Ball Lightning","Gash","Steam"],"picked":"SKIP","floor":8},{"not_picked":["Streamline","Hello World","Consume"],"picked":"SKIP","floor":13},{"not_picked":["Streamline","Redo","Chill"],"picked":"SKIP","floor":14},{"not_picked":["Amplify","Creative AI"],"picked":"Electrodynamics","floor":16},{"not_picked":["Cold Snap","Melter"],"picked":"Loop","floor":18},{"not_picked":["Sweeping Beam","Gash"],"picked":"Defragment","floor":21},{"not_picked":["Scrape","Hologram+1","Lockon+1"],"picked":"SKIP","floor":24},{"not_picked":["Double Energy","Leap"],"picked":"Storm","floor":25},{"not_picked":["Sweeping Beam+1","Leap"],"picked":"Force Field","floor":27},{"not_picked":["Hologram","Reprogram","Conserve Battery"],"picked":"SKIP","floor":30},{"not_picked":["All For One","Multi-Cast"],"picked":"Machine Learning","floor":33},{"not_picked":["Fusion+1","Steam"],"picked":"Skim+1","floor":35},{"not_picked":["Double Energy+1","Beam Cell+1","Heatsinks"],"picked":"SKIP","floor":36},{"not_picked":["Lockon","Ball Lightning","Hologram+1"],"picked":"SKIP","floor":38},{"not_picked":["Barrage+1","Stack"],"picked":"Coolheaded+1","floor":39},{"not_picked":["FTL","Meteor Strike","Auto Shields+1"],"picked":"SKIP","floor":40},{"not_picked":["Steam","Turbo","Streamline+1"],"picked":"SKIP","floor":44},{"not_picked":["Reinforced Body","Sweeping Beam+1"],"picked":"White Noise+1","floor":46},{"not_picked":["Melter+1","Rebound"],"picked":"Redo+1","floor":48},{"not_picked":["Force Field+1","Auto Shields+1"],"picked":"Hologram+1","floor":54}],"player_experience":474207,"relics_obtained":[{"floor":6,"key":"MawBank"},{"floor":10,"key":"Odd Mushroom"},{"floor":14,"key":"Pen Nib"},{"floor":20,"key":"Red Mask"},{"floor":26,"key":"Pear"},{"floor":40,"key":"Lantern"},{"floor":43,"key":"Art of War"},{"floor":44,"key":"DataDisk"},{"floor":47,"key":"Du-Vu Doll"},{"floor":54,"key":"Happy Flower"}],"event_choices":[{"damage_healed":0,"gold_gain":0,"player_choice":"1 cards matched","damage_taken":0,"max_hp_gain":0,"max_hp_loss":0,"event_name":"Match and Keep!","floor":3,"gold_loss":0,"cards_obtained":["Amplify"]},{"damage_healed":0,"gold_gain":0,"player_choice":"Fought Mushrooms","damage_taken":0,"max_hp_gain":0,"max_hp_loss":0,"event_name":"Mushrooms","floor":10,"gold_loss":0},{"damage_healed":0,"gold_gain":0,"player_choice":"Upgraded","damage_taken":0,"max_hp_gain":0,"max_hp_loss":0,"event_name":"Upgrade Shrine","floor":12,"gold_loss":0,"cards_upgraded":["Dualcast"]},{"damage_healed":0,"gold_gain":0,"player_choice":"Fought Bandits","damage_taken":0,"max_hp_gain":0,"max_hp_loss":0,"event_name":"Masked Bandits","floor":20,"gold_loss":0},{"damage_healed":0,"gold_gain":0,"cards_transformed":["Strike_B","Strike_B"],"player_choice":"Became Test Subject","damage_taken":0,"max_hp_gain":0,"max_hp_loss":0,"event_name":"Drug Dealer","floor":22,"gold_loss":0,"cards_obtained":["Gash","Fusion"]},{"damage_healed":0,"gold_gain":0,"player_choice":"Opened","damage_taken":0,"relics_obtained":["Kunai"],"max_hp_gain":0,"max_hp_loss":0,"event_name":"The Mausoleum","floor":28,"gold_loss":0,"cards_obtained":["Writhe"]},{"damage_healed":0,"gold_gain":0,"player_choice":"Gave Potion","damage_taken":0,"relics_obtained":["Orichalcum"],"max_hp_gain":0,"max_hp_loss":0,"event_name":"WeMeetAgain","floor":29,"gold_loss":0},{"damage_healed":0,"gold_gain":0,"player_choice":"1 cards matched","damage_taken":0,"max_hp_gain":0,"max_hp_loss":0,"event_name":"Match and Keep!","floor":31,"gold_loss":0,"cards_obtained":["Biased Cognition"]},{"damage_healed":0,"gold_gain":222,"player_choice":"Wore Mask","damage_taken":0,"max_hp_gain":0,"max_hp_loss":0,"event_name":"Tomb of Lord Red Mask","floor":42,"gold_loss":0}],"is_beta":false,"boss_relics":[{"not_picked":["Velvet Choker","Runic Pyramid"],"picked":"Ectoplasm"},{"not_picked":["FrozenCore","Eternal Feather"],"picked":"Tiny House"}],"items_purged_floors":[19,37],"is_endless":false,"potions_floor_spawned":[5,7,8,10,13,16,21,27,30,35,38,40,44,54],"ascension_level":0}