{"gold_per_floor":[112,131,131,142,67,67,102,102,129,129,204,229,229,252,252,252],"floor_reached":16,"playtime":467,"items_purged":["Strike_G"],"score":200,"play_id":"4756e9b0-5e35-4ca9-b022-1b6dbc76d2ab","local_time":"20190327153739","is_ascension_mode":true,"campfire_choices":[{"data":"Crippling Poison","floor":6.0,"key":"SMITH"},{"data":"Strike_G","floor":8.0,"key":"PURGE"},{"floor":15.0,"key":"REST"}],"neow_cost":"NONE","seed_source_timestamp":2148437295632213,"circlet_count":0,"master_deck":["AscendersBane","Defend_G","Defend_G","Defend_G","Defend_G","Defend_G","Strike_G","Strike_G","Strike_G","Survivor","Neutralize","Crippling Poison+1","Catalyst","Backflip","Endless Agony","Blur","Flechettes","Die Die Die","Pain","Deadly Poison"],"special_seed":0,"relics":["Orrery","Centennial Puzzle","Peace Pipe","Orichalcum","Golden Idol","WarpedTongs"],"potions_floor_usage":[16],"damage_taken":[{"damage":0.0,"enemies":"Cultist","floor":1.0,"turns":5.0},{"damage":0.0,"enemies":"Small Slimes","floor":2.0,"turns":6.0},{"damage":3.0,"enemies":"2 Louse","floor":4.0,"turns":3.0},{"damage":28.0,"enemies":"Gremlin Nob","floor":7.0,"turns":4.0},{"damage":7.0,"enemies":"2 Fungi Beasts","floor":12.0,"turns":3.0},{"damage":2.0,"enemies":"Exordium Thugs","floor":14.0,"turns":4.0},{"damage":4,"enemies":"Hexaghost","floor":16,"turns":9}],"seed_played":"1633825343511194826","potions_obtained":[{"floor":1.0,"key":"AttackPotion"},{"floor":4.0,"key":"Energy Potion"},{"floor":12.0,"key":"SteroidPotion"},{"floor":14.0,"key":"EssenceOfSteel"}],"is_trial":false,"path_per_floor":["M","M","?","M","$","R","E","R","T","?","?","M","?","M","R","B"],"character_chosen":"THE_SILENT","items_purchased":[],"campfire_rested":1,"item_purchase_floors":[],"current_hp_per_floor":[59,59,54,51,51,51,23,23,23,23,12,5,5,3,21,17],"gold":252,"neow_bonus":"BOSS_RELIC","is_prod":false,"is_daily":false,"chose_seed":false,"campfire_upgraded":1,"win_rate":0,"timestamp":1553672259,"path_taken":["M","M","?","M","$","R","E","R","T","?","?","M","?","M","R","BOSS"],"build_version":"2019-01-23","purchased_purges":1,"victory":false,"max_hp_per_floor":[66,66,66,66,66,66,66,66,66,60,60,60,60,60,60,60],"card_choices":[{"not_picked":["Underhanded Strike","Cloak And Dagger"],"picked":"Crippling Poison","floor":0.0},{"not_picked":["Blade Dance","Bouncing Flask"],"picked":"Catalyst","floor":0.0},{"not_picked":["Terror","Sucker Punch"],"picked":"Backflip","floor":0.0},{"not_picked":["Predator","Distraction"],"picked":"Endless Agony","floor":0.0},{"not_picked":["Choke","Leg Sweep"],"picked":"Blur","floor":0.0},{"not_picked":["Quick Slash","Bane","Terror"],"picked":"SKIP","floor":1.0},{"not_picked":["Crippling Poison","Bane"],"picked":"Flechettes","floor":2.0},{"not_picked":["Crippling Poison","Backflip","Dagger Throw"],"picked":"SKIP","floor":4.0},{"not_picked":["Dagger Spray","Infinite Blades"],"picked":"Die Die Die","floor":7.0},{"not_picked":["Dagger Spray","Endless Agony","Setup"],"picked":"SKIP","floor":12.0},{"not_picked":["Leg Sweep","Backflip"],"picked":"Deadly Poison","floor":14.0}],"player_experience":1280664,"relics_obtained":[{"floor":7.0,"key":"Peace Pipe"},{"floor":9.0,"key":"Orichalcum"}],"event_choices":[{"damage_healed":0.0,"max_hp_gain":0.0,"max_hp_loss":0.0,"gold_gain":0.0,"event_name":"Scrap Ooze","player_choice":"Success","floor":3.0,"gold_loss":0.0,"damage_taken":5.0,"relics_obtained":["Centennial Puzzle"]},{"damage_healed":0.0,"max_hp_gain":0.0,"max_hp_loss":6.0,"gold_gain":0.0,"event_name":"Golden Idol","player_choice":"Lose Max HP","floor":10.0,"gold_loss":0.0,"damage_taken":0.0,"relics_obtained":["Golden Idol"]},{"damage_healed":0.0,"max_hp_gain":0.0,"max_hp_loss":0.0,"gold_gain":75.0,"event_name":"World of Goop","player_choice":"Gather Gold","floor":11.0,"gold_loss":0.0,"damage_taken":11.0},{"damage_healed":0.0,"max_hp_gain":0.0,"max_hp_loss":0.0,"gold_gain":0.0,"event_name":"Accursed Blacksmith","player_choice":"Rummage","floor":13.0,"gold_loss":0.0,"damage_taken":0.0,"relics_obtained":["WarpedTongs"],"cards_obtained":["Pain"]}],"is_beta":false,"boss_relics":[],"items_purged_floors":[5],"is_endless":false,"potions_floor_spawned":[1,4,12,14],"killed_by":"Hexaghost","ascension_level":20}