{"gold_per_floor":[115,190,190,200,218,248,248,265,265,265],"floor_reached":10,"playtime":471,"items_purged":[],"score":71,"play_id":"3546faaf-ae80-4115-b7b2-7837eaa07e5d","local_time":"20190331121637","is_ascension_mode":true,"campfire_choices":[{"data":"Blade Dance","floor":7,"key":"SMITH"}],"neow_cost":"NONE","seed_source_timestamp":1606118228385178,"circlet_count":0,"master_deck":["Defend_G","Defend_G","Defend_G","Defend_G","Defend_G","Strike_G","Strike_G","Strike_G","Strike_G","Strike_G","Survivor","Neutralize","Caltrops","Terror","Outmaneuver","Blade Dance+1","Well Laid Plans"],"relics":["Ring of the Snake","Happy Flower","Frozen Egg 2"],"potions_floor_usage":[6,10],"damage_taken":[{"damage":10,"enemies":"Small Slimes","floor":1,"turns":5},{"damage":6,"enemies":"Jaw Worm","floor":4,"turns":4},{"damage":0,"enemies":"Cultist","floor":5,"turns":3},{"damage":22,"enemies":"Gremlin Nob","floor":6,"turns":5},{"damage":4,"enemies":"Looter","floor":8,"turns":3},{"damage":33,"enemies":"Lagavulin","floor":10,"turns":5}],"seed_played":"3727307571677124239","potions_obtained":[{"floor":1,"key":"Weak Potion"},{"floor":6,"key":"Poison Potion"}],"is_trial":false,"path_per_floor":["M","?","T","M","M","E","R","M","T","E"],"character_chosen":"THE_SILENT","items_purchased":[],"campfire_rested":0,"item_purchase_floors":[],"current_hp_per_floor":[67,56,56,50,50,28,28,24,24,0],"gold":265,"neow_bonus":"TEN_PERCENT_HP_BONUS","is_prod":false,"is_daily":false,"chose_seed":false,"campfire_upgraded":1,"win_rate":0,"timestamp":1554052597,"path_taken":["M","?","?","M","M","E","R","M","T","E"],"build_version":"2019-01-23","purchased_purges":0,"victory":false,"max_hp_per_floor":[77,77,77,77,77,77,77,77,77,77],"card_choices":[{"not_picked":["Dodge and Roll","Prepared"],"picked":"Caltrops","floor":1},{"not_picked":["Distraction","Slice"],"picked":"Terror","floor":4},{"not_picked":["Deadly Poison","Calculated Gamble"],"picked":"Outmaneuver","floor":5},{"not_picked":["Leg Sweep","Caltrops"],"picked":"Blade Dance","floor":6},{"not_picked":["Predator","Leg Sweep"],"picked":"Well Laid Plans","floor":8}],"player_experience":129801,"relics_obtained":[{"floor":6,"key":"Happy Flower"},{"floor":9,"key":"Frozen Egg 2"}],"event_choices":[{"damage_healed":0,"gold_gain":75,"player_choice":"Gather Gold","damage_taken":11,"max_hp_gain":0,"max_hp_loss":0,"event_name":"World of Goop","floor":2,"gold_loss":0}],"is_beta":false,"boss_relics":[],"items_purged_floors":[],"is_endless":false,"potions_floor_spawned":[1,6],"killed_by":"Lagavulin","ascension_level":1}