{"gold_per_floor":[15,32,45,45,120,120,147,147,147,166,341,341,193,203,203,304,304,284,297,297,297,297],"floor_reached":22,"playtime":787,"items_purged":["Strike_R"],"score":184,"play_id":"e6e4429d-d566-4491-b49a-036aee7cf258","local_time":"20180718231001","is_ascension_mode":false,"campfire_choices":[{"data":"Body Slam","floor":6,"key":"SMITH"},{"data":"Armaments","floor":8,"key":"SMITH"},{"floor":15,"key":"REST"}],"neow_cost":"NO_GOLD","seed_source_timestamp":308528526799201,"circlet_count":0,"master_deck":["Defend_R","Defend_R","Defend_R","Bash","Armaments+1","Body Slam+1","Feed","Entrench","Barricade","Evolve+1","Second Wind+1","Cleave+1","True Grit"],"relics":["Burning Blood","Unceasing Top","Astrolabe","Nloth\u0027s Gift"],"potions_floor_usage":[7,16],"damage_taken":[{"damage":6,"enemies":"Cultist","floor":1,"turns":3},{"damage":12,"enemies":"2 Louse","floor":2,"turns":2},{"damage":5,"enemies":"Small Slimes","floor":3,"turns":4},{"damage":14,"enemies":"Gremlin Nob","floor":7,"turns":3},{"damage":14,"enemies":"Blue Slaver","floor":10,"turns":3},{"damage":34,"enemies":"Large Slime","floor":14,"turns":8},{"damage":36,"enemies":"The Guardian","floor":16,"turns":16},{"damage":10,"enemies":"2 Thieves","floor":18,"turns":4},{"damage":35,"enemies":"Shell Parasite","floor":19,"turns":10},{"damage":43,"enemies":"Sentry and Sphere","floor":22,"turns":5}],"seed_played":"-2630777489821302591","potions_obtained":[{"floor":3,"key":"Block Potion"},{"floor":7,"key":"AttackPotion"}],"is_trial":false,"path_per_floor":["M","M","M","$","?","R","E","R","T","M","?","?","$","M","R","B",null,"M","M","?","?"],"character_chosen":"IRONCLAD","items_purchased":["Entrench"],"campfire_rested":1,"item_purchase_floors":[13],"current_hp_per_floor":[80,74,75,75,64,64,56,56,56,48,48,48,48,23,47,21,87,83,54,38,38,0],"gold":297,"neow_bonus":"REMOVE_TWO","is_prod":false,"is_daily":false,"chose_seed":false,"campfire_upgraded":2,"win_rate":0,"timestamp":1531926601,"path_taken":["M","M","M","?","?","R","E","R","T","M","?","?","$","M","R","BOSS","M","M","?","?","M"],"build_version":"2018-07-12","purchased_purges":1,"victory":false,"max_hp_per_floor":[80,80,80,80,80,80,80,80,80,80,80,80,80,83,83,87,87,87,87,87,87,90],"card_choices":[{"not_picked":["Clash","Infernal Blade"],"picked":"Armaments","floor":1},{"not_picked":["Clash","Headbutt","Hemokinesis"],"picked":"SKIP","floor":2},{"not_picked":["Perfected Strike","Hemokinesis"],"picked":"Body Slam","floor":3},{"not_picked":["Havoc","Heavy Blade","Perfected Strike"],"picked":"SKIP","floor":7},{"not_picked":["Infernal Blade","Pommel Strike"],"picked":"Feed","floor":10},{"not_picked":["Clothesline","Perfected Strike","Clash"],"picked":"SKIP","floor":14},{"not_picked":["Immolate","Feed"],"picked":"Barricade","floor":16},{"not_picked":["Thunderclap","Clothesline"],"picked":"True Grit","floor":18},{"not_picked":["Headbutt","Hemokinesis","Thunderclap"],"picked":"SKIP","floor":19}],"player_experience":303769,"relics_obtained":[{"floor":7,"key":"Unceasing Top"},{"floor":9,"key":"Du-Vu Doll"}],"event_choices":[{"event_name":"World of Goop","player_choice":"Gather Gold","floor":5,"damage_taken":0},{"event_name":"Liars Game","player_choice":"agreed","floor":11,"damage_taken":0},{"event_name":"Living Wall","player_choice":"Forget","floor":12,"damage_taken":0},{"event_name":"Cursed Tome","player_choice":"Obtained Book","floor":20,"damage_taken":0},{"event_name":"N\u0027loth","player_choice":"Traded a Du-Vu Doll","floor":21,"damage_taken":0}],"boss_relics":[{"not_picked":["Ectoplasm","Cursed Key"],"picked":"Astrolabe"}],"items_purged_floors":[13],"is_endless":false,"potions_floor_spawned":[3,7],"killed_by":"Sentry and Sphere","ascension_level":0}