{"gold_per_floor":[111,127,127,302,23,23,38,69,69,69,69,81,95,105,105,201,201,213,213,213,213,224,224,224],"floor_reached":24,"playtime":1091,"items_purged":["Regret"],"score":274,"play_id":"bc86edf1-a83c-417d-b35a-5d711013072c","local_time":"20181023023235","is_ascension_mode":true,"campfire_choices":[{"data":"Conserve Battery","floor":6,"key":"SMITH"},{"data":"Cold Snap","floor":11,"key":"SMITH"},{"data":"Beam Cell","floor":15,"key":"SMITH"},{"floor":23,"key":"REST"}],"neow_cost":"NONE","seed_source_timestamp":0,"circlet_count":0,"master_deck":["Strike_B","Strike_B","Strike_B","Strike_B","Defend_B","Defend_B","Defend_B","Defend_B","Zap","Dualcast","Conserve Battery","Conserve Battery+1","Doubt","Beam Cell+1","Cold Snap+1","Leap","Creative AI"],"special_seed":0,"relics":["Cracked Core","Ginger","Sling","Bag of Preparation","Bottled Flame","Snecko Eye","Bottled Lightning"],"potions_floor_usage":[16,16,16],"damage_taken":[{"damage":1.0,"enemies":"Cultist","floor":1.0,"turns":4.0},{"damage":2,"enemies":"Jaw Worm","floor":2,"turns":4},{"damage":3,"enemies":"2 Louse","floor":7,"turns":2},{"damage":13,"enemies":"Gremlin Nob","floor":8,"turns":4},{"damage":5,"enemies":"Large Slime","floor":12,"turns":5},{"damage":0,"enemies":"Looter","floor":13,"turns":3},{"damage":0,"enemies":"2 Fungi Beasts","floor":14,"turns":4},{"damage":29,"enemies":"Hexaghost","floor":16,"turns":11},{"damage":17,"enemies":"2 Thieves","floor":18,"turns":5},{"damage":0,"enemies":"Shell Parasite","floor":22,"turns":9},{"damage":76,"enemies":"Book of Stabbing","floor":24,"turns":6}],"seed_played":"2203526566095067378","potions_obtained":[{"floor":1.0,"key":"Fire Potion"},{"floor":12,"key":"Ancient Potion"},{"floor":13,"key":"PowerPotion"},{"floor":22,"key":"EssenceOfSteel"}],"is_trial":false,"path_per_floor":["M","M","?","?","$","R","M","E","T","$","R","M","M","M","R","B",null,"M","?","?","T","M","R"],"character_chosen":"DEFECT","items_purchased":["Sling"],"campfire_rested":1,"item_purchase_floors":[5],"current_hp_per_floor":[74,72,72,72,72,72,69,56,56,56,56,51,51,51,51,22,67,50,34,34,34,34,60,0],"gold":224,"neow_bonus":"TEN_PERCENT_HP_BONUS","is_prod":false,"is_daily":false,"chose_seed":false,"campfire_upgraded":3,"win_rate":0,"timestamp":1540254755,"path_taken":["M","?","?","?","$","R","M","E","T","$","R","M","M","M","R","BOSS","M","?","?","?","M","R","E"],"build_version":"2018-10-19","purchased_purges":1,"victory":false,"max_hp_per_floor":[82,82,82,82,82,82,82,82,82,82,82,82,82,82,82,82,82,82,87,87,87,87,87,87],"card_choices":[{"not_picked":["Scrape","Go for the Eyes"],"picked":"Conserve Battery","floor":1.0},{"not_picked":["Go for the Eyes","Compile Driver"],"picked":"Conserve Battery","floor":2},{"not_picked":["Undo","Skim"],"picked":"Beam Cell","floor":7},{"not_picked":["Double Energy","Ball Lightning"],"picked":"Cold Snap","floor":8},{"not_picked":["Barrage","Scrape"],"picked":"Leap","floor":12},{"not_picked":["Barrage","Auto Shields","Double Energy"],"picked":"SKIP","floor":13},{"not_picked":["Rebound","Coolheaded","Leap"],"picked":"SKIP","floor":14},{"not_picked":["Hyperbeam","Amplify"],"picked":"Creative AI","floor":16},{"not_picked":["Cold Snap","Conserve Battery","Coolheaded"],"picked":"SKIP","floor":18},{"not_picked":["Conserve Battery","Streamline","Rebound+1"],"picked":"SKIP","floor":22}],"player_experience":160596,"relics_obtained":[{"floor":8,"key":"Bag of Preparation"},{"floor":9,"key":"Bottled Flame"},{"floor":21,"key":"Bottled Lightning"}],"event_choices":[{"damage_healed":0,"gold_gain":0,"player_choice":"Box","damage_taken":0,"relics_obtained":["Ginger"],"max_hp_gain":0,"max_hp_loss":0,"event_name":"Big Fish","floor":3,"gold_loss":0,"cards_obtained":["Regret"]},{"damage_healed":0,"gold_gain":175,"player_choice":"AGREE","damage_taken":0,"max_hp_gain":0,"max_hp_loss":0,"event_name":"Liars Game","floor":4,"gold_loss":0,"cards_obtained":["Doubt"]},{"damage_healed":0,"gold_gain":0,"player_choice":"Shed Blood","damage_taken":21,"max_hp_gain":5,"max_hp_loss":0,"event_name":"Forgotten Altar","floor":19,"gold_loss":0},{"damage_healed":0,"gold_gain":0,"player_choice":"Ignored","damage_taken":0,"max_hp_gain":0,"max_hp_loss":0,"event_name":"Ghosts","floor":20,"gold_loss":0}],"is_beta":true,"boss_relics":[{"not_picked":["Inserter","White Beast Statue"],"picked":"Snecko Eye"}],"items_purged_floors":[5],"is_endless":false,"potions_floor_spawned":[1,12,13,22],"killed_by":"Book of Stabbing","ascension_level":8}