{"gold_per_floor":[112,287,301,280,280,314,314,342,369,369,383,402,415,415],"floor_reached":14,"playtime":431,"items_purged":[],"score":130,"play_id":"d74aa1d6-0934-4806-8d94-52ec30df06cb","local_time":"20180906073639","is_ascension_mode":true,"campfire_choices":[{"floor":7,"key":"REST"},{"floor":10,"key":"REST"}],"neow_cost":"","seed_source_timestamp":523189462962494,"circlet_count":0,"master_deck":["Strike_B","Strike_B","Strike_B","Strike_B","Defend_B","Defend_B","Defend_B","Defend_B","Zap","Dualcast","Sweeping Beam","Doubt","Coolheaded","Tempest","White Noise","Beam Cell","Seek","Sunder"],"relics":["Cracked Core","Happy Flower","Peace Pipe","Prayer Wheel","Art of War"],"potions_floor_usage":[6,12],"damage_taken":[{"damage":2,"enemies":"2 Louse","floor":1,"turns":2},{"damage":7,"enemies":"Small Slimes","floor":3,"turns":3},{"damage":20,"enemies":"3 Sentries","floor":6,"turns":8},{"damage":39,"enemies":"Lagavulin","floor":8,"turns":8},{"damage":9,"enemies":"Jaw Worm","floor":11,"turns":3},{"damage":1,"enemies":"3 Louse","floor":12,"turns":2},{"damage":2,"enemies":"2 Fungi Beasts","floor":13,"turns":2},{"damage":22,"enemies":"Exordium Wildlife","floor":14,"turns":2}],"seed_played":"4719790777929497994","potions_obtained":[{"floor":3,"key":"Dexterity Potion"},{"floor":11,"key":"AttackPotion"},{"floor":13,"key":"FearPotion"}],"is_trial":false,"path_per_floor":["M","?","M","?","?","E","R","E","T","R","M","M","M"],"character_chosen":"DEFECT","items_purchased":[],"campfire_rested":2,"item_purchase_floors":[],"current_hp_per_floor":[66,66,59,59,41,21,43,4,4,26,17,16,14,0],"gold":415,"neow_bonus":"","is_prod":false,"is_daily":false,"chose_seed":false,"campfire_upgraded":0,"win_rate":0,"timestamp":1536233799,"path_taken":["M","?","M","?","?","E","R","E","T","R","?","M","M","M"],"build_version":"2018-08-30","purchased_purges":0,"victory":false,"max_hp_per_floor":[75,75,75,75,75,75,75,75,75,75,75,75,75,75],"card_choices":[{"not_picked":["Steam","Force Field"],"picked":"Sweeping Beam","floor":1},{"not_picked":["Conserve Battery","Defragment"],"picked":"Coolheaded","floor":3},{"not_picked":["Steam","Chill"],"picked":"Tempest","floor":6},{"not_picked":["Blizzard","Capacitor"],"picked":"White Noise","floor":8},{"not_picked":["Redo","Tempest"],"picked":"Beam Cell","floor":11},{"not_picked":["Reprogram","Cold Snap"],"picked":"Seek","floor":11},{"not_picked":["Stack","Loop"],"picked":"Sunder","floor":12},{"not_picked":["Steam","Fusion","Hello World"],"picked":"SKIP","floor":12},{"not_picked":["Rebound","Coolheaded","Cold Snap"],"picked":"SKIP","floor":13},{"not_picked":["Compile Driver","Steam","Beam Cell"],"picked":"SKIP","floor":13}],"player_experience":513533,"relics_obtained":[{"floor":6,"key":"Peace Pipe"},{"floor":8,"key":"Prayer Wheel"},{"floor":9,"key":"Art of War"}],"event_choices":[{"event_name":"Liars Game","player_choice":"agreed","floor":2,"damage_taken":0},{"event_name":"World of Goop","player_choice":"Left","floor":4,"damage_taken":0},{"event_name":"Scrap Ooze","player_choice":"success","floor":5,"damage_taken":18}],"is_beta":false,"boss_relics":[],"items_purged_floors":[],"is_endless":false,"potions_floor_spawned":[3,11,13],"killed_by":"Exordium Wildlife","ascension_level":6}