{"gold_per_floor":[19,37,56,21,21,21,49,65,89,89,109,109,136,146,146,245,245,258,271,271,196,207,236,252,252,252,271,285,285,299,152,152,247,247,258,268,268],"floor_reached":37,"playtime":2191,"items_purged":[],"score":546,"play_id":"0e705c84-2a0d-46b4-9ba1-047d4da93b43","local_time":"20180829152520","is_ascension_mode":true,"campfire_choices":[{"data":"Sweeping Beam","floor":6,"key":"SMITH"},{"floor":12,"key":"REST"},{"data":"Beam Cell","floor":15,"key":"SMITH"},{"floor":25,"key":"REST"},{"data":"Blizzard","floor":29,"key":"SMITH"},{"data":"Echo Form","floor":32,"key":"SMITH"}],"neow_cost":"NO_GOLD","seed_source_timestamp":718737872630763,"circlet_count":0,"master_deck":["Strike_B","Strike_B","Strike_B","Strike_B","Defend_B+1","Defend_B","Defend_B","Zap","Dualcast","Echo Form+1","Conserve Battery","Sweeping Beam+1","Glacier","Rainbow+1","Streamline","Ball Lightning","Beam Cell+1","Fission","Self Repair","Steam+1","Hologram+1","Blizzard+1","Turbo","Seek","Defragment","Glacier","Reboot","Injury","Normality","Normality","Turbo+1","Leap+1"],"relics":["FrozenCore","Lantern","Bag of Marbles","War Paint","Incense Burner","Boot","Bottled Lightning","Bag of Preparation","Calling Bell","Omamori","Singing Bowl","Peace Pipe"],"potions_floor_usage":[8,13,16,22,23,30,30,33,37],"damage_taken":[{"damage":0,"enemies":"Small Slimes","floor":1,"turns":2},{"damage":12,"enemies":"Jaw Worm","floor":2,"turns":3},{"damage":4,"enemies":"Cultist","floor":3,"turns":4},{"damage":8,"enemies":"Lagavulin","floor":7,"turns":7},{"damage":8,"enemies":"Gremlin Gang","floor":8,"turns":4},{"damage":3,"enemies":"Looter","floor":11,"turns":3},{"damage":13,"enemies":"3 Sentries","floor":13,"turns":3},{"damage":2,"enemies":"3 Louse","floor":14,"turns":2},{"damage":0,"enemies":"Slime Boss","floor":16,"turns":6},{"damage":3,"enemies":"Chosen","floor":18,"turns":4},{"damage":20,"enemies":"2 Thieves","floor":19,"turns":5},{"damage":19,"enemies":"Snecko","floor":22,"turns":6},{"damage":28,"enemies":"Book of Stabbing","floor":23,"turns":8},{"damage":9,"enemies":"Snake Plant","floor":24,"turns":5},{"damage":13,"enemies":"3 Cultists","floor":27,"turns":6},{"damage":9,"enemies":"Snecko","floor":28,"turns":4},{"damage":2,"enemies":"Shelled Parasite and Fungi","floor":30,"turns":5},{"damage":45,"enemies":"Collector","floor":33,"turns":9},{"damage":42,"enemies":"3 Shapes","floor":35,"turns":5},{"damage":22,"enemies":"Flame Bruiser 1 Orb","floor":36,"turns":7},{"damage":26,"enemies":"Spire Growth","floor":37,"turns":8}],"seed_played":"5324272970661039309","potions_obtained":[{"floor":3,"key":"SkillPotion"},{"floor":7,"key":"Dexterity Potion"},{"floor":11,"key":"Explosive Potion"},{"floor":13,"key":"PowerPotion"},{"floor":16,"key":"FearPotion"},{"floor":18,"key":"SteroidPotion"},{"floor":27,"key":"EssenceOfSteel"},{"floor":28,"key":"Weak Potion"},{"floor":36,"key":"Block Potion"}],"is_trial":false,"path_per_floor":["M","M","M","$","?","R","E","M","T","$","M","R","E","M","R","B",null,"M","M","?","?","M","E","M","R","T","M","M","R","M","$","R","B",null,"M","M"],"character_chosen":"DEFECT","items_purchased":["Glacier","Defragment","Glacier"],"campfire_rested":2,"item_purchase_floors":[4,31,31],"current_hp_per_floor":[75,63,59,59,56,56,48,40,40,40,37,59,46,44,44,44,75,72,52,52,52,40,19,24,46,46,47,45,45,50,50,50,12,75,40,25,0],"gold":268,"neow_bonus":"THREE_RARE_CARDS","is_prod":false,"is_daily":false,"chose_seed":false,"campfire_upgraded":4,"win_rate":0,"timestamp":1535570720,"path_taken":["M","M","M","$","?","R","E","M","T","$","M","R","E","?","R","BOSS","M","?","?","?","M","E","M","R","T","M","?","R","M","$","R","BOSS","M","?","?"],"build_version":"2018-08-23v2","purchased_purges":0,"victory":false,"max_hp_per_floor":[75,75,75,75,75,75,75,75,75,75,75,75,75,75,75,75,75,75,75,75,75,75,75,75,75,75,75,75,75,75,75,75,75,75,75,75,75],"card_choices":[{"not_picked":["Rainbow","Thunder Strike"],"picked":"Echo Form","floor":0},{"not_picked":["Coolheaded","Lockon"],"picked":"Conserve Battery","floor":1},{"not_picked":["Streamline","Hologram"],"picked":"Sweeping Beam","floor":2},{"not_picked":["Loop","Consume","Redo"],"picked":"SKIP","floor":3},{"not_picked":["Auto Shields","Aggregate"],"picked":"Rainbow","floor":7},{"not_picked":["Sweeping Beam","Beam Cell"],"picked":"Streamline","floor":8},{"not_picked":["Steam","Streamline","Compile Driver"],"picked":"SKIP","floor":11},{"not_picked":["Go for the Eyes","Undo"],"picked":"Ball Lightning","floor":13},{"not_picked":["Meteor Strike","Barrage"],"picked":"Beam Cell","floor":14},{"not_picked":["Machine Learning","Creative AI"],"picked":"Fission","floor":16},{"not_picked":["Ball Lightning","Coolheaded+1"],"picked":"Self Repair","floor":18},{"not_picked":["Self Repair","Aggregate"],"picked":"Steam+1","floor":19},{"not_picked":["Sunder","Gash"],"picked":"Hologram+1","floor":22},{"not_picked":["Steam","Compile Driver","Leap"],"picked":"SKIP","floor":23},{"not_picked":["Steam","Rebound"],"picked":"Blizzard","floor":24},{"not_picked":["Stack","Storm+1","Hologram"],"picked":"SKIP","floor":27},{"not_picked":["Loop+1","Genetic Algorithm"],"picked":"Turbo","floor":28},{"not_picked":["Sunder","Genetic Algorithm"],"picked":"Seek","floor":30},{"not_picked":["Rainbow","Multi-Cast"],"picked":"Reboot","floor":33},{"not_picked":["Conserve Battery+1","Storm"],"picked":"Turbo+1","floor":35},{"not_picked":["Glacier+1","Stack+1"],"picked":"Leap+1","floor":36}],"player_experience":481881,"relics_obtained":[{"floor":7,"key":"Bag of Marbles"},{"floor":9,"key":"War Paint"},{"floor":13,"key":"Incense Burner"},{"floor":23,"key":"Bottled Lightning"},{"floor":26,"key":"Bag of Preparation"},{"floor":34,"key":"Omamori"},{"floor":34,"key":"Singing Bowl"},{"floor":34,"key":"Peace Pipe"}],"event_choices":[{"event_name":"Scrap Ooze","player_choice":"success","floor":5,"damage_taken":3},{"event_name":"The Mausoleum","player_choice":"Yes","floor":20,"damage_taken":0},{"event_name":"Beggar","player_choice":"Gave Gold","floor":21,"damage_taken":0}],"is_beta":false,"boss_relics":[{"not_picked":["Orrery","Coffee Dripper"],"picked":"FrozenCore"},{"not_picked":["Fusion Hammer","Pandora\u0027s Box"],"picked":"Calling Bell"}],"items_purged_floors":[],"is_endless":false,"potions_floor_spawned":[3,7,11,13,16,18,27,28,36],"killed_by":"Spire Growth","ascension_level":4}