{"gold_per_floor":[113,38,38,55,55,55,75,98,98,123,123,123,123,143,143,264,264,279,302,80,94,94,94,117,117,117,117,117,137,137,150,150,150],"floor_reached":33,"playtime":1498,"items_purged":["Strike_B","Injury"],"score":263,"play_id":"ddb3ef2c-2628-4df5-bab3-bf4a14799a85","local_time":"20180718024349","is_ascension_mode":true,"campfire_choices":[{"data":"Zap","floor":6,"key":"SMITH"},{"floor":12,"key":"REST"},{"data":"Capacitor","floor":15,"key":"SMITH"},{"data":"Defragment","floor":23,"key":"SMITH"},{"floor":25,"key":"REST"},{"floor":30,"key":"REST"},{"floor":32,"key":"REST"}],"neow_cost":"","seed_source_timestamp":529511789025391,"circlet_count":0,"master_deck":["Strike_B","Strike_B","Defend_B","Defend_B","Defend_B","Defend_B","Zap+1","Dualcast","Darkness+1","Darkness+1","Capacitor+1","Multi-Cast","Glacier","Turbo","Defragment+1","Zap","BootSequence+1"],"relics":["FrozenCore","Golden Idol","Bronze Scales","Matryoshka"],"potions_floor_usage":[10,29,29,33],"damage_taken":[{"damage":4,"enemies":"2 Louse","floor":1,"turns":2},{"damage":0,"enemies":"Jaw Worm","floor":4,"turns":3},{"damage":10,"enemies":"Small Slimes","floor":7,"turns":3},{"damage":10,"enemies":"3 Louse","floor":8,"turns":3},{"damage":11,"enemies":"Lots of Slimes","floor":10,"turns":2},{"damage":6,"enemies":"Looter","floor":14,"turns":2},{"damage":40,"enemies":"The Guardian","floor":16,"turns":7},{"damage":5,"enemies":"Chosen","floor":18,"turns":4},{"damage":19,"enemies":"Spheric Guardian","floor":19,"turns":4},{"damage":12,"enemies":"Centurion and Healer","floor":21,"turns":8},{"damage":20,"enemies":"Snake Plant","floor":24,"turns":3},{"damage":18,"enemies":"Snecko","floor":29,"turns":7},{"damage":25,"enemies":"Centurion and Healer","floor":31,"turns":9},{"damage":50,"enemies":"Champ","floor":33,"turns":13}],"seed_played":"-9131401843162492408","potions_obtained":[{"floor":4,"key":"Explosive Potion"},{"floor":24,"key":"EntropicBrew"},{"floor":29,"key":"Dexterity Potion"}],"is_trial":false,"path_per_floor":["M","$","?","M","?","R","M","M","T","M","?","R","?","M","R","B",null,"M","M","$","M","?","R","M","R","T","?","?","M","R","M","R"],"character_chosen":"DEFECT","items_purchased":["Glacier","Turbo"],"campfire_rested":4,"item_purchase_floors":[20,20],"current_hp_per_floor":[71,71,71,71,69,69,59,49,49,38,31,51,51,45,45,5,69,64,45,45,33,33,33,13,33,33,33,33,15,35,10,30,0],"gold":150,"neow_bonus":"","is_prod":false,"is_daily":false,"chose_seed":false,"campfire_upgraded":3,"win_rate":0,"timestamp":1531874629,"path_taken":["M","$","?","M","?","R","M","M","T","?","?","R","?","M","R","BOSS","M","M","$","M","?","R","M","R","T","?","?","M","R","M","R","BOSS"],"build_version":"2018-07-12","purchased_purges":2,"victory":false,"max_hp_per_floor":[75,75,75,75,69,69,69,69,69,69,69,69,69,69,69,69,69,69,69,69,69,69,69,69,69,69,69,69,69,69,69,69,69],"card_choices":[{"not_picked":["Beam Cell","Recycle"],"picked":"Darkness","floor":1},{"not_picked":["Go for the Eyes","Cold Snap","Rip and Tear"],"picked":"SKIP","floor":4},{"not_picked":["Turbo","Blizzard"],"picked":"Darkness","floor":7},{"not_picked":["Leap","Storm","Rebound"],"picked":"SKIP","floor":8},{"not_picked":["Storm","Recycle","Ball Lightning"],"picked":"SKIP","floor":10},{"not_picked":["Steam Power","Gash"],"picked":"Capacitor","floor":14},{"not_picked":["Amplify","Machine Learning"],"picked":"Multi-Cast","floor":16},{"not_picked":["Stack","Compile Driver","Steam+1"],"picked":"SKIP","floor":18},{"not_picked":["Darkness+1","Undo","Recycle"],"picked":"SKIP","floor":19},{"not_picked":["Conserve Battery","Streamline"],"picked":"Defragment","floor":21},{"not_picked":["Rebound","Hello World+1","Static Discharge"],"picked":"SKIP","floor":24},{"not_picked":["Static Discharge","Ball Lightning","Steam Power"],"picked":"SKIP","floor":29},{"not_picked":["Compile Driver","Blizzard"],"picked":"BootSequence+1","floor":31}],"player_experience":311661,"relics_obtained":[{"floor":9,"key":"Bronze Scales"},{"floor":26,"key":"Matryoshka"}],"event_choices":[{"event_name":"Living Wall","player_choice":"Grow","floor":3,"damage_taken":0},{"event_name":"Golden Idol","player_choice":"Lose Max HP","floor":5,"damage_taken":0},{"event_name":"Golden Wing","player_choice":"Card Removal","floor":11,"damage_taken":0},{"event_name":"Accursed Blacksmith","player_choice":"Forge","floor":13,"damage_taken":0},{"event_name":"The Mausoleum","player_choice":"No","floor":22,"damage_taken":0},{"event_name":"Match and Keep!","player_choice":"1 cards matched","floor":27,"damage_taken":0},{"event_name":"Vampires","player_choice":"Ignored","floor":28,"damage_taken":0}],"boss_relics":[{"not_picked":["Eternal Feather","Pandora\u0027s Box"],"picked":"FrozenCore"}],"items_purged_floors":[2,20],"is_endless":false,"potions_floor_spawned":[4,24,29,31],"killed_by":"Champ","ascension_level":2}