{"gold_per_floor":[116,131,131,149,164,164,196,207,263,288,302,27,43,60,60,165,165,178,195,195,195,206,206],"floor_reached":23,"playtime":1965,"items_purged":[],"score":238,"play_id":"f35be709-8322-4145-8c0b-16b7af8f63d3","local_time":"20190401015219","is_ascension_mode":true,"campfire_choices":[{"data":"Stack","floor":6,"key":"SMITH"},{"floor":15,"key":"REST"}],"neow_cost":"NONE","seed_source_timestamp":1425514010416000,"circlet_count":0,"master_deck":["Zap","Dualcast","Static Discharge","Rainbow","Leap","Biased Cognition","Loop","Hologram","Static Discharge","Chaos","Stack+1","Hologram","Auto Shields","Ball Lightning","Leap","Auto Shields","Cold Snap","Hello World","Glacier","Buffer","Barrage+1","Storm+1","Redo+1"],"relics":["Pandora\u0027s Box","Matryoshka","Ancient Tea Set","Tiny Chest","Dream Catcher","Runic Capacitor","Philosopher\u0027s Stone","Bag of Marbles","Shuriken"],"potions_floor_usage":[16,23,23],"damage_taken":[{"damage":6,"enemies":"Jaw Worm","floor":1,"turns":3},{"damage":1,"enemies":"Small Slimes","floor":2,"turns":3},{"damage":0,"enemies":"Cultist","floor":4,"turns":4},{"damage":4,"enemies":"2 Fungi Beasts","floor":5,"turns":3},{"damage":8,"enemies":"3 Sentries","floor":7,"turns":7},{"damage":17,"enemies":"Exordium Thugs","floor":8,"turns":3},{"damage":6,"enemies":"Lagavulin","floor":10,"turns":5},{"damage":9,"enemies":"Gremlin Gang","floor":11,"turns":4},{"damage":0,"enemies":"Large Slime","floor":13,"turns":6},{"damage":0,"enemies":"Exordium Wildlife","floor":14,"turns":5},{"damage":23,"enemies":"The Guardian","floor":16,"turns":12},{"damage":14,"enemies":"Shell Parasite","floor":18,"turns":6},{"damage":1,"enemies":"Chosen","floor":19,"turns":6},{"damage":14,"enemies":"Snake Plant","floor":22,"turns":4},{"damage":52,"enemies":"Gremlin Leader","floor":23,"turns":4}],"seed_played":"-5649592507527785323","potions_obtained":[{"floor":2,"key":"Dexterity Potion"},{"floor":4,"key":"AttackPotion"},{"floor":5,"key":"FearPotion"},{"floor":16,"key":"Dexterity Potion"},{"floor":18,"key":"PowerPotion"}],"is_trial":false,"path_per_floor":["M","M","?","M","M","R","E","M","T","E","M","$","M","M","R","B",null,"M","M","?","T","M","E"],"character_chosen":"DEFECT","items_purchased":["Runic Capacitor","Auto Shields"],"campfire_rested":1,"item_purchase_floors":[12,12],"current_hp_per_floor":[69,68,68,68,64,64,56,39,39,33,24,24,24,24,46,23,75,61,60,60,60,46,0],"gold":206,"neow_bonus":"BOSS_RELIC","is_prod":false,"is_daily":false,"chose_seed":false,"campfire_upgraded":1,"win_rate":0,"timestamp":1554097939,"path_taken":["M","M","?","M","M","R","E","M","T","E","M","$","M","M","R","BOSS","M","M","?","?","M","E"],"build_version":"2019-01-23","purchased_purges":0,"victory":false,"max_hp_per_floor":[75,75,75,75,75,75,75,75,75,75,75,75,75,75,75,75,75,75,75,75,75,75,75],"card_choices":[{"not_picked":["Beam Cell","Sunder"],"picked":"Stack","floor":1},{"not_picked":["Gash","Barrage"],"picked":"Hologram","floor":2},{"not_picked":["Chaos","Coolheaded","Skim"],"picked":"SKIP","floor":4},{"not_picked":["Hologram","Double Energy"],"picked":"Auto Shields","floor":5},{"not_picked":["Redo","Steam","Lockon"],"picked":"SKIP","floor":7},{"not_picked":["Redo","Chaos"],"picked":"Ball Lightning","floor":8},{"not_picked":["Reinforced Body","Sunder"],"picked":"Leap","floor":10},{"not_picked":["Scrape","Doom and Gloom","Redo"],"picked":"SKIP","floor":11},{"not_picked":["All For One","Force Field"],"picked":"Cold Snap","floor":13},{"not_picked":["Compile Driver","Gash"],"picked":"Hello World","floor":14},{"not_picked":["Stack","Lockon"],"picked":"Glacier","floor":15},{"not_picked":["Amplify","Hyperbeam"],"picked":"Buffer","floor":16},{"not_picked":["Rip and Tear+1","Hologram"],"picked":"Barrage+1","floor":18},{"not_picked":["Hologram","Chill"],"picked":"Storm+1","floor":19},{"not_picked":["Rip and Tear+1","Gash"],"picked":"Redo+1","floor":22}],"player_experience":233145,"relics_obtained":[{"floor":7,"key":"Matryoshka"},{"floor":9,"key":"Ancient Tea Set"},{"floor":9,"key":"Tiny Chest"},{"floor":10,"key":"Dream Catcher"},{"floor":21,"key":"Bag of Marbles"},{"floor":21,"key":"Shuriken"}],"event_choices":[{"damage_healed":0,"gold_gain":0,"player_choice":"Leave","damage_taken":0,"max_hp_gain":0,"max_hp_loss":0,"event_name":"The Cleric","floor":3,"gold_loss":0},{"damage_healed":0,"gold_gain":0,"player_choice":"Ignored","damage_taken":0,"max_hp_gain":0,"max_hp_loss":0,"event_name":"Beggar","floor":20,"gold_loss":0}],"is_beta":false,"boss_relics":[{"not_picked":["Empty Cage","Calling Bell"],"picked":"Philosopher\u0027s Stone"}],"items_purged_floors":[],"is_endless":false,"potions_floor_spawned":[2,4,5,16,18,19],"killed_by":"Gremlin Leader","ascension_level":3}