{"gold_per_floor":[111,128,138,138,152,163,163,173,173,186,205,205,233,253,253,253],"floor_reached":16,"playtime":854,"items_purged":[],"score":108,"play_id":"ade098a6-3f4c-4828-a4b7-9ea866a3c988","local_time":"20190429184245","is_ascension_mode":false,"campfire_choices":[{"floor":7,"key":"REST"},{"floor":15,"key":"RECALL"}],"neow_cost":"NONE","seed_source_timestamp":277689984030564,"circlet_count":0,"master_deck":["Strike_B","Strike_B","Strike_B","Strike_B","Defend_B","Defend_B","Defend_B","Defend_B","Zap","Dualcast","Sunder","Skim","Darkness","Chill","Glacier","BootSequence","BootSequence","Tempest","Consume","Capacitor"],"relics":["Cracked Core","Ancient Tea Set","Gremlin Horn","Meat on the Bone"],"potions_floor_usage":[13],"damage_taken":[{"damage":0,"enemies":"Small Slimes","floor":1,"turns":2},{"damage":6,"enemies":"Cultist","floor":2,"turns":3},{"damage":1,"enemies":"2 Louse","floor":3,"turns":2},{"damage":5,"enemies":"Exordium Wildlife","floor":5,"turns":5},{"damage":9,"enemies":"Lots of Slimes","floor":6,"turns":5},{"damage":5,"enemies":"Looter","floor":8,"turns":2},{"damage":0,"enemies":"3 Louse","floor":10,"turns":3},{"damage":6,"enemies":"2 Fungi Beasts","floor":11,"turns":3},{"damage":20,"enemies":"Lagavulin","floor":13,"turns":6},{"damage":4,"enemies":"Blue Slaver","floor":14,"turns":4},{"damage":48,"enemies":"Hexaghost","floor":16,"turns":9}],"seed_played":"-2044169428686926939","potions_obtained":[{"floor":3,"key":"FocusPotion"},{"floor":5,"key":"EssenceOfSteel"},{"floor":6,"key":"FearPotion"},{"floor":8,"key":"Weak Potion"},{"floor":13,"key":"Ancient Potion"}],"is_trial":false,"path_per_floor":["M","M","M","?","M","M","R","M","T","M","M","?","E","M","R","B"],"character_chosen":"DEFECT","items_purchased":[],"campfire_rested":1,"item_purchase_floors":[],"current_hp_per_floor":[75,69,68,61,56,47,69,64,64,64,58,58,38,46,46,0],"gold":253,"neow_bonus":"RANDOM_COMMON_RELIC","is_prod":false,"is_daily":false,"chose_seed":false,"campfire_upgraded":0,"win_rate":0,"timestamp":1556588565,"path_taken":["M","M","M","?","M","M","R","?","T","M","M","?","E","M","R","BOSS"],"build_version":"2019-01-23","purchased_purges":0,"victory":false,"max_hp_per_floor":[75,75,75,75,75,75,75,75,75,75,75,75,75,75,75,75],"card_choices":[{"not_picked":["Stack","Fusion"],"picked":"Sunder","floor":1},{"not_picked":["Leap","Sweeping Beam"],"picked":"Skim","floor":2},{"not_picked":["Turbo","Steam Power"],"picked":"Darkness","floor":3},{"not_picked":["Reprogram","Redo"],"picked":"Chill","floor":5},{"not_picked":["Cold Snap","Sweeping Beam"],"picked":"Glacier","floor":6},{"not_picked":["Go for the Eyes","Fusion"],"picked":"BootSequence","floor":8},{"not_picked":["Steam","Aggregate"],"picked":"BootSequence","floor":10},{"not_picked":["Steam","White Noise"],"picked":"Tempest","floor":11},{"not_picked":["Sunder","Coolheaded"],"picked":"Consume","floor":13},{"not_picked":["Stack","Redo"],"picked":"Capacitor","floor":14}],"player_experience":514465,"relics_obtained":[{"floor":9,"key":"Gremlin Horn"},{"floor":13,"key":"Meat on the Bone"}],"event_choices":[{"damage_healed":0,"gold_gain":0,"player_choice":"Damaged","damage_taken":7,"max_hp_gain":0,"max_hp_loss":0,"event_name":"Wheel of Change","floor":4,"gold_loss":0},{"damage_healed":0,"gold_gain":0,"player_choice":"Leave","damage_taken":0,"max_hp_gain":0,"max_hp_loss":0,"event_name":"The Cleric","floor":12,"gold_loss":0}],"is_beta":false,"boss_relics":[],"items_purged_floors":[],"is_endless":false,"potions_floor_spawned":[3,5,6,8,13],"killed_by":"Hexaghost","ascension_level":0}