{"gold_per_floor":[118,136,147,225,241,241,254,279,279,279,289,289,320,352,364,477,489,515,561,573,263,283,309,309,309,309,309,85,85,85,99,99,99],"floor_reached":33,"playtime":3733,"items_purged":[],"score":275,"play_id":"a2986aa3-13e9-4bd3-b8bd-e195d5f1a292","local_time":"20190502165610","is_ascension_mode":false,"campfire_choices":[{"floor":6,"key":"REST"},{"floor":12,"key":"REST"},{"floor":15,"key":"RECALL"},{"floor":25,"key":"REST"},{"data":"Dualcast","floor":30,"key":"SMITH"},{"floor":32,"key":"REST"}],"neow_cost":"PERCENT_DAMAGE","seed_source_timestamp":527631944802030,"circlet_count":0,"master_deck":["Strike_B+1","Strike_B+1","Strike_B+1","Strike_B+1","Defend_B+1","Defend_B+1","Defend_B+1","Defend_B+1","Zap","Dualcast+1","Aggregate","Doom and Gloom","Auto Shields","Cold Snap","Turbo","Go for the Eyes","Self Repair","Glacier","Ball Lightning","All For One","Cold Snap+1","Melter+1","Defragment","FTL","Hologram","Reinforced Body+1","Barrage","Rainbow","Dramatic Entrance","Go for the Eyes","Go for the Eyes"],"relics":["FrozenCore","Bag of Marbles","Shuriken","MawBank","Red Mask","Vajra","Ancient Tea Set","Smiling Mask","Enchiridion"],"potions_floor_usage":[8,13,18,19,33],"damage_taken":[{"damage":1,"enemies":"Cultist","floor":1,"turns":3},{"damage":2,"enemies":"Small Slimes","floor":2,"turns":4},{"damage":7,"enemies":"2 Louse","floor":3,"turns":2},{"damage":10,"enemies":"Looter","floor":5,"turns":3},{"damage":1,"enemies":"2 Fungi Beasts","floor":7,"turns":3},{"damage":12,"enemies":"3 Sentries","floor":8,"turns":8},{"damage":0,"enemies":"3 Louse","floor":11,"turns":1},{"damage":11,"enemies":"Gremlin Nob","floor":13,"turns":4},{"damage":0,"enemies":"Large Slime","floor":14,"turns":8},{"damage":42,"enemies":"Hexaghost","floor":16,"turns":11},{"damage":25,"enemies":"2 Thieves","floor":18,"turns":4},{"damage":10,"enemies":"Masked Bandits","floor":19,"turns":4},{"damage":0,"enemies":"Spheric Guardian","floor":22,"turns":2},{"damage":21,"enemies":"Slavers","floor":23,"turns":7},{"damage":31,"enemies":"Cultist and Chosen","floor":31,"turns":7},{"damage":111,"enemies":"Automaton","floor":33,"turns":12}],"seed_played":"-7658414187109514782","potions_obtained":[{"floor":1,"key":"Energy Potion"},{"floor":3,"key":"SpeedPotion"},{"floor":5,"key":"Weak Potion"},{"floor":7,"key":"Block Potion"},{"floor":14,"key":"SpeedPotion"},{"floor":16,"key":"PowerPotion"},{"floor":18,"key":"FearPotion"},{"floor":22,"key":"GamblersBrew"}],"is_trial":false,"path_per_floor":["M","M","M","?","M","R","M","E","T","?","M","R","E","M","R","B",null,"M","?","?","$","M","E","?","R","T","?","$","?","R","M","R","B"],"character_chosen":"DEFECT","items_purchased":["Defragment","FTL","Vajra","Hologram","Rainbow","Dramatic Entrance","Go for the Eyes"],"campfire_rested":4,"item_purchase_floors":[21,21,21,21,28,28,28],"current_hp_per_floor":[67,65,58,58,48,74,73,61,61,49,49,75,71,78,78,43,89,71,61,61,61,68,54,54,80,80,80,80,64,64,40,66,0],"gold":99,"neow_bonus":"TWENTY_PERCENT_HP_BONUS","is_prod":false,"is_daily":false,"chose_seed":false,"campfire_upgraded":1,"win_rate":0,"timestamp":1556841370,"path_taken":["M","?","M","?","M","R","M","E","T","?","M","R","E","M","R","BOSS","M","?","?","$","M","E","?","R","T","?","$","?","R","?","R","BOSS"],"build_version":"2019-01-23","purchased_purges":0,"victory":false,"max_hp_per_floor":[89,89,89,89,89,89,89,89,89,89,89,89,89,89,89,89,89,89,89,89,89,89,89,89,89,89,89,89,89,89,89,89,89],"card_choices":[{"not_picked":["Conserve Battery","Blizzard"],"picked":"Aggregate","floor":1},{"not_picked":["Hello World","Lockon"],"picked":"Doom and Gloom","floor":2},{"not_picked":["Force Field","Sweeping Beam"],"picked":"Auto Shields","floor":3},{"not_picked":["Conserve Battery","Barrage"],"picked":"Cold Snap","floor":5},{"not_picked":["Blizzard","Thunder Strike"],"picked":"Turbo","floor":7},{"not_picked":["Recycle","Tempest"],"picked":"Go for the Eyes","floor":8},{"not_picked":["Turbo","Double Energy"],"picked":"Self Repair","floor":11},{"not_picked":["Streamline","Reinforced Body"],"picked":"Glacier","floor":13},{"not_picked":["Cold Snap","Aggregate"],"picked":"Ball Lightning","floor":14},{"not_picked":["Reboot","Machine Learning"],"picked":"All For One","floor":16},{"not_picked":["Coolheaded","Recycle"],"picked":"Cold Snap+1","floor":18},{"not_picked":["Genetic Algorithm+1","Turbo"],"picked":"Melter+1","floor":19},{"not_picked":["Hologram","Rebound"],"picked":"Reinforced Body+1","floor":22},{"not_picked":["Aggregate","Heatsinks"],"picked":"Barrage","floor":23},{"not_picked":["Steam Power","Capacitor+1"],"picked":"Go for the Eyes","floor":31}],"player_experience":531135,"relics_obtained":[{"floor":8,"key":"Bag of Marbles"},{"floor":13,"key":"MawBank"},{"floor":19,"key":"Red Mask"},{"floor":23,"key":"Ancient Tea Set"},{"floor":26,"key":"Smiling Mask"},{"floor":29,"key":"Enchiridion"}],"event_choices":[{"damage_healed":0,"gold_gain":78,"player_choice":"Gained Gold","damage_taken":0,"max_hp_gain":0,"max_hp_loss":0,"event_name":"Golden Wing","floor":4,"gold_loss":0},{"damage_healed":0,"gold_gain":0,"player_choice":"Success","damage_taken":12,"relics_obtained":["Shuriken"],"max_hp_gain":0,"max_hp_loss":0,"event_name":"Scrap Ooze","floor":10,"gold_loss":0},{"damage_healed":0,"gold_gain":0,"player_choice":"Fought Bandits","damage_taken":0,"max_hp_gain":0,"max_hp_loss":0,"event_name":"Masked Bandits","floor":19,"gold_loss":0},{"damage_healed":0,"gold_gain":0,"player_choice":"Simplicity","damage_taken":0,"max_hp_gain":0,"max_hp_loss":0,"event_name":"Back to Basics","floor":20,"gold_loss":0,"cards_upgraded":["Strike_B","Strike_B","Strike_B","Strike_B","Defend_B","Defend_B","Defend_B","Defend_B"]},{"damage_healed":0,"gold_gain":0,"player_choice":"Ignored","damage_taken":0,"max_hp_gain":0,"max_hp_loss":0,"event_name":"Ghosts","floor":24,"gold_loss":0},{"damage_healed":0,"gold_gain":0,"player_choice":"Ignored","damage_taken":0,"max_hp_gain":0,"max_hp_loss":0,"event_name":"Beggar","floor":27,"gold_loss":0},{"damage_healed":0,"gold_gain":0,"player_choice":"Obtained Book","damage_taken":16,"max_hp_gain":0,"max_hp_loss":0,"event_name":"Cursed Tome","floor":29,"gold_loss":0}],"is_beta":false,"boss_relics":[{"not_picked":["Eternal Feather","Ectoplasm"],"picked":"FrozenCore"}],"items_purged_floors":[],"is_endless":false,"potions_floor_spawned":[1,3,5,7,14,16,18,22],"killed_by":"Automaton","ascension_level":0}