{"gold_per_floor":[114,132,57,57,57,57,70,70,141,169,187,187,197,213,213,316,316,327,344,106,118,118,118,148,148],"floor_reached":25,"playtime":852,"items_purged":["Strike_B"],"score":335,"play_id":"a8503bec-4bc6-4b65-8902-f66213ba7eeb","local_time":"20180910225655","is_ascension_mode":true,"campfire_choices":[{"data":"Dualcast","floor":6,"key":"SMITH"},{"floor":8,"key":"REST"},{"floor":15,"key":"REST"},{"data":"Consume","floor":23,"key":"SMITH"}],"neow_cost":"TEN_PERCENT_HP_LOSS","seed_source_timestamp":439968087580343,"circlet_count":0,"master_deck":["Strike_B+1","Defend_B+1","Zap+1","Dualcast+1","AscendersBane","Tempest","White Noise","BootSequence","Storm","Storm","Reboot","Capacitor","Consume+1"],"relics":["Cracked Core","Pear","Bottled Flame","Empty Cage","Gremlin Horn","MutagenicStrength","Anchor"],"potions_floor_usage":[16,16,24,25],"damage_taken":[{"damage":2,"enemies":"Jaw Worm","floor":1,"turns":3},{"damage":6,"enemies":"Cultist","floor":2,"turns":3},{"damage":13,"enemies":"2 Louse","floor":7,"turns":2},{"damage":17,"enemies":"Lagavulin","floor":10,"turns":6},{"damage":0,"enemies":"Blue Slaver","floor":11,"turns":2},{"damage":0,"enemies":"Large Slime","floor":13,"turns":5},{"damage":27,"enemies":"Exordium Thugs","floor":14,"turns":4},{"damage":1,"enemies":"Slime Boss","floor":16,"turns":7},{"damage":21,"enemies":"Shell Parasite","floor":18,"turns":5},{"damage":11,"enemies":"Spheric Guardian","floor":19,"turns":3},{"damage":0,"enemies":"Cultist and Chosen","floor":21,"turns":3},{"damage":33,"enemies":"Book of Stabbing","floor":24,"turns":4},{"damage":18,"enemies":"Snecko","floor":25,"turns":2}],"seed_played":"6598950660568755289","potions_obtained":[{"floor":1,"key":"SpeedPotion"},{"floor":11,"key":"Poison Potion"},{"floor":14,"key":"Energy Potion"},{"floor":21,"key":"AttackPotion"}],"is_trial":false,"path_per_floor":["M","M","$","?","?","R","M","R","T","E","M","?","M","M","R","B",null,"M","M","$","M","?","R","E"],"character_chosen":"DEFECT","items_purchased":["Gremlin Horn"],"campfire_rested":2,"item_purchase_floors":[20],"current_hp_per_floor":[66,60,60,60,46,46,33,53,63,46,46,46,46,26,49,48,71,50,39,39,39,39,39,6,0],"gold":148,"neow_bonus":"REMOVE_TWO","is_prod":false,"is_daily":false,"chose_seed":false,"campfire_upgraded":2,"win_rate":0,"timestamp":1536591415,"path_taken":["M","M","$","?","?","R","M","R","T","E","M","?","M","M","R","BOSS","M","?","$","M","?","R","E","?"],"build_version":"2018-09-06","purchased_purges":1,"victory":false,"max_hp_per_floor":[68,68,68,68,68,68,68,68,78,78,78,78,78,78,78,78,78,78,78,78,78,78,78,78,78],"card_choices":[{"not_picked":["Steam","Doom and Gloom"],"picked":"Tempest","floor":1},{"not_picked":["Turbo","Barrage"],"picked":"White Noise","floor":2},{"not_picked":["Compile Driver","Chaos"],"picked":"BootSequence","floor":7},{"not_picked":["Stack","Beam Cell","Undo"],"picked":"SKIP","floor":10},{"not_picked":["Double Energy","Barrage"],"picked":"Storm","floor":11},{"not_picked":["Leap","Barrage","Streamline"],"picked":"SKIP","floor":13},{"not_picked":["Leap","Barrage","Streamline"],"picked":"SKIP","floor":13},{"not_picked":["Leap","Melter"],"picked":"Storm","floor":14},{"not_picked":["Seek","Hyperbeam"],"picked":"Reboot","floor":16},{"not_picked":["Aggregate","Consume"],"picked":"Capacitor","floor":18},{"not_picked":["Melter","Redo+1","Stack+1"],"picked":"SKIP","floor":19},{"not_picked":["Rebound","Ball Lightning"],"picked":"Consume","floor":21},{"not_picked":["Chill","Skim","Rip and Tear"],"picked":"SKIP","floor":24}],"player_experience":375071,"relics_obtained":[{"floor":9,"key":"Pear"},{"floor":10,"key":"Bottled Flame"},{"floor":24,"key":"Anchor"}],"event_choices":[{"event_name":"Upgrade Shrine","player_choice":"Upgraded","floor":4,"damage_taken":0},{"event_name":"Shining Light","player_choice":"Entered Light","floor":5,"damage_taken":0},{"event_name":"Living Wall","player_choice":"Forget","floor":12,"damage_taken":0},{"event_name":"Drug Dealer","player_choice":"Inject Mutagens","floor":22,"damage_taken":0}],"is_beta":false,"boss_relics":[{"not_picked":["FrozenCore","Busted Crown"],"picked":"Empty Cage"}],"items_purged_floors":[3],"is_endless":false,"potions_floor_spawned":[1,11,14,21],"killed_by":"Snecko","ascension_level":10}