{"gold_per_floor":[114,114,114,139,139,139,170,191,269,304,304,229,229,307,307,398,398,411,411,396,93,93,93,164,178,205,205],"floor_reached":27,"playtime":869,"items_purged":["Storm of Steel"],"score":524,"play_id":"fc0c3926-b5f1-4f84-bbda-3171ae33e564","local_time":"20190506171716","is_ascension_mode":true,"campfire_choices":[{"data":"Noxious Fumes","floor":6.0,"key":"SMITH"},{"data":"Calculated Gamble","floor":11.0,"key":"SMITH"},{"floor":15.0,"key":"REST"},{"data":"Neutralize","floor":23.0,"key":"SMITH"}],"neow_cost":"NONE","seed_source_timestamp":1015234437008318,"circlet_count":0,"master_deck":["AscendersBane","Survivor","Neutralize+1","Noxious Fumes+1","Calculated Gamble+1","Deadly Poison","Well Laid Plans","Riddle With Holes","Distraction","Concentrate","Noxious Fumes","Footwork","Heel Hook","PiercingWail","Catalyst"],"special_seed":0,"relics":["Ring of the Snake","NeowsBlessing","Golden Idol","Anchor","Kunai","Torii","StoneCalendar","Pandora\u0027s Box","TheAbacus","Tiny Chest","Potion Belt"],"potions_floor_usage":[],"damage_taken":[{"damage":0.0,"enemies":"Cultist","floor":1.0,"turns":1.0},{"damage":0.0,"enemies":"Small Slimes","floor":4.0,"turns":1.0},{"damage":0.0,"enemies":"Gremlin Nob","floor":7.0,"turns":2.0},{"damage":0.0,"enemies":"2 Louse","floor":8.0,"turns":3.0},{"damage":36.0,"enemies":"3 Sentries","floor":10.0,"turns":7.0},{"damage":13.0,"enemies":"3 Sentries","floor":14.0,"turns":7.0},{"damage":15.0,"enemies":"The Guardian","floor":16.0,"turns":10.0},{"damage":16.0,"enemies":"Shell Parasite","floor":18.0,"turns":6.0},{"damage":3.0,"enemies":"2 Thieves","floor":20.0,"turns":4.0},{"damage":48,"enemies":"Slavers","floor":24,"turns":6},{"damage":9,"enemies":"3 Cultists","floor":25,"turns":5},{"damage":0,"enemies":"Shelled Parasite and Fungi","floor":27,"turns":2}],"seed_played":"-1829852969284404597","potions_obtained":[{"floor":4.0,"key":"AttackPotion"},{"floor":8.0,"key":"SmokeBomb"},{"floor":14.0,"key":"Dexterity Potion"},{"floor":16.0,"key":"GhostInAJar"},{"floor":18.0,"key":"Energy Potion"},{"floor":20.0,"key":"SpeedPotion"}],"is_trial":false,"path_per_floor":["M","?","?","M","?","R","E","M","T","E","R","?","?","?","R","B",null,"M","?","M","$","?","R","E","M","T","M"],"character_chosen":"THE_SILENT","items_purchased":["TheAbacus"],"campfire_rested":1,"item_purchase_floors":[21],"current_hp_per_floor":[59,59,59,59,59,59,59,59,59,23,23,23,23,10,28,13,48,32,32,29,29,60,60,12,3,3,3],"gold":205,"neow_bonus":"THREE_ENEMY_KILL","is_prod":false,"is_daily":false,"chose_seed":false,"campfire_upgraded":3,"win_rate":0,"timestamp":1557134236,"path_taken":["M","?","?","M","?","R","E","?","T","E","R","?","?","?","R","BOSS","M","?","M","$","?","R","E","?","T","M"],"build_version":"2019-01-23","purchased_purges":1,"victory":false,"max_hp_per_floor":[66,66,60,60,60,60,60,60,60,60,60,60,60,60,60,60,60,60,60,60,60,60,60,60,60,60,60],"card_choices":[{"not_picked":["Prepared","Deadly Poison"],"picked":"Noxious Fumes","floor":1.0},{"not_picked":["Setup","Accuracy","Distraction"],"picked":"SKIP","floor":4.0},{"not_picked":["Unload","Acrobatics"],"picked":"Calculated Gamble","floor":7.0},{"not_picked":["Flying Knee","PiercingWail"],"picked":"Deadly Poison","floor":8.0},{"not_picked":["Dagger Spray","Blade Dance","Bullet Time"],"picked":"SKIP","floor":10.0},{"not_picked":["Flying Knee","Prepared"],"picked":"Well Laid Plans","floor":14.0},{"not_picked":["Slice","Dagger Spray","Sucker Punch"],"picked":"SKIP","floor":18.0},{"not_picked":["Backstab","Sucker Punch"],"picked":"PiercingWail","floor":20.0},{"not_picked":["Dagger Spray","Prepared","Envenom"],"picked":"SKIP","floor":24},{"not_picked":["Underhanded Strike","Riddle With Holes"],"picked":"Catalyst","floor":25}],"player_experience":1562338,"relics_obtained":[{"floor":7.0,"key":"Anchor"},{"floor":9.0,"key":"Kunai"},{"floor":10.0,"key":"Torii"},{"floor":14.0,"key":"StoneCalendar"},{"floor":24,"key":"Tiny Chest"},{"floor":26,"key":"Potion Belt"}],"event_choices":[{"cards_removed":["Strike_G"],"damage_healed":0.0,"max_hp_gain":0.0,"max_hp_loss":0.0,"gold_gain":0.0,"event_name":"Living Wall","player_choice":"Forget","floor":2.0,"gold_loss":0.0,"damage_taken":0.0},{"damage_healed":0.0,"max_hp_gain":0.0,"max_hp_loss":6.0,"gold_gain":0.0,"event_name":"Golden Idol","player_choice":"Lose Max HP","floor":3.0,"gold_loss":0.0,"damage_taken":0.0,"relics_obtained":["Golden Idol"]},{"cards_removed":["Strike_G"],"damage_healed":0.0,"max_hp_gain":0.0,"max_hp_loss":0.0,"gold_gain":0.0,"event_name":"Purifier","player_choice":"Purged","floor":5.0,"gold_loss":0.0,"damage_taken":0.0},{"cards_removed":["Strike_G"],"damage_healed":0.0,"max_hp_gain":0.0,"max_hp_loss":0.0,"gold_gain":0.0,"event_name":"The Cleric","player_choice":"Card Removal","floor":12.0,"gold_loss":75.0,"damage_taken":0.0},{"damage_healed":0.0,"max_hp_gain":0.0,"max_hp_loss":0.0,"gold_gain":0.0,"event_name":"Scrap Ooze","player_choice":"Fled","floor":13.0,"gold_loss":0.0,"damage_taken":0.0},{"damage_healed":0.0,"max_hp_gain":0.0,"max_hp_loss":0.0,"gold_gain":0.0,"event_name":"Dead Adventurer","player_choice":"Searched \u00271\u0027 times","floor":14.0,"gold_loss":0.0,"damage_taken":0.0},{"damage_healed":0.0,"max_hp_gain":0.0,"max_hp_loss":0.0,"gold_gain":0.0,"event_name":"Cursed Tome","player_choice":"Ignored","floor":19.0,"gold_loss":0.0,"damage_taken":0.0},{"damage_healed":31.0,"max_hp_gain":0.0,"max_hp_loss":0.0,"gold_gain":0.0,"event_name":"Wheel of Change","player_choice":"Full Heal","floor":22.0,"gold_loss":0.0,"damage_taken":0.0}],"is_beta":false,"boss_relics":[{"not_picked":["HoveringKite","Ring of the Serpent"],"picked":"Pandora\u0027s Box"}],"items_purged_floors":[21],"is_endless":false,"potions_floor_spawned":[4,8,10,14,16,18,20],"killed_by":"Shelled Parasite and Fungi","ascension_level":20}