{"gold_per_floor":[11,24,36,36,36,65,65,81,107,107,107,107,121,121,121,195,195,207,132,132,142,154,154,1,21,45,45,45,45,45,76,76,153,153,173,173,173,73,98,98,132,132,132,164,164,164,164,178,178,178,178,178,63,98,98],"floor_reached":55,"playtime":2062,"items_purged":["Defend_B","Defend_B+1"],"score":1421,"play_id":"bfb1307c-b92c-4692-97c1-b88f65b1e301","local_time":"20190316210323","is_ascension_mode":true,"campfire_choices":[{"data":"Defragment","floor":7.0,"key":"SMITH"},{"data":"Zap","floor":10.0,"key":"SMITH"},{"data":"Coolheaded","floor":12.0,"key":"SMITH"},{"floor":15.0,"key":"REST"},{"data":"Turbo","floor":23.0,"key":"SMITH"},{"data":"Heatsinks","floor":30.0,"key":"SMITH"},{"floor":32.0,"key":"REST"},{"floor":40.0,"key":"RECALL"},{"floor":42.0,"key":"REST"},{"floor":46.0,"key":"REST"},{"floor":49.0,"key":"REST"},{"floor":52.0,"key":"REST"}],"neow_cost":"NO_GOLD","seed_source_timestamp":0,"circlet_count":0,"master_deck":["AscendersBane","Zap+1","Dualcast+1","Defragment+1","Genetic Algorithm+1","Core Surge+1","Coolheaded+1","Turbo+1","Capacitor+1","Reprogram+1","Multi-Cast+1","Defragment+1","Stack+1","Ball Lightning+1","Coolheaded+1","Heatsinks+1","Echo Form+1","Skim+1","Loop+1","Stack+1","Ghostly+1","Ghostly+1","Ghostly+1","Amplify+1","All For One+1","Biased Cognition","Hologram","Go for the Eyes+1"],"special_seed":0,"relics":["Cracked Core","Ancient Tea Set","Potion Belt","Orrery","DataDisk","Centennial Puzzle","Busted Crown","Mark of the Bloom","Pantograph","Darkstone Periapt","Bird Faced Urn","Whetstone"],"potions_floor_usage":[55],"damage_taken":[{"damage":0.0,"enemies":"Cultist","floor":1.0,"turns":3.0},{"damage":7.0,"enemies":"Small Slimes","floor":2.0,"turns":3.0},{"damage":3.0,"enemies":"2 Louse","floor":3.0,"turns":3.0},{"damage":30.0,"enemies":"Lagavulin","floor":6.0,"turns":8.0},{"damage":10.0,"enemies":"Exordium Wildlife","floor":8.0,"turns":11.0},{"damage":10.0,"enemies":"2 Fungi Beasts","floor":13.0,"turns":3.0},{"damage":1.0,"enemies":"The Guardian","floor":16.0,"turns":14.0},{"damage":8.0,"enemies":"Chosen","floor":18.0,"turns":4.0},{"damage":20.0,"enemies":"3 Byrds","floor":21.0,"turns":6.0},{"damage":10.0,"enemies":"Centurion and Healer","floor":22.0,"turns":7.0},{"damage":8.0,"enemies":"3 Cultists","floor":25.0,"turns":7.0},{"damage":12.0,"enemies":"Slavers","floor":31.0,"turns":6.0},{"damage":0.0,"enemies":"Automaton","floor":33.0,"turns":12.0},{"damage":0.0,"enemies":"Orb Walker","floor":35.0,"turns":4.0},{"damage":0.0,"enemies":"Nemesis","floor":41.0,"turns":7.0},{"damage":0.0,"enemies":"Giant Head","floor":44.0,"turns":9.0},{"damage":4.0,"enemies":"3 Shapes","floor":48.0,"turns":4.0},{"damage":4.0,"enemies":"Donu and Deca","floor":50.0,"turns":9.0},{"damage":0,"enemies":"Shield and Spear","floor":54,"turns":6},{"damage":21,"enemies":"The Heart","floor":55,"turns":6}],"seed_played":"3200709747481156225","potions_obtained":[{"floor":6.0,"key":"Poison Potion"},{"floor":8.0,"key":"Explosive Potion"},{"floor":13.0,"key":"GamblersBrew"},{"floor":16.0,"key":"Swift Potion"},{"floor":21.0,"key":"LiquidBronze"},{"floor":25.0,"key":"Block Potion"},{"floor":48.0,"key":"SteroidPotion"}],"is_trial":false,"path_per_floor":["M","M","M","$","$","E","R","M","T","R","?","R","M","?","R","B",null,"M","?","?","M","M","R","$","M","T","?","?","$","R","E","R","B",null,"M","?","?","$","T","R","E","R","T","E","?","R","?","M","R","B",null,"R","$","E","B"],"character_chosen":"DEFECT","items_purchased":["FocusPotion","Biased Cognition","Hologram"],"campfire_rested":6,"item_purchase_floors":[24,53,53],"current_hp_per_floor":[64,57,54,54,54,24,24,14,14,14,14,14,4,4,25,24,59,51,51,51,31,21,21,21,13,13,13,13,13,13,1,11,11,29,29,29,29,29,29,29,29,29,29,29,29,29,29,25,25,21,21,21,21,21,0],"gold":98,"neow_bonus":"REMOVE_TWO","is_prod":false,"is_daily":false,"chose_seed":true,"campfire_upgraded":5,"win_rate":0,"timestamp":1552741403,"path_taken":["M","?","M","?","$","E","R","M","T","R","?","R","M","?","R","BOSS","M","?","?","M","M","R","$","M","T","?","?","$","R","E","R","BOSS","M","?","?","$","?","R","E","R","T","E","?","R","?","?","R","BOSS","R","$","E","BOSS"],"build_version":"2019-01-23","purchased_purges":2,"victory":false,"max_hp_per_floor":[71,71,71,71,71,71,71,71,71,71,71,71,71,71,71,71,71,71,71,71,71,71,71,71,71,71,71,35,35,35,35,35,35,35,35,35,35,35,35,35,35,35,35,35,35,35,35,35,35,35,35,35,35,35,35],"card_choices":[{"not_picked":["Conserve Battery","Turbo"],"picked":"Defragment","floor":1.0},{"not_picked":["Rebound","Sweeping Beam"],"picked":"Genetic Algorithm","floor":2.0},{"not_picked":["Streamline","Compile Driver"],"picked":"Core Surge","floor":3.0},{"not_picked":["Leap","Gash"],"picked":"Coolheaded","floor":6.0},{"not_picked":["Fusion","Ball Lightning"],"picked":"Turbo","floor":8.0},{"not_picked":["White Noise","Heatsinks"],"picked":"Capacitor","floor":13.0},{"not_picked":["Thunder Strike","Machine Learning"],"picked":"Multi-Cast","floor":16.0},{"not_picked":["Sweeping Beam","Steam Power"],"picked":"Defragment","floor":17.0},{"not_picked":["Barrage","Redo"],"picked":"Stack","floor":17.0},{"not_picked":["Barrage","Force Field"],"picked":"Coolheaded","floor":17.0},{"not_picked":["Steam Power","Chill"],"picked":"Ball Lightning","floor":17.0},{"not_picked":["Sunder+1","Compile Driver"],"picked":"Coolheaded+1","floor":18.0},{"not_picked":["Gash+1","Hologram"],"picked":"Heatsinks","floor":21.0},{"not_picked":["Redo","Turbo"],"picked":"Echo Form","floor":22.0},{"not_picked":["Hologram","Turbo"],"picked":"Skim","floor":25.0},{"not_picked":["Gash","Streamline"],"picked":"Amplify","floor":31.0},{"not_picked":["Hyperbeam","Meteor Strike"],"picked":"All For One","floor":33.0},{"not_picked":["Darkness"],"picked":"SKIP","floor":35.0},{"not_picked":["Rip and Tear"],"picked":"SKIP","floor":41.0},{"not_picked":["Turbo"],"picked":"SKIP","floor":44.0},{"not_picked":["Stack+1"],"picked":"SKIP","floor":48.0},{"not_picked":[],"picked":"Go for the Eyes+1","floor":54}],"player_experience":1205500,"relics_obtained":[{"floor":6.0,"key":"Ancient Tea Set"},{"floor":9.0,"key":"Potion Belt"},{"floor":26.0,"key":"DataDisk"},{"floor":31.0,"key":"Centennial Puzzle"},{"floor":41.0,"key":"Pantograph"},{"floor":43.0,"key":"Darkstone Periapt"},{"floor":44.0,"key":"Bird Faced Urn"},{"floor":54,"key":"Whetstone"}],"event_choices":[{"damage_healed":0.0,"max_hp_gain":0.0,"max_hp_loss":0.0,"gold_gain":0.0,"event_name":"Liars Game","player_choice":"Ignored","floor":11.0,"gold_loss":0.0,"damage_taken":0.0},{"damage_healed":0.0,"max_hp_gain":0.0,"max_hp_loss":0.0,"gold_gain":0.0,"cards_transformed":["Strike_B"],"event_name":"Living Wall","player_choice":"Change","floor":14.0,"gold_loss":0.0,"damage_taken":0.0,"cards_obtained":["Reprogram"]},{"cards_removed":["Strike_B"],"damage_healed":0.0,"max_hp_gain":0.0,"max_hp_loss":0.0,"gold_gain":0.0,"event_name":"Beggar","player_choice":"Gave Gold","floor":19.0,"gold_loss":75.0,"damage_taken":0.0},{"damage_healed":0.0,"max_hp_gain":0.0,"max_hp_loss":0.0,"gold_gain":0.0,"event_name":"The Mausoleum","player_choice":"Ignored","floor":20.0,"gold_loss":0.0,"damage_taken":0.0},{"damage_healed":0.0,"max_hp_gain":0.0,"max_hp_loss":0.0,"gold_gain":0.0,"cards_transformed":["Defend_B","Defend_B"],"event_name":"Drug Dealer","player_choice":"Became Test Subject","floor":27.0,"gold_loss":0.0,"damage_taken":0.0,"cards_obtained":["Loop","Stack"]},{"damage_healed":0.0,"max_hp_gain":0.0,"max_hp_loss":36.0,"gold_gain":0.0,"event_name":"Ghosts","player_choice":"Became a Ghost","floor":28.0,"gold_loss":0.0,"damage_taken":0.0,"cards_obtained":["Ghostly","Ghostly","Ghostly"]},{"damage_healed":0.0,"max_hp_gain":0.0,"max_hp_loss":0.0,"gold_gain":0.0,"event_name":"MindBloom","player_choice":"Upgrade","floor":36.0,"gold_loss":0.0,"damage_taken":0.0,"cards_upgraded":["Defend_B","Dualcast","Genetic Algorithm","Core Surge","Capacitor","Reprogram","Multi-Cast","Defragment","Stack","Coolheaded","Ball Lightning","Echo Form","Skim","Loop","Stack","Ghostly","Ghostly","Ghostly","Amplify","All For One"],"relics_obtained":["Mark of the Bloom"]},{"cards_removed":["Coolheaded"],"damage_healed":0.0,"max_hp_gain":0.0,"max_hp_loss":0.0,"gold_gain":0.0,"event_name":"Falling","player_choice":"Removed Skill","floor":37.0,"gold_loss":0.0,"damage_taken":0.0},{"damage_healed":0.0,"max_hp_gain":0.0,"max_hp_loss":0.0,"gold_gain":0.0,"event_name":"SensoryStone","player_choice":"Memory 1","floor":45.0,"gold_loss":0.0,"damage_taken":0.0},{"damage_healed":0.0,"max_hp_gain":0.0,"max_hp_loss":0.0,"gold_gain":0.0,"event_name":"Tomb of Lord Red Mask","player_choice":"Ignored","floor":47.0,"gold_loss":0.0,"damage_taken":0.0}],"is_beta":false,"boss_relics":[{"not_picked":["Tiny House","Lizard Tail"],"picked":"Orrery"},{"not_picked":["Calling Bell","Velvet Choker"],"picked":"Busted Crown"}],"items_purged_floors":[24,38],"is_endless":false,"potions_floor_spawned":[6,8,13,16,21,25,48],"killed_by":"The Heart","ascension_level":15}