{"gold_per_floor":[20,20,30,44,58,58,86,86,86,106,106,126,143,156,156,257,257,269,282,197,197,122,122,122,139,139,46,58,58,75,87,87,182,232,246,257,257,187,199,199,209,209,209,209,224,237,0,11,11,11],"floor_reached":51,"playtime":7630,"items_purged":["Defend_B"],"score":904,"play_id":"03928137-6c31-4703-9144-0930bd5c2233","local_time":"20180812174349","is_ascension_mode":true,"campfire_choices":[{"data":"Glacier","floor":6.0,"key":"SMITH"},{"floor":8.0,"key":"REST"},{"data":"Dualcast","floor":11.0,"key":"SMITH"},{"floor":15.0,"key":"REST"},{"data":"Defragment","floor":23.0,"key":"SMITH"},{"floor":29.0,"key":"REST"},{"floor":32,"key":"REST"},{"data":"Defragment","floor":40,"key":"SMITH"},{"floor":42,"key":"REST"},{"floor":44,"key":"REST"},{"floor":49,"key":"REST"}],"neow_cost":"NO_GOLD","seed_source_timestamp":0,"circlet_count":0,"master_deck":["Strike_B","Strike_B","Defend_B","Defend_B","Defend_B","Zap+1","Dualcast+1","Rebound","Glacier+1","All For One+1","Steam+1","Defragment+1","Gash","Steam+1","Finesse+1","Gash","Echo Form","Conserve Battery+1","Defragment+1","Defragment+1","Defragment+1"],"special_seed":0,"relics":["Cracked Core","Shuriken","Toxic Egg 2","Sozu","Kunai","Ornamental Fan","Nunchaku","Tiny House","Oddly Smooth Stone","Red Mask"],"potions_floor_usage":[],"damage_taken":[{"damage":3.0,"enemies":"Jaw Worm","floor":1.0,"turns":4.0},{"damage":0.0,"enemies":"Cultist","floor":3.0,"turns":4.0},{"damage":3.0,"enemies":"Small Slimes","floor":4.0,"turns":4.0},{"damage":6.0,"enemies":"3 Louse","floor":5.0,"turns":3.0},{"damage":30.0,"enemies":"Gremlin Nob","floor":7.0,"turns":5.0},{"damage":1.0,"enemies":"Looter","floor":10.0,"turns":3.0},{"damage":0.0,"enemies":"Red Slaver","floor":12.0,"turns":3.0},{"damage":9.0,"enemies":"Exordium Thugs","floor":13.0,"turns":5.0},{"damage":1.0,"enemies":"Looter","floor":14.0,"turns":3.0},{"damage":57.0,"enemies":"Hexaghost","floor":16.0,"turns":12.0},{"damage":3.0,"enemies":"Shell Parasite","floor":18.0,"turns":6.0},{"damage":7.0,"enemies":"Chosen","floor":19.0,"turns":3.0},{"damage":16.0,"enemies":"Snecko","floor":25.0,"turns":6.0},{"damage":11.0,"enemies":"Snake Plant","floor":28.0,"turns":5.0},{"damage":1.0,"enemies":"3 Cultists","floor":30.0,"turns":5.0},{"damage":0,"enemies":"Cultist and Chosen","floor":31,"turns":6},{"damage":0,"enemies":"Champ","floor":33,"turns":10},{"damage":7,"enemies":"Orb Walker","floor":35,"turns":4},{"damage":18,"enemies":"3 Darklings","floor":36,"turns":6},{"damage":8,"enemies":"Maw","floor":39,"turns":8},{"damage":15,"enemies":"4 Shapes","floor":41,"turns":6},{"damage":27,"enemies":"Sphere and 2 Shapes","floor":45,"turns":6},{"damage":43,"enemies":"3 Darklings","floor":46,"turns":7},{"damage":21,"enemies":"Maw","floor":48,"turns":8},{"damage":17,"enemies":"Donu and Deca","floor":50,"turns":14}],"seed_played":"-9135147893665443398","potions_obtained":[{"floor":4.0,"key":"SpeedPotion"},{"floor":10.0,"key":"Explosive Potion"},{"floor":13.0,"key":"Strength Potion"}],"is_trial":false,"path_per_floor":["M","?","M","M","M","R","E","R","T","M","R","M","M","M","R","B",null,"M","M","?","T","$","R","?","M","T","$","M","R","M","M","R","B",null,"M","M","?","$","M","R","M","R","T","R","M","M","?","M","R","B"],"character_chosen":"DEFECT","items_purchased":["Finesse+1","Defragment"],"campfire_rested":7,"item_purchase_floors":[27,38],"current_hp_per_floor":[79,79,79,76,70,70,40,66,66,65,65,65,56,55,81,24,73,70,63,63,63,63,63,63,47,47,47,36,62,61,61,87,87,94,87,69,69,69,61,61,46,74,74,94,67,24,24,3,31,14],"gold":11,"neow_bonus":"TWENTY_PERCENT_HP_BONUS","is_prod":false,"is_daily":false,"chose_seed":false,"campfire_upgraded":4,"win_rate":0,"timestamp":1534088629,"path_taken":["M","?","?","M","M","R","E","R","T","?","R","M","M","M","R","BOSS","M","M","?","?","$","R","?","M","T","?","M","R","M","M","R","BOSS","M","M","?","$","M","R","M","R","T","R","M","M","?","M","R","BOSS"],"build_version":"2018-08-09","purchased_purges":1,"victory":true,"max_hp_per_floor":[89,89,89,89,89,89,89,89,89,89,89,89,89,89,89,89,89,89,89,89,89,89,89,89,89,89,89,89,89,89,89,89,89,94,94,94,94,94,94,94,94,94,94,94,94,94,94,94,94,94],"card_choices":[{"not_picked":["Redo","FTL","Leap"],"picked":"SKIP","floor":1.0},{"not_picked":["Steam","Doom and Gloom","Streamline"],"picked":"SKIP","floor":3.0},{"not_picked":["Hologram","Steam"],"picked":"Rebound","floor":4.0},{"not_picked":["Ball Lightning","Rebound"],"picked":"Glacier","floor":5.0},{"not_picked":["Barrage","Coolheaded","Lockon"],"picked":"SKIP","floor":7.0},{"not_picked":["Storm","Static Discharge","Doom and Gloom"],"picked":"SKIP","floor":10.0},{"not_picked":["Coolheaded+1","Leap+1"],"picked":"All For One","floor":12.0},{"not_picked":["Redo+1","Heatsinks"],"picked":"Steam+1","floor":13.0},{"not_picked":["Recycle+1","Sunder"],"picked":"Defragment","floor":14.0},{"not_picked":["Coolheaded+1","Redo+1"],"picked":"Gash","floor":18.0},{"not_picked":["Barrage","Lockon+1","Coolheaded+1"],"picked":"SKIP","floor":19.0},{"not_picked":["Chill+1","Auto Shields+1"],"picked":"Steam+1","floor":25.0},{"not_picked":["Tempest+1","Reprogram+1","Coolheaded+1"],"picked":"SKIP","floor":28.0},{"not_picked":["FTL","Go for the Eyes"],"picked":"Gash","floor":30.0},{"not_picked":["Tempest+1","Conserve Battery+1","Aggregate+1"],"picked":"SKIP","floor":31},{"not_picked":["All For One","Amplify+1"],"picked":"Echo Form","floor":33},{"not_picked":["Reinforced Body+1","Undo+1","FTL+1"],"picked":"SKIP","floor":35},{"not_picked":["Beam Cell","Compile Driver","Cold Snap"],"picked":"SKIP","floor":36},{"not_picked":["Redo+1","Beam Cell"],"picked":"Defragment+1","floor":39},{"not_picked":["Rebound+1","Heatsinks"],"picked":"Defragment+1","floor":41},{"not_picked":["Compile Driver+1","Rebound+1","Darkness+1"],"picked":"SKIP","floor":45},{"not_picked":["Heatsinks","Leap+1","Barrage+1"],"picked":"SKIP","floor":46},{"not_picked":["Sunder","Blizzard+1","Skim+1"],"picked":"SKIP","floor":48}],"player_experience":411318,"relics_obtained":[{"floor":7.0,"key":"Shuriken"},{"floor":9.0,"key":"Toxic Egg 2"},{"floor":21.0,"key":"Ornamental Fan"},{"floor":26.0,"key":"Nunchaku"},{"floor":43,"key":"Oddly Smooth Stone"}],"event_choices":[{"event_name":"Upgrade Shrine","player_choice":"Upgraded","floor":2.0,"damage_taken":0.0},{"event_name":"Addict","player_choice":"Obtained Relic","floor":20.0,"damage_taken":0.0},{"event_name":"Purifier","player_choice":"One Purge","floor":24.0,"damage_taken":0.0},{"event_name":"Transmorgrifier","player_choice":"Transform","floor":37,"damage_taken":0},{"event_name":"Tomb of Lord Red Mask","player_choice":"Paid","floor":47,"damage_taken":0}],"is_beta":false,"boss_relics":[{"not_picked":["Runic Dome","Busted Crown"],"picked":"Sozu"},{"not_picked":["Calling Bell","Philosopher\u0027s Stone"],"picked":"Tiny House"}],"items_purged_floors":[22],"is_endless":false,"potions_floor_spawned":[4,10,13,18,31,39,41,46],"ascension_level":6}