{"gold_per_floor":[112,35,35,35,49,49,82,102,127,152,9,9,25,50,50,152,152,167,82,163,180,196,224,224,224,224,239,265,283,314,324,324,426,426,442,80,91,106,116,116,151,151],"floor_reached":42,"playtime":1330,"items_purged":["Regret"],"score":693,"play_id":"f80f061a-d2d4-44ce-8f27-475b3e9bad38","local_time":"20180929215916","is_ascension_mode":true,"campfire_choices":[{"data":"Electrodynamics","floor":6,"key":"SMITH"},{"floor":15,"key":"REST"},{"data":"Machine Learning","floor":24,"key":"SMITH"},{"floor":32,"key":"REST"},{"floor":40,"key":"REST"}],"neow_cost":"TEN_PERCENT_HP_LOSS","seed_source_timestamp":380490116867517,"circlet_count":0,"master_deck":["Strike_B","Strike_B","Defend_B","Defend_B","Defend_B+1","Defend_B","Zap","Dualcast+1","Electrodynamics+1","Melter","Self Repair","Reinforced Body","Leap","Ball Lightning","Undo","Thunder Strike","Machine Learning+1","Biased Cognition","Consume+1","Capacitor+1","Tempest+1","Leap+1","Leap+1","Tempest+1","Decay","Regret","Loop+1","Force Field+1","Fusion+1"],"relics":["Cracked Core","Ancient Tea Set","Bottled Tornado","War Paint","StoneCalendar","Pen Nib","Sozu","Lantern","Toxic Egg 2","Bronze Scales","MutagenicStrength","Boot","Red Mask","Turnip","Calling Bell","Blood Vial","Pear","Gambling Chip","Torii","Potion Belt"],"potions_floor_usage":[10],"damage_taken":[{"damage":1,"enemies":"Cultist","floor":1,"turns":3},{"damage":16,"enemies":"Small Slimes","floor":5,"turns":3},{"damage":25,"enemies":"Lagavulin","floor":7,"turns":6},{"damage":0,"enemies":"2 Louse","floor":8,"turns":1},{"damage":0,"enemies":"Gremlin Nob","floor":10,"turns":2},{"damage":3,"enemies":"Blue Slaver","floor":13,"turns":3},{"damage":22,"enemies":"Lagavulin","floor":14,"turns":7},{"damage":15,"enemies":"The Guardian","floor":16,"turns":8},{"damage":0,"enemies":"Spheric Guardian","floor":18,"turns":2},{"damage":0,"enemies":"3 Byrds","floor":21,"turns":2},{"damage":0,"enemies":"Cultist and Chosen","floor":22,"turns":4},{"damage":9,"enemies":"Gremlin Leader","floor":23,"turns":5},{"damage":3,"enemies":"Snecko","floor":27,"turns":5},{"damage":7,"enemies":"Masked Bandits","floor":28,"turns":2},{"damage":13,"enemies":"Snake Plant","floor":29,"turns":3},{"damage":24,"enemies":"Slavers","floor":30,"turns":2},{"damage":1,"enemies":"Chosen and Byrds","floor":31,"turns":4},{"damage":41,"enemies":"Collector","floor":33,"turns":7},{"damage":17,"enemies":"3 Darklings","floor":35,"turns":3},{"damage":15,"enemies":"Orb Walker","floor":37,"turns":3},{"damage":20,"enemies":"Sphere and 2 Shapes","floor":38,"turns":3},{"damage":21,"enemies":"Jaw Worm Horde","floor":39,"turns":2},{"damage":21,"enemies":"Nemesis","floor":41,"turns":5},{"damage":35,"enemies":"Transient","floor":42,"turns":2}],"seed_played":"2245703939969106646","potions_obtained":[{"floor":1,"key":"SpeedPotion"},{"floor":8,"key":"AttackPotion"},{"floor":10,"key":"FairyPotion"}],"is_trial":false,"path_per_floor":["M","$","?","?","M","R","E","M","T","E","$","?","M","E","R","B",null,"M","?","T","M","M","E","R","?","T","M","?","M","E","M","R","B",null,"M","$","M","M","M","R","E"],"character_chosen":"DEFECT","items_purchased":["Self Repair","Thunder Strike","Torii"],"campfire_rested":3,"item_purchase_floors":[2,11,36],"current_hp_per_floor":[67,67,60,42,33,33,15,15,15,15,15,15,19,12,32,24,57,57,57,57,57,64,62,62,62,62,66,66,60,36,35,55,21,66,51,51,38,20,1,24,12,0],"gold":151,"neow_bonus":"THREE_RARE_CARDS","is_prod":false,"is_daily":false,"chose_seed":false,"campfire_upgraded":2,"win_rate":0,"timestamp":1538251156,"path_taken":["M","?","?","?","M","R","E","?","T","E","?","?","M","E","R","BOSS","M","?","?","M","M","E","R","?","T","?","?","M","E","M","R","BOSS","M","$","M","M","M","R","E","?"],"build_version":"2018-09-27","purchased_purges":1,"victory":false,"max_hp_per_floor":[68,68,68,68,68,68,68,68,68,68,68,68,68,68,68,68,68,68,68,68,68,68,68,68,68,68,68,68,68,68,68,68,68,78,78,78,78,78,78,78,78,78],"card_choices":[{"not_picked":["Meteor Strike","Buffer"],"picked":"Electrodynamics","floor":0},{"not_picked":["Hello World","Gash"],"picked":"Melter","floor":1},{"not_picked":["Hello World","Barrage"],"picked":"Reinforced Body","floor":5},{"not_picked":["Ball Lightning","Streamline"],"picked":"Leap","floor":7},{"not_picked":["Barrage","Hologram"],"picked":"Ball Lightning","floor":8},{"not_picked":["Go for the Eyes","Barrage"],"picked":"Undo","floor":10},{"not_picked":["Steam Power","Recycle","Streamline"],"picked":"SKIP","floor":13},{"not_picked":["Steam","Sweeping Beam"],"picked":"Machine Learning","floor":14},{"not_picked":["Creative AI","Reboot"],"picked":"Biased Cognition","floor":16},{"not_picked":["Streamline+1","Defragment"],"picked":"Consume+1","floor":18},{"not_picked":["Double Energy+1","Hello World","Rip and Tear"],"picked":"SKIP","floor":21},{"not_picked":["Cold Snap","Chill+1","Lockon"],"picked":"SKIP","floor":22},{"not_picked":["FTL","Ball Lightning+1"],"picked":"Capacitor+1","floor":23},{"not_picked":["Scrape+1","Coolheaded+1"],"picked":"Tempest+1","floor":27},{"not_picked":["Melter+1","Sweeping Beam+1"],"picked":"Leap+1","floor":28},{"not_picked":["Meteor Strike","Fusion+1","Beam Cell+1"],"picked":"SKIP","floor":29},{"not_picked":["FTL","Steam Power+1"],"picked":"Leap+1","floor":30},{"not_picked":["Ball Lightning","Chill+1"],"picked":"Tempest+1","floor":31},{"not_picked":["Undo+1","Lockon"],"picked":"Loop+1","floor":35},{"not_picked":["Sweeping Beam","Static Discharge"],"picked":"Force Field+1","floor":37},{"not_picked":["Leap+1","Beam Cell","All For One"],"picked":"SKIP","floor":38},{"not_picked":["Go for the Eyes","Sunder+1","Conserve Battery+1"],"picked":"SKIP","floor":39},{"not_picked":["Hyperbeam","Steam+1"],"picked":"Fusion+1","floor":41}],"player_experience":141679,"relics_obtained":[{"floor":7,"key":"Bottled Tornado"},{"floor":9,"key":"War Paint"},{"floor":10,"key":"StoneCalendar"},{"floor":14,"key":"Pen Nib"},{"floor":20,"key":"Toxic Egg 2"},{"floor":23,"key":"Bronze Scales"},{"floor":26,"key":"Boot"},{"floor":28,"key":"Red Mask"},{"floor":30,"key":"Turnip"},{"floor":34,"key":"Blood Vial"},{"floor":34,"key":"Pear"},{"floor":34,"key":"Gambling Chip"},{"floor":41,"key":"Potion Belt"}],"event_choices":[{"event_name":"Golden Wing","player_choice":"Card Removal","floor":3,"damage_taken":0},{"event_name":"Scrap Ooze","player_choice":"success","floor":4,"damage_taken":18},{"event_name":"Living Wall","player_choice":"Forget","floor":12,"damage_taken":0},{"event_name":"Addict","player_choice":"Obtained Relic","floor":19,"damage_taken":0},{"event_name":"Drug Dealer","player_choice":"Inject Mutagens","floor":25,"damage_taken":0},{"event_name":"Masked Bandits","player_choice":"Fought Bandits","floor":28,"damage_taken":0}],"is_beta":true,"boss_relics":[{"not_picked":["Philosopher\u0027s Stone","Fusion Hammer"],"picked":"Sozu"},{"not_picked":["Orrery","Coffee Dripper"],"picked":"Calling Bell"}],"items_purged_floors":[36],"is_endless":false,"potions_floor_spawned":[1,8,10,22,30,31,35,38],"killed_by":"Transient","ascension_level":7}