{"gold_per_floor":[109,109,109,109,184,184,201,234,234,267,267,267,4,41,41,115,115,133,149,249,249,195,195,215,215,239,252,252,286,186,200,200,272,272,284,384,432,432,449,449,479,479,502,528,541,569,586,615,615,615,615,615,615,31,56,56],"floor_reached":57,"playtime":2513,"items_purged":["Strike_R","Strike_R","Strike_R+1"],"score":2988,"play_id":"537c13c4-8c32-491a-8cd1-e9f504beb5c9","local_time":"20190328152542","is_ascension_mode":true,"campfire_choices":[{"data":"Immolate","floor":6.0,"key":"SMITH"},{"data":"Corruption","floor":12.0,"key":"SMITH"},{"data":"Jack Of All Trades","floor":15.0,"key":"SMITH"},{"data":"Feel No Pain","floor":23.0,"key":"SMITH"},{"data":"Body Slam","floor":28.0,"key":"SMITH"},{"data":"Ghostly","floor":32.0,"key":"SMITH"},{"data":"Offering","floor":40.0,"key":"SMITH"},{"data":"Ghostly","floor":42.0,"key":"SMITH"},{"floor":49.0,"key":"RECALL"},{"data":"Finesse","floor":53,"key":"SMITH"}],"neow_cost":"NONE","seed_source_timestamp":0,"circlet_count":0,"master_deck":["AscendersBane","Defend_R","Defend_R","Defend_R","Defend_R","Bash+1","Corruption+1","Immolate+1","Dropkick","Jack Of All Trades+1","Offering+1","Impervious","Feel No Pain+1","Evolve+1","True Grit+1","Body Slam+1","Ghostly+1","Ghostly+1","Ghostly","Battle Trance","Juggernaut+1","Double Tap","Shrug It Off+1","True Grit+1","Finesse+1","Metallicize+1","Power Through+1","Second Wind+1","Disarm","Offering"],"special_seed":0,"relics":["Mark of Pain","Bottled Tornado","Prayer Wheel","Charon\u0027s Ashes","Eternal Feather","Ginger","Frozen Egg 2","Juzu Bracelet","Pen Nib","Ancient Tea Set","Runic Pyramid","Magic Flower","Turnip","Whetstone","Orichalcum","Incense Burner","PreservedInsect","Pear","Bag of Preparation"],"potions_floor_usage":[],"damage_taken":[{"damage":1.0,"enemies":"Cultist","floor":1.0,"turns":4.0},{"damage":0.0,"enemies":"2 Louse","floor":7.0,"turns":1.0},{"damage":25.0,"enemies":"Lagavulin","floor":8.0,"turns":6.0},{"damage":4.0,"enemies":"Gremlin Nob","floor":10.0,"turns":3.0},{"damage":0.0,"enemies":"Small Slimes","floor":14.0,"turns":2.0},{"damage":12.0,"enemies":"Hexaghost","floor":16.0,"turns":7.0},{"damage":6.0,"enemies":"3 Byrds","floor":18.0,"turns":1.0},{"damage":1.0,"enemies":"Chosen","floor":19.0,"turns":5.0},{"damage":13.0,"enemies":"Colosseum Slavers","floor":20.0,"turns":4.0},{"damage":6.0,"enemies":"Colosseum Nobs","floor":20.0,"turns":2.0},{"damage":0.0,"enemies":"Snecko","floor":24.0,"turns":4.0},{"damage":1.0,"enemies":"Centurion and Healer","floor":27.0,"turns":3.0},{"damage":19.0,"enemies":"Gremlin Leader","floor":29.0,"turns":3.0},{"damage":17.0,"enemies":"Shelled Parasite and Fungi","floor":31.0,"turns":3.0},{"damage":9.0,"enemies":"Automaton","floor":33.0,"turns":7.0},{"damage":0.0,"enemies":"Orb Walker","floor":35.0,"turns":4.0},{"damage":1.0,"enemies":"Mind Bloom Boss Battle","floor":36.0,"turns":6.0},{"damage":14.0,"enemies":"2 Orb Walkers","floor":37.0,"turns":4.0},{"damage":0.0,"enemies":"3 Darklings","floor":39.0,"turns":3.0},{"damage":1.0,"enemies":"Nemesis","floor":41.0,"turns":5.0},{"damage":2.0,"enemies":"Reptomancer","floor":44.0,"turns":3.0},{"damage":6.0,"enemies":"Maw","floor":45.0,"turns":6.0},{"damage":1.0,"enemies":"Giant Head","floor":46.0,"turns":6.0},{"damage":3.0,"enemies":"Sphere and 2 Shapes","floor":47.0,"turns":5.0},{"damage":1.0,"enemies":"Nemesis","floor":48.0,"turns":9.0},{"damage":10,"enemies":"Donu and Deca","floor":50,"turns":9},{"damage":6,"enemies":"Awakened One","floor":51,"turns":10},{"damage":6,"enemies":"Shield and Spear","floor":55,"turns":2},{"damage":8,"enemies":"The Heart","floor":56,"turns":10}],"seed_played":"5692206289978411878","potions_obtained":[{"floor":10.0,"key":"Weak Potion"},{"floor":16.0,"key":"SteroidPotion"},{"floor":19.0,"key":"Regen Potion"},{"floor":24.0,"key":"PowerPotion"},{"floor":27.0,"key":"FearPotion"},{"floor":33.0,"key":"Weak Potion"},{"floor":36.0,"key":"SteroidPotion"},{"floor":37.0,"key":"Dexterity Potion"}],"is_trial":false,"path_per_floor":["M","T","?","?","?","R","M","E","T","E","?","R","$","M","R","B",null,"M","M","?","?","?","R","M","?","T","M","R","E","$","M","R","B",null,"M","?","?","?","M","R","E","R","T","E","M","E","M","E","R","B","B",null,"R","$","E","B",null],"character_chosen":"IRONCLAD","items_purchased":["LiquidBronze","Jack Of All Trades","Pear","Offering"],"campfire_rested":0,"item_purchase_floors":[13,13,54,54],"current_hp_per_floor":[67,67,67,67,56,56,56,31,31,27,20,20,20,20,20,8,58,52,51,44,44,44,53,53,37,37,36,37,18,18,1,13,4,29,29,28,14,14,14,29,28,37,37,35,29,28,25,24,37,27,21,33,37,47,41,33],"gold":56,"neow_bonus":"BOSS_RELIC","is_prod":false,"is_daily":false,"chose_seed":true,"campfire_upgraded":9,"win_rate":0,"timestamp":1553757942,"path_taken":["M","?","?","?","?","R","M","E","T","E","?","R","$","M","R","BOSS","M","M","?","?","?","R","M","?","T","M","R","E","$","M","R","BOSS","M","?","?","?","M","R","E","R","T","E","M","E","M","E","R","BOSS","BOSS","R","$","E","BOSS"],"build_version":"2019-01-23","purchased_purges":3,"victory":true,"max_hp_per_floor":[75,75,75,75,75,75,75,75,75,75,75,75,75,75,75,75,75,75,75,75,75,75,75,75,37,37,37,37,37,37,37,37,37,37,37,37,37,37,37,37,37,37,37,37,37,37,37,37,37,37,37,37,37,47,47,47],"card_choices":[{"not_picked":["Iron Wave","Armaments"],"picked":"Corruption","floor":1.0},{"not_picked":["Whirlwind","Wild Strike","Fire Breathing"],"picked":"SKIP","floor":7.0},{"not_picked":["Sentinel","Anger","Carnage"],"picked":"SKIP","floor":8.0},{"not_picked":["Havoc","Perfected Strike"],"picked":"Dropkick","floor":10.0},{"not_picked":["Body Slam","Thunderclap"],"picked":"Offering","floor":14.0},{"not_picked":["Sword Boomerang","Anger","Armaments"],"picked":"SKIP","floor":14.0},{"not_picked":["Limit Break","Brutality"],"picked":"Impervious","floor":16.0},{"not_picked":["Thunderclap","Combust"],"picked":"Feel No Pain","floor":18.0},{"not_picked":["Pommel Strike","Combust","Havoc"],"picked":"SKIP","floor":18.0},{"not_picked":["Havoc","Sword Boomerang","Carnage"],"picked":"SKIP","floor":19.0},{"not_picked":["Warcry","Pommel Strike","Metallicize"],"picked":"SKIP","floor":19.0},{"not_picked":["Perfected Strike","Body Slam"],"picked":"Evolve","floor":20.0},{"not_picked":["Bloodletting","Rage"],"picked":"True Grit+1","floor":24.0},{"not_picked":["Corruption+1","Perfected Strike"],"picked":"Body Slam","floor":24.0},{"not_picked":["Iron Wave","Warcry","Perfected Strike+1"],"picked":"SKIP","floor":27.0},{"not_picked":["Blood for Blood","Headbutt","Twin Strike+1"],"picked":"SKIP","floor":27.0},{"not_picked":["Warcry","True Grit"],"picked":"Battle Trance","floor":29.0},{"not_picked":["Evolve+1","Intimidate+1"],"picked":"Juggernaut+1","floor":31.0},{"not_picked":["Anger","Iron Wave","Headbutt"],"picked":"SKIP","floor":31.0},{"not_picked":["Reaper","Demon Form+1"],"picked":"Double Tap","floor":33.0},{"not_picked":["Sword Boomerang","Cleave"],"picked":"Shrug It Off+1","floor":35.0},{"not_picked":["Sentinel","Ghostly Armor+1"],"picked":"True Grit+1","floor":35.0},{"not_picked":["Enlightenment","Panache+1"],"picked":"Finesse","floor":38.0},{"not_picked":["Flex","Sentinel+1"],"picked":"Metallicize+1","floor":39.0},{"not_picked":["Clothesline","Pommel Strike","Carnage+1"],"picked":"SKIP","floor":39.0},{"not_picked":["Blood for Blood+1","Thunderclap+1"],"picked":"Power Through+1","floor":41.0},{"not_picked":["Flex","Clash","Wild Strike+1"],"picked":"SKIP","floor":44.0},{"not_picked":["Iron Wave","True Grit","Blood for Blood"],"picked":"SKIP","floor":45.0},{"not_picked":["Carnage","Sword Boomerang","Iron Wave"],"picked":"SKIP","floor":45.0},{"not_picked":["Perfected Strike","Seeing Red"],"picked":"Second Wind+1","floor":46.0},{"not_picked":["Juggernaut+1","True Grit+1"],"picked":"Disarm","floor":47.0},{"not_picked":["Warcry","Heavy Blade","Sentinel+1"],"picked":"SKIP","floor":47.0},{"not_picked":["Pummel","Combust+1","Heavy Blade"],"picked":"SKIP","floor":48.0},{"not_picked":["Clothesline","Twin Strike","Demon Form+1"],"picked":"SKIP","floor":55}],"player_experience":1285463,"relics_obtained":[{"floor":2.0,"key":"Bottled Tornado"},{"floor":8.0,"key":"Prayer Wheel"},{"floor":9.0,"key":"Charon\u0027s Ashes"},{"floor":20.0,"key":"Ginger"},{"floor":20.0,"key":"Frozen Egg 2"},{"floor":26.0,"key":"Pen Nib"},{"floor":29.0,"key":"Ancient Tea Set"},{"floor":36.0,"key":"Magic Flower"},{"floor":37.0,"key":"Turnip"},{"floor":41.0,"key":"Whetstone"},{"floor":44.0,"key":"Orichalcum"},{"floor":46.0,"key":"Incense Burner"},{"floor":48.0,"key":"PreservedInsect"},{"floor":55,"key":"Bag of Preparation"}],"event_choices":[{"damage_healed":0.0,"max_hp_gain":0.0,"max_hp_loss":0.0,"gold_gain":0.0,"event_name":"Liars Game","player_choice":"Ignored","floor":3.0,"gold_loss":0.0,"damage_taken":0.0},{"damage_healed":0.0,"max_hp_gain":0.0,"max_hp_loss":0.0,"gold_gain":0.0,"cards_transformed":["Strike_R"],"event_name":"Living Wall","player_choice":"Change","floor":4.0,"gold_loss":0.0,"damage_taken":0.0,"cards_obtained":["Immolate"]},{"damage_healed":0.0,"max_hp_gain":0.0,"max_hp_loss":0.0,"gold_gain":75.0,"event_name":"World of Goop","player_choice":"Gather Gold","floor":5.0,"gold_loss":0.0,"damage_taken":11.0},{"cards_removed":["Strike_R"],"damage_healed":0.0,"max_hp_gain":0.0,"max_hp_loss":0.0,"gold_gain":0.0,"event_name":"Golden Wing","player_choice":"Card Removal","floor":11.0,"gold_loss":0.0,"damage_taken":7.0},{"damage_healed":0.0,"max_hp_gain":0.0,"max_hp_loss":0.0,"gold_gain":0.0,"event_name":"Colosseum","player_choice":"Fight","floor":20.0,"gold_loss":0.0,"damage_taken":0.0},{"damage_healed":0.0,"max_hp_gain":0.0,"max_hp_loss":0.0,"gold_gain":0.0,"event_name":"Colosseum","player_choice":"Fought Nobs","floor":20.0,"gold_loss":0.0,"damage_taken":0.0},{"damage_healed":0.0,"max_hp_gain":0.0,"max_hp_loss":0.0,"gold_gain":0.0,"event_name":"The Mausoleum","player_choice":"Ignored","floor":21.0,"gold_loss":0.0,"damage_taken":0.0},{"damage_healed":0.0,"max_hp_gain":0.0,"max_hp_loss":0.0,"gold_gain":0.0,"event_name":"WeMeetAgain","player_choice":"Paid Gold","floor":22.0,"gold_loss":54.0,"damage_taken":0.0,"relics_obtained":["Juzu Bracelet"]},{"damage_healed":0.0,"max_hp_gain":0.0,"max_hp_loss":38.0,"gold_gain":0.0,"event_name":"Ghosts","player_choice":"Became a Ghost","floor":25.0,"gold_loss":0.0,"damage_taken":0.0,"cards_obtained":["Ghostly","Ghostly","Ghostly"]},{"damage_healed":0.0,"max_hp_gain":0.0,"max_hp_loss":0.0,"gold_gain":0.0,"event_name":"MindBloom","player_choice":"Fight","floor":36.0,"gold_loss":0.0,"damage_taken":0.0},{"damage_healed":0.0,"max_hp_gain":0.0,"max_hp_loss":0.0,"gold_gain":0.0,"event_name":"Mysterious Sphere","player_choice":"Fight","floor":37.0,"gold_loss":0.0,"damage_taken":0.0},{"damage_healed":0.0,"max_hp_gain":0.0,"max_hp_loss":0.0,"gold_gain":0.0,"event_name":"SensoryStone","player_choice":"Memory 1","floor":38.0,"gold_loss":0.0,"damage_taken":0.0}],"is_beta":false,"boss_relics":[{"not_picked":["Snecko Eye","Velvet Choker"],"picked":"Eternal Feather"},{"not_picked":["Empty Cage","Calling Bell"],"picked":"Runic Pyramid"}],"items_purged_floors":[13,30,54],"is_endless":false,"potions_floor_spawned":[10,14,16,19,24,27,33,36,37,41,48],"ascension_level":20}