{"gold_per_floor":[112,112,33,33,48,62,96,271,271,271,25,25,55,81,81,181,181,194,208,227,240,273,273,12,38,38,38,49,49,78,78,78,178,178,192,414,431,100,100,129,166,178,190,227,239,251,21,32,32,32],"floor_reached":50,"playtime":3479,"items_purged":["Doubt"],"score":729,"play_id":"dab4bf6e-53cd-440e-9d9d-6f118a322fba","local_time":"20190427184303","is_ascension_mode":true,"campfire_choices":[{"data":"Cloak And Dagger","floor":12.0,"key":"SMITH"},{"floor":15.0,"key":"REST"},{"floor":23.0,"key":"REST"},{"floor":29.0,"key":"REST"},{"floor":32.0,"key":"REST"},{"floor":42.0,"key":"RECALL"},{"data":"Apotheosis","floor":49.0,"key":"SMITH"}],"neow_cost":"PERCENT_DAMAGE","seed_source_timestamp":6256015721300,"circlet_count":0,"master_deck":["Defend_G","Defend_G","Defend_G","Defend_G","Defend_G","Strike_G","Strike_G","Strike_G","Strike_G","Survivor","Neutralize","Dagger Throw","Noxious Fumes+1","Crippling Poison","Bane","Cloak And Dagger+1","Panache","Well Laid Plans","Noxious Fumes","Bullet Time","Bane","Tactician","Backflip+1","Dagger Spray","Cloak And Dagger","Injury","Decay","Distraction+1","Footwork+1","Predator","After Image+1","Blade Dance+1","Accuracy+1","All Out Attack","Deadly Poison","Apotheosis+1","Writhe","Decay","Expertise+1","Sadistic Nature+1"],"special_seed":0,"relics":["Ring of the Snake","Incense Burner","Bird Faced Urn","Tingsha","Pen Nib","Cursed Key","Red Mask","Frozen Egg 2","Pear","Juzu Bracelet","Eternal Feather","Membership Card","MawBank","Regal Pillow","Darkstone Periapt","Anchor","Ornamental Fan","Oddly Smooth Stone","Lantern"],"potions_floor_usage":[],"damage_taken":[{"damage":7.0,"enemies":"Small Slimes","floor":1.0,"turns":5.0},{"damage":0.0,"enemies":"2 Louse","floor":5.0,"turns":2.0},{"damage":2.0,"enemies":"Cultist","floor":6.0,"turns":5.0},{"damage":19.0,"enemies":"Lagavulin","floor":7.0,"turns":7.0},{"damage":15.0,"enemies":"3 Sentries","floor":14.0,"turns":6.0},{"damage":26.0,"enemies":"Hexaghost","floor":16.0,"turns":9.0},{"damage":0.0,"enemies":"3 Byrds","floor":18.0,"turns":3.0},{"damage":17.0,"enemies":"2 Thieves","floor":19.0,"turns":4.0},{"damage":14.0,"enemies":"Sentry and Sphere","floor":20.0,"turns":5.0},{"damage":31.0,"enemies":"Snecko","floor":21.0,"turns":5.0},{"damage":18.0,"enemies":"Masked Bandits","floor":22.0,"turns":5.0},{"damage":24.0,"enemies":"Gremlin Leader","floor":25.0,"turns":6.0},{"damage":10.0,"enemies":"Snake Plant","floor":28.0,"turns":4.0},{"damage":49.0,"enemies":"Slavers","floor":30.0,"turns":5.0},{"damage":51.0,"enemies":"Collector","floor":33.0,"turns":10.0},{"damage":19.0,"enemies":"3 Darklings","floor":35.0,"turns":6.0},{"damage":0.0,"enemies":"3 Shapes","floor":37.0,"turns":6.0},{"damage":35.0,"enemies":"Reptomancer","floor":40.0,"turns":7.0},{"damage":18.0,"enemies":"Nemesis","floor":44.0,"turns":7.0},{"damage":24.0,"enemies":"Giant Head","floor":46.0,"turns":6.0},{"damage":23.0,"enemies":"Sphere and 2 Shapes","floor":48.0,"turns":6.0},{"damage":86,"enemies":"Awakened One","floor":50,"turns":5}],"seed_played":"1219906472749016163","potions_obtained":[{"floor":1.0,"key":"SpeedPotion"},{"floor":4.0,"key":"Fruit Juice"},{"floor":4.0,"key":"Dexterity Potion"},{"floor":4.0,"key":"LiquidBronze"},{"floor":5.0,"key":"Regen Potion"},{"floor":6.0,"key":"FearPotion"},{"floor":7.0,"key":"Poison Potion"},{"floor":18.0,"key":"Swift Potion"},{"floor":19.0,"key":"FearPotion"},{"floor":20.0,"key":"Strength Potion"},{"floor":28.0,"key":"EssenceOfSteel"},{"floor":30.0,"key":"SkillPotion"},{"floor":35.0,"key":"SmokeBomb"},{"floor":37.0,"key":"LiquidBronze"}],"is_trial":false,"path_per_floor":["M","?","$","?","M","M","E","?","T","?","$","R","?","E","R","B",null,"M","M","M","M","?","R","$","E","T","?","M","R","E","?","R","B",null,"M","?","M","$","?","E","T","R","T","E","?","E","$","M","R","B"],"character_chosen":"THE_SILENT","items_purchased":["Noxious Fumes","Panache","Well Laid Plans","Frozen Egg 2","Membership Card","Accuracy+1","All Out Attack","Deadly Poison","Oddly Smooth Stone","Sadistic Nature+1","Lantern"],"campfire_rested":4,"item_purchase_floors":[3,11,11,24,38,38,38,38,47,47,47],"current_hp_per_floor":[42,42,42,47,47,59,40,40,40,40,40,40,40,31,53,35,75,75,62,56,33,23,45,45,39,39,39,37,62,21,21,46,5,85,74,74,85,85,85,58,58,79,79,69,69,59,59,48,72,0],"gold":32,"neow_bonus":"ONE_RARE_RELIC","is_prod":false,"is_daily":false,"chose_seed":false,"campfire_upgraded":2,"win_rate":0,"timestamp":1556408583,"path_taken":["M","?","$","?","?","M","E","?","T","?","?","R","?","E","R","BOSS","M","M","M","M","?","R","$","E","T","?","?","R","E","?","R","BOSS","M","?","M","$","?","E","?","R","T","E","?","E","?","M","R","BOSS"],"build_version":"2019-01-23","purchased_purges":1,"victory":false,"max_hp_per_floor":[70,70,70,75,75,75,75,75,75,75,75,75,75,75,75,75,75,75,75,75,75,75,75,75,85,85,85,85,85,85,85,85,85,85,85,85,85,85,85,85,85,85,85,85,85,85,85,85,85,85],"card_choices":[{"not_picked":["Terror","Acrobatics"],"picked":"Dagger Throw","floor":1.0},{"not_picked":["Bane","Leg Sweep"],"picked":"Crippling Poison","floor":5.0},{"not_picked":["Outmaneuver","PiercingWail"],"picked":"Bane","floor":6.0},{"not_picked":["PiercingWail","Accuracy"],"picked":"Cloak And Dagger","floor":7.0},{"not_picked":["Underhanded Strike","Riddle With Holes"],"picked":"Noxious Fumes","floor":14.0},{"not_picked":["Glass Knife","Phantasmal Killer"],"picked":"Bullet Time","floor":16.0},{"not_picked":["Dagger Throw","Flechettes+1","Well Laid Plans+1"],"picked":"SKIP","floor":18.0},{"not_picked":["Flying Knee+1","Outmaneuver+1"],"picked":"Bane","floor":19.0},{"not_picked":["Acrobatics+1","Bouncing Flask"],"picked":"Tactician","floor":20.0},{"not_picked":["Leg Sweep","Quick Slash+1"],"picked":"Backflip+1","floor":21.0},{"not_picked":["Dagger Throw+1","Slice"],"picked":"Dagger Spray","floor":22.0},{"not_picked":["Dagger Spray+1","Slice"],"picked":"Cloak And Dagger","floor":25.0},{"not_picked":["Underhanded Strike","Acrobatics"],"picked":"Distraction+1","floor":28.0},{"not_picked":["A Thousand Cuts+1","Backflip+1"],"picked":"Footwork+1","floor":30.0},{"not_picked":["Wraith Form v2+1","Doppelganger"],"picked":"After Image+1","floor":33.0},{"not_picked":["Dodge and Roll","Eviscerate","Prepared+1"],"picked":"SKIP","floor":35.0},{"not_picked":["PiercingWail","Slice"],"picked":"Blade Dance+1","floor":37.0},{"not_picked":["Violence","Blind"],"picked":"Apotheosis","floor":39.0},{"not_picked":["Predator","Deadly Poison","Caltrops+1"],"picked":"SKIP","floor":40.0},{"not_picked":["Blade Dance","Leg Sweep"],"picked":"Expertise+1","floor":44.0},{"not_picked":["Terror","Backflip","PiercingWail"],"picked":"SKIP","floor":48.0}],"player_experience":160217,"relics_obtained":[{"floor":7.0,"key":"Bird Faced Urn"},{"floor":9.0,"key":"Tingsha"},{"floor":14.0,"key":"Pen Nib"},{"floor":22.0,"key":"Red Mask"},{"floor":25.0,"key":"Pear"},{"floor":30.0,"key":"Juzu Bracelet"},{"floor":40.0,"key":"MawBank"},{"floor":41.0,"key":"Regal Pillow"},{"floor":43.0,"key":"Darkstone Periapt"},{"floor":44.0,"key":"Anchor"},{"floor":45.0,"key":"Ornamental Fan"}],"event_choices":[{"damage_healed":0.0,"max_hp_gain":0.0,"max_hp_loss":0.0,"gold_gain":0.0,"event_name":"Golden Wing","player_choice":"Ignored","floor":2.0,"gold_loss":0.0,"damage_taken":0.0},{"damage_healed":0.0,"max_hp_gain":0.0,"max_hp_loss":0.0,"gold_gain":0.0,"event_name":"Lab","player_choice":"Got Potions","floor":4.0,"gold_loss":0.0,"damage_taken":0.0},{"damage_healed":0.0,"max_hp_gain":0.0,"max_hp_loss":0.0,"gold_gain":175.0,"event_name":"Liars Game","player_choice":"AGREE","floor":8.0,"gold_loss":0.0,"damage_taken":0.0,"cards_obtained":["Doubt"]},{"damage_healed":0.0,"max_hp_gain":0.0,"max_hp_loss":0.0,"gold_gain":0.0,"event_name":"Living Wall","player_choice":"Grow","floor":10.0,"gold_loss":0.0,"damage_taken":0.0,"cards_upgraded":["Noxious Fumes"]},{"damage_healed":0.0,"max_hp_gain":0.0,"max_hp_loss":0.0,"gold_gain":30.0,"event_name":"Dead Adventurer","player_choice":"Searched \u00271\u0027 times","floor":13.0,"gold_loss":0.0,"damage_taken":0.0},{"damage_healed":0.0,"max_hp_gain":0.0,"max_hp_loss":0.0,"gold_gain":0.0,"event_name":"Masked Bandits","player_choice":"Fought Bandits","floor":22.0,"gold_loss":0.0,"damage_taken":0.0},{"damage_healed":0.0,"max_hp_gain":0.0,"max_hp_loss":0.0,"gold_gain":0.0,"event_name":"Wheel of Change","player_choice":"Cursed","floor":27.0,"gold_loss":0.0,"damage_taken":0.0,"cards_obtained":["Decay"]},{"damage_healed":0.0,"max_hp_gain":0.0,"max_hp_loss":0.0,"gold_gain":0.0,"cards_transformed":["Strike_G"],"event_name":"Transmorgrifier","player_choice":"Transformed","floor":31.0,"gold_loss":0.0,"damage_taken":0.0,"cards_obtained":["Predator"]},{"damage_healed":0.0,"max_hp_gain":0.0,"max_hp_loss":0.0,"gold_gain":222.0,"event_name":"Tomb of Lord Red Mask","player_choice":"Wore Mask","floor":36.0,"gold_loss":0.0,"damage_taken":0.0},{"damage_healed":0.0,"max_hp_gain":0.0,"max_hp_loss":0.0,"gold_gain":0.0,"event_name":"SensoryStone","player_choice":"Memory 1","floor":39.0,"gold_loss":0.0,"damage_taken":0.0},{"damage_healed":0.0,"max_hp_gain":0.0,"max_hp_loss":0.0,"gold_gain":0.0,"event_name":"Wheel of Change","player_choice":"Relic","floor":45.0,"gold_loss":0.0,"damage_taken":0.0}],"is_beta":false,"boss_relics":[{"not_picked":["Lizard Tail","Philosopher\u0027s Stone"],"picked":"Cursed Key"},{"not_picked":["Runic Dome","HoveringKite"],"picked":"Eternal Feather"}],"items_purged_floors":[38],"is_endless":false,"potions_floor_spawned":[1,5,6,7,18,19,20,28,30,35,37,46],"killed_by":"Awakened One","ascension_level":2}