{"gold_per_floor":[112,112,124,140,140,167,167,181,208,233,245,271,283,329,341,444,456,489,501,513,549,574,586,598],"floor_reached":24,"playtime":1321,"items_purged":[],"score":516,"play_id":"507683fa-76be-4a5d-8a91-51154717a0c1","local_time":"20190309180520","is_ascension_mode":true,"campfire_choices":[{"floor":7,"key":"REST"},{"floor":15,"key":"REST"},{"floor":23,"key":"REST"}],"neow_cost":"NONE","seed_source_timestamp":691879556787575,"circlet_count":0,"master_deck":["AscendersBane","Strike_B","Strike_B","Defend_B","Defend_B","Defend_B","Defend_B","Zap","Dualcast","Sweeping Beam","Beam Cell","Cold Snap","Rainbow","Ball Lightning","Creative AI","Injury","BootSequence","Core Surge","Conserve Battery","Reboot","Self Repair","Glacier+1"],"relics":["Cracked Core","NeowsBlessing","Centennial Puzzle","Bag of Preparation","MawBank","Golden Idol","Gremlin Horn","Inserter"],"potions_floor_usage":[6,6,10,14,22],"damage_taken":[{"damage":0,"enemies":"Small Slimes","floor":1,"turns":1},{"damage":0,"enemies":"Cultist","floor":3,"turns":1},{"damage":0,"enemies":"Jaw Worm","floor":4,"turns":1},{"damage":32,"enemies":"3 Sentries","floor":6,"turns":5},{"damage":2,"enemies":"Exordium Wildlife","floor":8,"turns":3},{"damage":13,"enemies":"Gremlin Gang","floor":10,"turns":3},{"damage":7,"enemies":"2 Fungi Beasts","floor":12,"turns":3},{"damage":24,"enemies":"Gremlin Nob","floor":14,"turns":4},{"damage":0,"enemies":"Slime Boss","floor":16,"turns":7},{"damage":17,"enemies":"2 Thieves","floor":18,"turns":3},{"damage":12,"enemies":"Chosen","floor":21,"turns":6},{"damage":32,"enemies":"Snake Plant","floor":22,"turns":7},{"damage":38,"enemies":"Chosen and Byrds","floor":24,"turns":5}],"seed_played":"-3069749268821637210","potions_obtained":[{"floor":3,"key":"SneckoOil"},{"floor":4,"key":"AttackPotion"},{"floor":10,"key":"Fruit Juice"},{"floor":12,"key":"Ancient Potion"},{"floor":18,"key":"Block Potion"}],"is_trial":false,"path_per_floor":["M","?","M","M","?","E","R","M","T","M","$","M","?","E","R","B",null,"M","?","$","M","M","R","M"],"character_chosen":"DEFECT","items_purchased":[],"campfire_rested":3,"item_purchase_floors":[],"current_hp_per_floor":[64,64,64,64,64,32,53,51,51,43,43,36,36,12,34,34,66,49,49,49,37,12,34,0],"gold":598,"neow_bonus":"THREE_ENEMY_KILL","is_prod":false,"is_daily":false,"chose_seed":false,"campfire_upgraded":0,"win_rate":0,"timestamp":1552172720,"path_taken":["M","?","M","?","?","E","R","M","T","?","$","M","?","E","R","BOSS","M","?","$","?","M","R","M"],"build_version":"2019-01-23","purchased_purges":0,"victory":false,"max_hp_per_floor":[71,71,71,71,71,71,71,71,71,76,76,76,76,76,76,76,76,76,76,76,76,76,76,76],"card_choices":[{"not_picked":["Compile Driver","Redo"],"picked":"Sweeping Beam","floor":1},{"not_picked":["Coolheaded","Rebound"],"picked":"Beam Cell","floor":3},{"not_picked":["Fusion","Coolheaded"],"picked":"Cold Snap","floor":4},{"not_picked":["Darkness","Aggregate","Rebound"],"picked":"SKIP","floor":6},{"not_picked":["Lockon","Defragment"],"picked":"Rainbow","floor":8},{"not_picked":["Sweeping Beam","Rebound"],"picked":"Ball Lightning","floor":10},{"not_picked":["Tempest","Beam Cell"],"picked":"Creative AI","floor":12},{"not_picked":["Streamline","Leap"],"picked":"BootSequence","floor":14},{"not_picked":["Meteor Strike","Machine Learning"],"picked":"Core Surge","floor":16},{"not_picked":["Compile Driver","Hologram"],"picked":"Conserve Battery","floor":18},{"not_picked":["Ball Lightning","Stack+1"],"picked":"Self Repair","floor":21},{"not_picked":["Redo+1","Streamline"],"picked":"Glacier+1","floor":22}],"player_experience":864568,"relics_obtained":[{"floor":5,"key":"Centennial Puzzle"},{"floor":6,"key":"Bag of Preparation"},{"floor":9,"key":"MawBank"},{"floor":14,"key":"Gremlin Horn"}],"event_choices":[{"cards_removed":["Strike_B"],"damage_healed":0,"gold_gain":0,"player_choice":"Purged","damage_taken":0,"max_hp_gain":0,"max_hp_loss":0,"event_name":"Purifier","floor":2,"gold_loss":0},{"damage_healed":0,"gold_gain":0,"player_choice":"Relic","damage_taken":0,"max_hp_gain":0,"max_hp_loss":0,"event_name":"Wheel of Change","floor":5,"gold_loss":0},{"damage_healed":0,"gold_gain":0,"player_choice":"Take Wound","damage_taken":0,"relics_obtained":["Golden Idol"],"max_hp_gain":0,"max_hp_loss":0,"event_name":"Golden Idol","floor":13,"gold_loss":0,"cards_obtained":["Injury"]},{"damage_healed":0,"gold_gain":0,"cards_transformed":["Strike_B"],"player_choice":"Transformed","damage_taken":0,"max_hp_gain":0,"max_hp_loss":0,"event_name":"Transmorgrifier","floor":19,"gold_loss":0,"cards_obtained":["Reboot"]}],"is_beta":false,"boss_relics":[{"not_picked":["Coffee Dripper","Empty Cage"],"picked":"Inserter"}],"items_purged_floors":[],"is_endless":false,"potions_floor_spawned":[3,4,10,12,18],"killed_by":"Chosen and Byrds","ascension_level":20}