{"gold_per_floor":[10,23,40,115,131,131,131,131,201,235,235,235,42,62,62,166,166,180,194,194,194,208,208,218,218,218,252,38,116,116],"floor_reached":30,"playtime":2450,"items_purged":[],"score":285,"play_id":"92aeab9e-1d10-4a1c-aecf-ae54f7c7e1da","local_time":"20190105123026","is_ascension_mode":true,"campfire_choices":[{"data":"Inflame","floor":6,"key":"SMITH"},{"data":"Armaments","floor":8,"key":"SMITH"},{"data":"Bash","floor":11,"key":"SMITH"},{"data":"Shrug It Off","floor":15,"key":"SMITH"},{"floor":23,"key":"REST"},{"floor":25,"key":"REST"}],"neow_cost":"NO_GOLD","seed_source_timestamp":130335134182108,"circlet_count":0,"master_deck":["Strike_R","Strike_R","Strike_R","Strike_R","Strike_R","Defend_R","Defend_R","Defend_R","Defend_R","Bash+1","Cleave","Armaments+1","Battle Trance","Inflame+1","Shrug It Off+1","Power Through","Bludgeon","Searing Blow","Pommel Strike","Flex+1","Clothesline","Berserk+1","Panache+1"],"relics":["Burning Blood","Unceasing Top","Frozen Egg 2","Happy Flower","Regal Pillow","White Beast Statue","Pantograph","Kunai","Paper Frog"],"potions_floor_usage":[5,10,16,16,19,20,20,24,27,29,30],"damage_taken":[{"damage":2,"enemies":"Jaw Worm","floor":1,"turns":3},{"damage":0,"enemies":"2 Louse","floor":2,"turns":2},{"damage":0,"enemies":"Cultist","floor":3,"turns":3},{"damage":22,"enemies":"Large Slime","floor":5,"turns":10},{"damage":25,"enemies":"3 Sentries","floor":10,"turns":9},{"damage":13,"enemies":"Exordium Thugs","floor":14,"turns":4},{"damage":7,"enemies":"The Guardian","floor":16,"turns":11},{"damage":39,"enemies":"3 Byrds","floor":18,"turns":8},{"damage":24,"enemies":"2 Thieves","floor":19,"turns":4},{"damage":14,"enemies":"Colosseum Slavers","floor":20,"turns":8},{"damage":25,"enemies":"Snake Plant","floor":22,"turns":7},{"damage":33,"enemies":"Sentry and Sphere","floor":24,"turns":6},{"damage":50,"enemies":"Gremlin Leader","floor":27,"turns":10},{"damage":40,"enemies":"Book of Stabbing","floor":30,"turns":5}],"seed_played":"-1396204157558572244","potions_obtained":[{"floor":3,"key":"Regen Potion"},{"floor":5,"key":"Regen Potion"},{"floor":10,"key":"Block Potion"},{"floor":16,"key":"SpeedPotion"},{"floor":18,"key":"Explosive Potion"},{"floor":19,"key":"GamblersBrew"},{"floor":22,"key":"GamblersBrew"},{"floor":24,"key":"GamblersBrew"},{"floor":27,"key":"Fruit Juice"}],"is_trial":false,"path_per_floor":["M","M","M","?","M","R","$","R","T","E","R","?","$","M","R","B",null,"M","M","?","?","M","R","M","R","T","E","$","T","E"],"character_chosen":"IRONCLAD","items_purchased":["Regal Pillow","Strength Potion","Panache+1","Block Potion"],"campfire_rested":2,"item_purchase_floors":[13,13,28,28],"current_hp_per_floor":[80,80,80,69,68,68,68,68,68,64,64,64,64,57,57,56,80,47,29,21,47,28,67,40,79,79,35,35,40,0],"gold":116,"neow_bonus":"ONE_RARE_RELIC","is_prod":false,"is_daily":false,"chose_seed":false,"campfire_upgraded":4,"win_rate":0,"timestamp":1546687826,"path_taken":["M","M","M","?","M","R","$","R","T","E","R","?","$","M","R","BOSS","M","M","?","?","M","R","M","R","T","E","$","?","E"],"build_version":"2019-01-03v4","purchased_purges":0,"victory":false,"max_hp_per_floor":[80,80,80,80,80,80,80,80,80,80,80,80,80,80,80,80,80,80,80,80,80,80,80,80,80,80,80,80,85,85],"card_choices":[{"not_picked":["Iron Wave","Intimidate"],"picked":"Cleave","floor":1},{"not_picked":["Disarm","Sword Boomerang"],"picked":"Armaments","floor":2},{"not_picked":["True Grit","Combust"],"picked":"Battle Trance","floor":3},{"not_picked":["Sentinel","Cleave"],"picked":"Inflame","floor":5},{"not_picked":["Thunderclap","Blood for Blood"],"picked":"Shrug It Off","floor":10},{"not_picked":["Body Slam","Combust+1"],"picked":"Power Through","floor":14},{"not_picked":["Immolate","Fiend Fire"],"picked":"Bludgeon","floor":16},{"not_picked":["Clash","Sword Boomerang"],"picked":"Searing Blow","floor":18},{"not_picked":["Thunderclap+1","Body Slam"],"picked":"Pommel Strike","floor":19},{"not_picked":["Perfected Strike","Bludgeon"],"picked":"Flex+1","floor":22},{"not_picked":["Feel No Pain+1","True Grit"],"picked":"Clothesline","floor":24},{"not_picked":["Sever Soul","Anger"],"picked":"Berserk+1","floor":27}],"player_experience":291664,"relics_obtained":[{"floor":9,"key":"Frozen Egg 2"},{"floor":10,"key":"Happy Flower"},{"floor":26,"key":"Pantograph"},{"floor":27,"key":"Kunai"},{"floor":29,"key":"Paper Frog"}],"event_choices":[{"damage_healed":0,"gold_gain":75,"player_choice":"Gather Gold","damage_taken":11,"max_hp_gain":0,"max_hp_loss":0,"event_name":"World of Goop","floor":4,"gold_loss":0},{"damage_healed":0,"gold_gain":0,"player_choice":"Leave","damage_taken":0,"max_hp_gain":0,"max_hp_loss":0,"event_name":"The Cleric","floor":12,"gold_loss":0},{"damage_healed":0,"gold_gain":0,"player_choice":"Fight","damage_taken":0,"max_hp_gain":0,"max_hp_loss":0,"event_name":"Colosseum","floor":20,"gold_loss":0},{"damage_healed":0,"gold_gain":0,"player_choice":"Fled From Nobs","damage_taken":0,"max_hp_gain":0,"max_hp_loss":0,"event_name":"Colosseum","floor":20,"gold_loss":0},{"damage_healed":26,"gold_gain":0,"player_choice":"Heal","damage_taken":0,"max_hp_gain":0,"max_hp_loss":0,"event_name":"The Library","floor":21,"gold_loss":0}],"is_beta":false,"boss_relics":[{"not_picked":["Empty Cage","Philosopher\u0027s Stone"],"picked":"White Beast Statue"}],"items_purged_floors":[],"is_endless":false,"potions_floor_spawned":[3,5,10,16,18,19,20,22,24,27],"killed_by":"Book of Stabbing","ascension_level":3}