{"gold_per_floor":[111,128,128,128,128,161,161,236,261,277,318,318,179,149,149,272,272,285,285,301,301,319,319,319,358,382,382,421,371,386,386,386,511,511,527,527,652,652,652,652,652],"floor_reached":41,"playtime":2055,"items_purged":["Defend_R","Parasite"],"score":453,"play_id":"0affa929-1ddb-4d54-b82e-e386bb2134fe","local_time":"20190504203739","is_ascension_mode":true,"campfire_choices":[{"floor":7,"key":"REST"},{"floor":15,"key":"REST"},{"floor":23,"key":"REST"},{"floor":27,"key":"REST"},{"floor":32,"key":"REST"},{"floor":40,"key":"REST"}],"neow_cost":"NONE","seed_source_timestamp":26454286775100,"circlet_count":0,"master_deck":["Strike_R","Strike_R","Strike_R","Strike_R","Strike_R","Defend_R","Defend_R+1","Defend_R+1","Bash","Shrug It Off","Dropkick","Flame Barrier","Rage","Metallicize","Spot Weakness","Body Slam+1","Iron Wave+1","Juggernaut","Injury","Pain","Doubt","Cleave+1","Madness","Madness","Spot Weakness+1"],"relics":["Busted Crown","Golden Idol","Letter Opener","Question Card","Dream Catcher","Smiling Mask","Runic Pyramid","MutagenicStrength","Art of War","Ancient Tea Set","WingedGreaves","Shuriken","Calling Bell","Bag of Preparation","Molten Egg 2","Torii","Shovel"],"potions_floor_usage":[8,11,16,28,30,33,35,37,41],"damage_taken":[{"damage":0,"enemies":"Small Slimes","floor":1,"turns":2},{"damage":1,"enemies":"2 Louse","floor":2,"turns":3},{"damage":27,"enemies":"Gremlin Nob","floor":6,"turns":5},{"damage":2,"enemies":"Gremlin Nob","floor":8,"turns":3},{"damage":6,"enemies":"Jaw Worm","floor":10,"turns":2},{"damage":25,"enemies":"Lagavulin","floor":11,"turns":7},{"damage":0,"enemies":"Looter","floor":14,"turns":4},{"damage":12,"enemies":"The Guardian","floor":16,"turns":10},{"damage":11,"enemies":"3 Byrds","floor":18,"turns":5},{"damage":0,"enemies":"Chosen","floor":20,"turns":4},{"damage":6,"enemies":"Centurion and Healer","floor":22,"turns":5},{"damage":20,"enemies":"Book of Stabbing","floor":25,"turns":6},{"damage":27,"enemies":"Gremlin Leader","floor":28,"turns":6},{"damage":24,"enemies":"Snake Plant","floor":30,"turns":4},{"damage":12,"enemies":"Automaton","floor":33,"turns":10},{"damage":20,"enemies":"3 Shapes","floor":35,"turns":5},{"damage":12,"enemies":"Mind Bloom Boss Battle","floor":37,"turns":6},{"damage":72,"enemies":"Reptomancer","floor":41,"turns":5}],"seed_played":"4533286280398405462","potions_obtained":[{"floor":6,"key":"SteroidPotion"},{"floor":8,"key":"LiquidBronze"},{"floor":11,"key":"PowerPotion"},{"floor":16,"key":"Energy Potion"},{"floor":20,"key":"BloodPotion"},{"floor":28,"key":"Explosive Potion"},{"floor":30,"key":"Block Potion"},{"floor":35,"key":"LiquidBronze"}],"is_trial":false,"path_per_floor":["M","M","?","?","?","E","R","?","T","M","E","?","$","M","R","B",null,"M","?","M","?","M","R","?","E","T","R","E","$","M","T","R","B",null,"M","?","?","?","?","R","E"],"character_chosen":"IRONCLAD","items_purchased":["Metallicize","SteroidPotion"],"campfire_rested":6,"item_purchase_floors":[13,13],"current_hp_per_floor":[80,79,63,80,80,53,77,75,75,69,44,64,64,64,80,68,80,69,69,69,69,63,80,80,60,60,80,53,53,36,36,59,47,77,57,57,45,45,35,58,0],"gold":652,"neow_bonus":"BOSS_RELIC","is_prod":false,"is_daily":false,"chose_seed":false,"campfire_upgraded":0,"win_rate":0,"timestamp":1557016659,"path_taken":["M","M","?","?","?","E","R","?","T","M","E","?","$","M","R","BOSS","M","?","M","?","M","R","?","E","T","R","E","?","M","?","R","BOSS","M","?","?","?","?","R","E"],"build_version":"2019-01-23","purchased_purges":2,"victory":false,"max_hp_per_floor":[80,80,80,80,80,80,80,80,80,80,80,80,80,80,80,80,80,80,80,80,80,80,80,80,80,80,80,80,77,77,77,77,77,77,77,77,77,77,77,77,77],"card_choices":[{"not_picked":[],"picked":"Shrug It Off","floor":1},{"not_picked":["Thunderclap"],"picked":"SKIP","floor":2},{"not_picked":["Havoc"],"picked":"SKIP","floor":6},{"not_picked":["Flex"],"picked":"Dropkick","floor":8},{"not_picked":["Shrug It Off"],"picked":"Flame Barrier","floor":10},{"not_picked":["Cleave"],"picked":"Rage","floor":11},{"not_picked":["Sword Boomerang"],"picked":"Spot Weakness","floor":14},{"not_picked":["Shrug It Off","Bloodletting+1"],"picked":"SKIP","floor":18},{"not_picked":["Flex+1"],"picked":"Body Slam+1","floor":20},{"not_picked":["Sentinel","Thunderclap"],"picked":"SKIP","floor":22},{"not_picked":["Flex"],"picked":"Fire Breathing","floor":25},{"not_picked":["Second Wind","Dark Embrace"],"picked":"SKIP","floor":28},{"not_picked":["Thunderclap"],"picked":"Iron Wave+1","floor":30},{"not_picked":["Brutality"],"picked":"Juggernaut","floor":33},{"not_picked":["Shrug It Off","Headbutt+1"],"picked":"SKIP","floor":35},{"not_picked":["Warcry"],"picked":"Cleave+1","floor":37},{"not_picked":["Sever Soul+1"],"picked":"Spot Weakness+1","floor":40}],"player_experience":93675,"relics_obtained":[{"floor":6,"key":"Letter Opener"},{"floor":9,"key":"Dream Catcher"},{"floor":11,"key":"Smiling Mask"},{"floor":25,"key":"Art of War"},{"floor":26,"key":"Ancient Tea Set"},{"floor":28,"key":"WingedGreaves"},{"floor":31,"key":"Shuriken"},{"floor":34,"key":"Bag of Preparation"},{"floor":34,"key":"Molten Egg 2"},{"floor":34,"key":"Torii"},{"floor":37,"key":"Shovel"}],"event_choices":[{"damage_healed":0,"gold_gain":0,"player_choice":"Entered Light","damage_taken":16,"max_hp_gain":0,"max_hp_loss":0,"event_name":"Shining Light","floor":3,"gold_loss":0,"cards_upgraded":["Defend_R","Defend_R"]},{"damage_healed":26,"gold_gain":0,"player_choice":"Banana","damage_taken":0,"max_hp_gain":0,"max_hp_loss":0,"event_name":"Big Fish","floor":4,"gold_loss":0},{"damage_healed":0,"gold_gain":0,"player_choice":"Take Wound","damage_taken":0,"relics_obtained":["Golden Idol"],"max_hp_gain":0,"max_hp_loss":0,"event_name":"Golden Idol","floor":5,"gold_loss":0,"cards_obtained":["Injury"]},{"damage_healed":0,"gold_gain":0,"player_choice":"Searched \u00273\u0027 times","damage_taken":0,"relics_obtained":["Question Card"],"max_hp_gain":0,"max_hp_loss":0,"event_name":"Dead Adventurer","floor":8,"gold_loss":0},{"damage_healed":20,"gold_gain":0,"player_choice":"Healed and dodged fight","damage_taken":0,"max_hp_gain":0,"max_hp_loss":0,"event_name":"Mushrooms","floor":12,"gold_loss":0,"cards_obtained":["Parasite"]},{"cards_removed":["Injury"],"damage_healed":0,"gold_gain":0,"player_choice":"Elegance","damage_taken":0,"max_hp_gain":0,"max_hp_loss":0,"event_name":"Back to Basics","floor":19,"gold_loss":0},{"damage_healed":0,"gold_gain":0,"player_choice":"Inject Mutagens","damage_taken":0,"relics_obtained":["MutagenicStrength"],"max_hp_gain":0,"max_hp_loss":0,"event_name":"Drug Dealer","floor":21,"gold_loss":0},{"damage_healed":0,"gold_gain":0,"player_choice":"Ignored","damage_taken":0,"max_hp_gain":0,"max_hp_loss":0,"event_name":"Cursed Tome","floor":24,"gold_loss":0},{"cards_removed":["Fire Breathing"],"damage_healed":0,"gold_gain":0,"player_choice":"Removed Power","damage_taken":0,"max_hp_gain":0,"max_hp_loss":0,"event_name":"Falling","floor":36,"gold_loss":0},{"damage_healed":0,"gold_gain":0,"player_choice":"Fight","damage_taken":0,"max_hp_gain":0,"max_hp_loss":0,"event_name":"MindBloom","floor":37,"gold_loss":0},{"damage_healed":0,"gold_gain":0,"player_choice":"Ignored","damage_taken":0,"max_hp_gain":0,"max_hp_loss":0,"event_name":"Tomb of Lord Red Mask","floor":38,"gold_loss":0},{"damage_healed":0,"gold_gain":0,"player_choice":"Embrace Madness","damage_taken":10,"max_hp_gain":0,"max_hp_loss":0,"event_name":"Winding Halls","floor":39,"gold_loss":0,"cards_obtained":["Madness","Madness"]}],"is_beta":false,"boss_relics":[{"not_picked":["Coffee Dripper","Mark of Pain"],"picked":"Runic Pyramid"},{"not_picked":["Runic Dome","Pandora\u0027s Box"],"picked":"Calling Bell"}],"items_purged_floors":[13,29],"is_endless":false,"potions_floor_spawned":[6,8,11,16,20,28,30,35],"killed_by":"Reptomancer","ascension_level":1}