{"gold_per_floor":[117,117,33,33,49,49,101,101,128,128,161,181,213,227,227,328,328,347,334,367,367,385,385,418,418,418,418],"floor_reached":27,"playtime":1444,"items_purged":[],"score":264,"play_id":"0f2a090c-217a-4c8b-a99c-ec56e867957e","local_time":"20190226201850","is_ascension_mode":false,"campfire_choices":[{"data":"Zap","floor":6,"key":"SMITH"},{"data":"Streamline","floor":8,"key":"SMITH"},{"data":"Loop","floor":15,"key":"SMITH"},{"floor":23,"key":"REST"}],"neow_cost":"NONE","seed_source_timestamp":870775787144155,"circlet_count":0,"master_deck":["Defend_B","Defend_B","Defend_B","Defend_B","Zap+1","Dualcast","Streamline+1","Self Repair","Conserve Battery","Conserve Battery","Darkness","Hologram","Loop+1","Auto Shields","Machine Learning","Auto Shields+1","Stack","Streamline","Writhe","Stack","Loop+1","Bite","Bite","Bite","Bite","Bite"],"relics":["Velvet Choker","FaceOfCleric","Happy Flower","PreservedInsect","Lantern","Smiling Mask","Philosopher\u0027s Stone","Red Mask","Art of War","Blue Candle","Orichalcum"],"potions_floor_usage":[14,16,22,24],"damage_taken":[{"damage":2,"enemies":"2 Louse","floor":1,"turns":3},{"damage":5,"enemies":"Small Slimes","floor":5,"turns":4},{"damage":8,"enemies":"Gremlin Nob","floor":11,"turns":4},{"damage":0,"enemies":"Cultist","floor":12,"turns":3},{"damage":4,"enemies":"3 Sentries","floor":13,"turns":6},{"damage":2,"enemies":"Exordium Thugs","floor":14,"turns":3},{"damage":36,"enemies":"Hexaghost","floor":16,"turns":9},{"damage":18,"enemies":"Chosen","floor":18,"turns":6},{"damage":8,"enemies":"2 Thieves","floor":19,"turns":4},{"damage":56,"enemies":"Masked Bandits","floor":20,"turns":6},{"damage":10,"enemies":"Snake Plant","floor":22,"turns":5},{"damage":23,"enemies":"Slavers","floor":24,"turns":5},{"damage":51,"enemies":"3 Cultists","floor":27,"turns":5}],"seed_played":"4619862956316187354","potions_obtained":[{"floor":1,"key":"Explosive Potion"},{"floor":5,"key":"SkillPotion"},{"floor":14,"key":"Strength Potion"},{"floor":18,"key":"Strength Potion"},{"floor":20,"key":"FocusPotion"},{"floor":22,"key":"Block Potion"}],"is_trial":false,"path_per_floor":["M","?","$","?","M","R","T","R","T","?","E","M","E","M","R","B",null,"M","M","?","?","M","R","E","?","T","M"],"character_chosen":"DEFECT","items_purchased":["Self Repair","Conserve Battery"],"campfire_rested":1,"item_purchase_floors":[3,3],"current_hp_per_floor":[73,73,73,73,76,76,76,76,76,76,76,77,79,80,80,52,81,71,64,16,16,14,39,24,24,24,0],"gold":418,"neow_bonus":"BOSS_RELIC","is_prod":false,"is_daily":false,"chose_seed":false,"campfire_upgraded":3,"win_rate":0.0,"timestamp":1551233930,"path_taken":["M","?","$","?","?","R","?","R","T","?","E","M","E","M","R","BOSS","M","M","?","?","M","R","E","?","T","?"],"build_version":"2019-01-23","purchased_purges":0,"victory":false,"max_hp_per_floor":[75,75,75,75,76,76,76,76,76,76,77,78,79,80,80,81,81,82,83,84,84,85,85,86,60,60,60],"card_choices":[{"not_picked":["BootSequence","Stack"],"picked":"Streamline","floor":1},{"not_picked":["Coolheaded","Go for the Eyes"],"picked":"Conserve Battery","floor":5},{"not_picked":["Stack","Turbo"],"picked":"Darkness","floor":11},{"not_picked":["Hello World","Cold Snap"],"picked":"Hologram","floor":12},{"not_picked":["Doom and Gloom","Aggregate"],"picked":"Loop","floor":13},{"not_picked":["Stack","Meteor Strike"],"picked":"Auto Shields","floor":14},{"not_picked":["Multi-Cast","Hyperbeam"],"picked":"Machine Learning","floor":16},{"not_picked":["Storm","Genetic Algorithm+1"],"picked":"Auto Shields+1","floor":18},{"not_picked":["Conserve Battery","Storm"],"picked":"Stack","floor":19},{"not_picked":["Leap","Compile Driver"],"picked":"Streamline","floor":20},{"not_picked":["Leap+1","Sweeping Beam"],"picked":"Stack","floor":22},{"not_picked":["Fission","Double Energy+1"],"picked":"Loop+1","floor":24}],"player_experience":90805,"relics_obtained":[{"floor":7,"key":"Happy Flower"},{"floor":9,"key":"PreservedInsect"},{"floor":11,"key":"Lantern"},{"floor":13,"key":"Smiling Mask"},{"floor":20,"key":"Red Mask"},{"floor":24,"key":"Blue Candle"},{"floor":26,"key":"Orichalcum"}],"event_choices":[{"damage_healed":0,"gold_gain":0,"player_choice":"Leave","damage_taken":0,"max_hp_gain":0,"max_hp_loss":0,"event_name":"The Cleric","floor":2,"gold_loss":0},{"damage_healed":0,"gold_gain":0,"player_choice":"Trade","damage_taken":0,"relics_obtained":["FaceOfCleric"],"max_hp_gain":0,"max_hp_loss":0,"event_name":"FaceTrader","floor":4,"gold_loss":0},{"cards_removed":["Strike_B"],"damage_healed":0,"gold_gain":0,"player_choice":"Purged","damage_taken":0,"max_hp_gain":0,"max_hp_loss":0,"event_name":"Purifier","floor":10,"gold_loss":0},{"damage_healed":0,"gold_gain":0,"player_choice":"Fought Bandits","damage_taken":0,"max_hp_gain":0,"max_hp_loss":0,"event_name":"Masked Bandits","floor":20,"gold_loss":0},{"damage_healed":0,"gold_gain":0,"player_choice":"Opened","damage_taken":0,"relics_obtained":["Art of War"],"max_hp_gain":0,"max_hp_loss":0,"event_name":"The Mausoleum","floor":21,"gold_loss":0,"cards_obtained":["Writhe"]},{"damage_healed":0,"gold_gain":0,"player_choice":"Became a vampire","damage_taken":0,"max_hp_gain":0,"max_hp_loss":26,"event_name":"Vampires","floor":25,"gold_loss":0,"cards_obtained":["Bite","Bite","Bite","Bite","Bite"]}],"is_beta":false,"boss_relics":[{"not_picked":["Snecko Eye","Runic Pyramid"],"picked":"Philosopher\u0027s Stone"}],"items_purged_floors":[],"is_endless":false,"potions_floor_spawned":[1,5,14,18,20,22],"killed_by":"3 Cultists","ascension_level":0}