{"gold_per_floor":[117,82,82,38,4,36,36,65,77,89,119,131,153,180,192,309,321,343,366,378,390,402],"floor_reached":22,"playtime":1010,"items_purged":[],"score":192,"play_id":"e0e1a988-68e8-4741-89fd-ab086f3430e3","local_time":"20190503082226","is_ascension_mode":false,"campfire_choices":[{"floor":7,"key":"REST"},{"floor":10,"key":"REST"},{"floor":12,"key":"REST"},{"data":"Machine Learning","floor":15,"key":"SMITH"}],"neow_cost":"NONE","seed_source_timestamp":650267469240500,"circlet_count":0,"master_deck":["Strike_B","Strike_B","Strike_B","Defend_B","Defend_B","Defend_B","Defend_B","Zap","Dualcast","White Noise","Electrodynamics","Capacitor","Rip and Tear","Gash","Doom and Gloom","Sunder","Machine Learning+1","Creative AI+1","Double Energy","Glacier"],"relics":["FrozenCore","Bag of Preparation","MawBank","Question Card"],"potions_floor_usage":[11,19,22,22],"damage_taken":[{"damage":15,"enemies":"Jaw Worm","floor":1,"turns":4},{"damage":40,"enemies":"Gremlin Nob","floor":6,"turns":5},{"damage":21,"enemies":"3 Sentries","floor":8,"turns":5},{"damage":7,"enemies":"2 Louse","floor":11,"turns":2},{"damage":1,"enemies":"Cultist","floor":13,"turns":3},{"damage":0,"enemies":"2 Fungi Beasts","floor":14,"turns":2},{"damage":41,"enemies":"Slime Boss","floor":16,"turns":6},{"damage":29,"enemies":"2 Thieves","floor":18,"turns":3},{"damage":26,"enemies":"Spheric Guardian","floor":19,"turns":5},{"damage":26,"enemies":"Cultist and Chosen","floor":22,"turns":6}],"seed_played":"7567102770968837742","potions_obtained":[{"floor":8,"key":"Explosive Potion"},{"floor":13,"key":"Energy Potion"},{"floor":14,"key":"SteroidPotion"},{"floor":19,"key":"LiquidBronze"}],"is_trial":false,"path_per_floor":["M","?","?","?","$","E","R","E","T","R","M","R","M","M","R","B",null,"M","M","?","?","M"],"character_chosen":"DEFECT","items_purchased":["Capacitor"],"campfire_rested":3,"item_purchase_floors":[5],"current_hp_per_floor":[60,75,75,75,75,35,57,36,36,58,51,73,72,72,72,31,75,46,20,20,20,0],"gold":402,"neow_bonus":"THREE_CARDS","is_prod":false,"is_daily":false,"chose_seed":false,"campfire_upgraded":1,"win_rate":0.0,"timestamp":1556886146,"path_taken":["M","?","?","?","?","E","R","E","T","R","M","R","M","?","R","BOSS","M","M","?","?","?"],"build_version":"2019-01-23","purchased_purges":0,"victory":false,"max_hp_per_floor":[75,75,75,75,75,75,75,75,75,75,75,75,75,75,75,75,75,75,75,75,75,75],"card_choices":[{"not_picked":["Rebound","Conserve Battery"],"picked":"White Noise","floor":0},{"not_picked":["Barrage","Steam","Turbo"],"picked":"SKIP","floor":1},{"not_picked":["Compile Driver","Streamline"],"picked":"Rip and Tear","floor":6},{"not_picked":["Redo","Stack"],"picked":"Gash","floor":8},{"not_picked":["Cold Snap","Conserve Battery","Streamline"],"picked":"Doom and Gloom","floor":11},{"not_picked":["Conserve Battery","Leap","Barrage"],"picked":"Sunder","floor":13},{"not_picked":["Ball Lightning","Sweeping Beam","Loop"],"picked":"Machine Learning","floor":14},{"not_picked":["Biased Cognition","Core Surge","Seek"],"picked":"Creative AI","floor":16},{"not_picked":["Barrage","Compile Driver","Cold Snap"],"picked":"Double Energy","floor":18},{"not_picked":["Chaos","Compile Driver","Recycle"],"picked":"Glacier","floor":19}],"player_experience":70695,"relics_obtained":[{"floor":6,"key":"Bag of Preparation"},{"floor":8,"key":"MawBank"},{"floor":9,"key":"Question Card"}],"event_choices":[{"damage_healed":18,"gold_gain":0,"player_choice":"Healed","damage_taken":0,"max_hp_gain":0,"max_hp_loss":0,"event_name":"The Cleric","floor":2,"gold_loss":35},{"damage_healed":0,"gold_gain":0,"cards_transformed":["Strike_B"],"player_choice":"Change","damage_taken":0,"max_hp_gain":0,"max_hp_loss":0,"event_name":"Living Wall","floor":3,"gold_loss":0,"cards_obtained":["Electrodynamics"]},{"damage_healed":0,"gold_gain":0,"player_choice":"Left Gold","damage_taken":0,"max_hp_gain":0,"max_hp_loss":0,"event_name":"World of Goop","floor":4,"gold_loss":44},{"damage_healed":0,"gold_gain":0,"player_choice":"Ignored","damage_taken":0,"max_hp_gain":0,"max_hp_loss":0,"event_name":"Vampires","floor":20,"gold_loss":0},{"damage_healed":0,"gold_gain":0,"player_choice":"Upgraded","damage_taken":0,"max_hp_gain":0,"max_hp_loss":0,"event_name":"Upgrade Shrine","floor":21,"gold_loss":0,"cards_upgraded":["Creative AI"]}],"is_beta":false,"boss_relics":[{"not_picked":["Calling Bell","Astrolabe"],"picked":"FrozenCore"}],"items_purged_floors":[],"is_endless":false,"potions_floor_spawned":[8,13,14,19],"killed_by":"Cultist and Chosen","ascension_level":0}