{"gold_per_floor":[114,264,0,0,20,20,55,68,94,94,94,127,127,26,26,99,99,109,125,144,10,10,41,41,41,41,56,74,74,112,134,146,233,245,277,289,321,333,355,367,397,419,454,110,110,130,161,175,175,175],"floor_reached":50,"playtime":2619,"items_purged":["Doubt"],"score":1007,"play_id":"df3d2a35-9ebb-4bda-91a6-15b475cd4c46","local_time":"20181118114129","is_ascension_mode":true,"campfire_choices":[{"data":"Infernal Blade","floor":6.0,"key":"SMITH"},{"data":"Flex","floor":10.0,"key":"SMITH"},{"data":"Bash","floor":13.0,"key":"SMITH"},{"data":"Double Tap","floor":15.0,"key":"SMITH"},{"data":"Havoc","floor":25.0,"key":"SMITH"},{"data":"Dark Embrace","floor":32.0,"key":"SMITH"},{"data":"Limit Break","floor":40.0,"key":"SMITH"},{"data":"Limit Break","floor":45.0,"key":"SMITH"},{"floor":49.0,"key":"REST"}],"neow_cost":"NONE","seed_source_timestamp":0,"circlet_count":0,"master_deck":["AscendersBane","Bash+1","Dropkick","Infernal Blade+1","Infernal Blade","Flex+1","Clash","Double Tap+1","Flex","Dark Embrace+1","Wild Strike","Warcry","Headbutt","Carnage","Headbutt","Twin Strike","Dual Wield","Rage","Cleave+1","Impervious","Warcry","Master of Strategy","Madness","Bite","Bite","Bite","Bite","Bite","Havoc+1","Havoc+1","Barricade","Offering","Feel No Pain","Limit Break+1","Corruption","Jack Of All Trades","Spot Weakness","Body Slam","Corruption","Limit Break+1","Secret Technique","Spot Weakness","Havoc"],"special_seed":0,"relics":["Burning Blood","Membership Card","Oddly Smooth Stone","Orichalcum","Question Card","Pandora\u0027s Box","Bronze Scales","Incense Burner","MawBank","Bag of Preparation","Busted Crown","Juzu Bracelet","Lee\u0027s Waffle","Strawberry","Ornamental Fan"],"potions_floor_usage":[50],"damage_taken":[{"damage":10.0,"enemies":"Small Slimes","floor":1.0,"turns":3.0},{"damage":0.0,"enemies":"2 Louse","floor":5.0,"turns":2.0},{"damage":40.0,"enemies":"Gremlin Nob","floor":7.0,"turns":4.0},{"damage":0.0,"enemies":"Cultist","floor":8.0,"turns":3.0},{"damage":8.0,"enemies":"3 Sentries","floor":12.0,"turns":5.0},{"damage":14.0,"enemies":"Slime Boss","floor":16.0,"turns":9.0},{"damage":12.0,"enemies":"Chosen","floor":18.0,"turns":4.0},{"damage":0.0,"enemies":"Spheric Guardian","floor":19.0,"turns":1.0},{"damage":19.0,"enemies":"Snake Plant","floor":20.0,"turns":5.0},{"damage":9.0,"enemies":"Gremlin Leader","floor":23.0,"turns":5.0},{"damage":34.0,"enemies":"Cultist and Chosen","floor":27.0,"turns":5.0},{"damage":11.0,"enemies":"Centurion and Healer","floor":28.0,"turns":6.0},{"damage":15.0,"enemies":"Book of Stabbing","floor":30.0,"turns":3.0},{"damage":18.0,"enemies":"Snake Plant","floor":31.0,"turns":4.0},{"damage":29.0,"enemies":"Automaton","floor":33.0,"turns":11.0},{"damage":39.0,"enemies":"3 Darklings","floor":35.0,"turns":3.0},{"damage":15.0,"enemies":"Orb Walker","floor":37.0,"turns":3.0},{"damage":23.0,"enemies":"Jaw Worm Horde","floor":39.0,"turns":4.0},{"damage":6.0,"enemies":"Spire Growth","floor":41.0,"turns":3.0},{"damage":21.0,"enemies":"Transient","floor":42.0,"turns":5.0},{"damage":0.0,"enemies":"Jaw Worm Horde","floor":46.0,"turns":4.0},{"damage":25.0,"enemies":"Reptomancer","floor":47.0,"turns":5.0},{"damage":58.0,"enemies":"3 Darklings","floor":48.0,"turns":4.0},{"damage":43,"enemies":"Time Eater","floor":50,"turns":5}],"seed_played":"1409008233763928647","potions_obtained":[{"floor":1.0,"key":"SteroidPotion"},{"floor":8.0,"key":"Dexterity Potion"},{"floor":16.0,"key":"BloodPotion"},{"floor":30.0,"key":"GamblersBrew"},{"floor":31.0,"key":"Fruit Juice"},{"floor":35.0,"key":"SteroidPotion"},{"floor":37.0,"key":"SpeedPotion"},{"floor":41.0,"key":"Energy Potion"},{"floor":42.0,"key":"BloodPotion"}],"is_trial":false,"path_per_floor":["M","?","$","?","M","R","E","M","T","R","?","E","R","$","R","B",null,"M","M","M","$","?","E","$","R","T","M","M","T","E","M","R","B",null,"M","?","M","?","M","R","M","M","T","$","R","M","E","M","R","B"],"character_chosen":"IRONCLAD","items_purchased":["Membership Card","Infernal Blade","Double Tap","Flex","Master of Strategy","Madness","Lee\u0027s Waffle","Corruption","Limit Break","Strawberry","Secret Technique"],"campfire_rested":1,"item_purchase_floors":[3,3,14,14,21,21,44,44,44,44,44],"current_hp_per_floor":[64,64,64,64,70,70,36,42,42,42,42,40,40,40,40,32,64,58,64,51,51,51,52,52,52,52,30,37,37,39,33,33,27,50,21,21,20,20,19,19,21,20,20,71,71,71,56,13,34,0],"gold":175,"neow_bonus":"THREE_CARDS","is_prod":false,"is_daily":false,"chose_seed":false,"campfire_upgraded":8,"win_rate":0,"timestamp":1542559289,"path_taken":["M","?","$","?","M","R","E","M","T","R","?","E","R","$","R","BOSS","M","M","?","$","?","E","$","R","T","M","M","?","E","M","R","BOSS","M","?","?","?","M","R","M","M","T","$","R","M","E","M","R","BOSS"],"build_version":"2018-11-15","purchased_purges":1,"victory":false,"max_hp_per_floor":[75,75,75,75,75,75,75,75,75,75,75,75,75,75,75,75,75,75,75,75,75,52,52,52,52,52,52,52,52,52,52,52,57,57,57,57,57,57,57,57,57,57,57,71,71,71,71,71,71,71],"card_choices":[{"not_picked":["Headbutt","Twin Strike"],"picked":"Dropkick","floor":0.0},{"not_picked":["Fire Breathing","Carnage"],"picked":"Infernal Blade","floor":1.0},{"not_picked":["Havoc","Perfected Strike"],"picked":"Flex","floor":5.0},{"not_picked":["Warcry","Clothesline"],"picked":"Clash","floor":7.0},{"not_picked":["Pommel Strike","True Grit"],"picked":"Warcry","floor":8.0},{"not_picked":["Rupture","Wild Strike","Armaments"],"picked":"SKIP","floor":12.0},{"not_picked":["Barricade","Bludgeon","Double Tap"],"picked":"Dark Embrace","floor":16.0},{"not_picked":["Rage","Clash","Blood for Blood"],"picked":"Cleave+1","floor":18.0},{"not_picked":["Havoc","Warcry","Body Slam"],"picked":"Impervious","floor":19.0},{"not_picked":["Shrug It Off","Carnage","Twin Strike"],"picked":"Warcry","floor":20.0},{"not_picked":["Searing Blow","Inflame","Shrug It Off"],"picked":"Havoc","floor":23.0},{"not_picked":["Perfected Strike","Anger","Warcry"],"picked":"Havoc+1","floor":27.0},{"not_picked":["Wild Strike","Battle Trance+1","Searing Blow"],"picked":"Barricade","floor":28.0},{"not_picked":["Pommel Strike","Wild Strike+1","Warcry"],"picked":"Offering","floor":30.0},{"not_picked":["Wild Strike","Headbutt","Warcry+1"],"picked":"Feel No Pain","floor":31.0},{"not_picked":["Barricade","Brutality","Reaper"],"picked":"Limit Break","floor":33.0},{"not_picked":["Sword Boomerang"],"picked":"Corruption","floor":35.0},{"not_picked":["Metallicize","Headbutt"],"picked":"SKIP","floor":37.0},{"not_picked":["Madness"],"picked":"Jack Of All Trades","floor":38.0},{"not_picked":["Headbutt+1","Hemokinesis"],"picked":"SKIP","floor":39.0},{"not_picked":["Cleave"],"picked":"Spot Weakness","floor":41.0},{"not_picked":["Shrug It Off"],"picked":"Body Slam","floor":42.0},{"not_picked":["Wild Strike"],"picked":"Spot Weakness","floor":46.0},{"not_picked":["Warcry","Sword Boomerang"],"picked":"SKIP","floor":47.0},{"not_picked":["Pommel Strike"],"picked":"Havoc","floor":48.0}],"player_experience":737661,"relics_obtained":[{"floor":7.0,"key":"Oddly Smooth Stone"},{"floor":9.0,"key":"Orichalcum"},{"floor":12.0,"key":"Question Card"},{"floor":23.0,"key":"Bronze Scales"},{"floor":26.0,"key":"Incense Burner"},{"floor":29.0,"key":"MawBank"},{"floor":30.0,"key":"Bag of Preparation"},{"floor":43.0,"key":"Juzu Bracelet"},{"floor":47.0,"key":"Ornamental Fan"}],"event_choices":[{"damage_healed":0.0,"max_hp_gain":0.0,"max_hp_loss":0.0,"gold_gain":150.0,"event_name":"Liars Game","player_choice":"AGREE","floor":2.0,"gold_loss":0.0,"damage_taken":0.0,"cards_obtained":["Doubt"]},{"damage_healed":0.0,"max_hp_gain":0.0,"max_hp_loss":0.0,"gold_gain":0.0,"event_name":"Scrap Ooze","player_choice":"Fled","floor":4.0,"gold_loss":0.0,"damage_taken":0.0},{"cards_removed":["Strike_R"],"damage_healed":0.0,"max_hp_gain":0.0,"max_hp_loss":0.0,"gold_gain":0.0,"event_name":"Purifier","player_choice":"Purged","floor":11.0,"gold_loss":0.0,"damage_taken":0.0},{"damage_healed":0.0,"max_hp_gain":0.0,"max_hp_loss":23.0,"gold_gain":0.0,"event_name":"Vampires","player_choice":"Became a vampire","floor":22.0,"gold_loss":0.0,"damage_taken":0.0,"cards_obtained":["Bite","Bite","Bite","Bite","Bite"]},{"cards_removed":["Warcry"],"damage_healed":0.0,"max_hp_gain":0.0,"max_hp_loss":0.0,"gold_gain":0.0,"event_name":"Purifier","player_choice":"Purged","floor":36.0,"gold_loss":0.0,"damage_taken":0.0},{"damage_healed":0.0,"max_hp_gain":0.0,"max_hp_loss":0.0,"gold_gain":0.0,"event_name":"SensoryStone","player_choice":"Memory 1","floor":38.0,"gold_loss":0.0,"damage_taken":0.0}],"is_beta":false,"boss_relics":[{"not_picked":["Black Star","Sozu"],"picked":"Pandora\u0027s Box"},{"not_picked":["Runic Dome","Velvet Choker"],"picked":"Busted Crown"}],"items_purged_floors":[3],"is_endless":false,"potions_floor_spawned":[1,8,16,19,30,31,35,37,41,42],"killed_by":"Time Eater","ascension_level":15}