{"gold_per_floor":[215,231,82,96,114,140,140,175,199,199,255,285,301,329,329,429,429,448,448,448,448,131,131,143,175,244,244],"floor_reached":27,"playtime":1592,"items_purged":["Strike_B"],"score":298,"play_id":"eef5890c-2ba1-465b-9b5a-c625aa5a01e2","local_time":"20180714184958","is_ascension_mode":true,"campfire_choices":[{"data":"Loop","floor":7,"key":"SMITH"},{"floor":10,"key":"REST"},{"floor":15,"key":"REST"},{"floor":23,"key":"REST"}],"neow_cost":"NONE","seed_source_timestamp":218216348435235,"circlet_count":0,"master_deck":["Strike_B+1","Strike_B+1","Defend_B","Zap","Dualcast","Conserve Battery","Coolheaded","Loop+1","Heatsinks","Seek","Biased Cognition+1","Capacitor+1","Machine Learning+1","Aggregate+1","Meteor Strike+1","Reboot+1","Glacier","Double Energy","Mayhem+1","Heatsinks+1","Conserve Battery","Steam+1","Self Repair+1"],"relics":["Cracked Core","Frozen Egg 2","Whetstone","Bronze Scales","DataDisk","Potion Belt","Astrolabe","Toxic Egg 2","Mercury Hourglass"],"potions_floor_usage":[8,14,16,24],"damage_taken":[{"damage":4,"enemies":"Jaw Worm","floor":1,"turns":4},{"damage":3,"enemies":"2 Louse","floor":2,"turns":4},{"damage":0,"enemies":"Cultist","floor":4,"turns":4},{"damage":6,"enemies":"Red Slaver","floor":5,"turns":4},{"damage":21,"enemies":"Lagavulin","floor":6,"turns":9},{"damage":18,"enemies":"3 Sentries","floor":8,"turns":6},{"damage":21,"enemies":"Lagavulin","floor":12,"turns":7},{"damage":2,"enemies":"2 Fungi Beasts","floor":13,"turns":2},{"damage":10,"enemies":"Gremlin Nob","floor":14,"turns":3},{"damage":4,"enemies":"The Guardian","floor":16,"turns":10},{"damage":40,"enemies":"Shell Parasite","floor":18,"turns":4},{"damage":0,"enemies":"3 Byrds","floor":24,"turns":2},{"damage":28,"enemies":"Book of Stabbing","floor":25,"turns":7},{"damage":32,"enemies":"Snake Plant","floor":27,"turns":2}],"seed_played":"5847355219393598232","potions_obtained":[{"floor":4,"key":"FocusPotion"},{"floor":8,"key":"Strength Potion"},{"floor":12,"key":"Weak Potion"},{"floor":16,"key":"FocusPotion"},{"floor":18,"key":"Explosive Potion"},{"floor":24,"key":"GamblersBrew"},{"floor":25,"key":"Fire Potion"}],"is_trial":false,"path_per_floor":["M","M","$","M","M","E","R","E","T","R","?","E","M","E","R","B",null,"M","$","?","?","$","R","M","E","T"],"character_chosen":"DEFECT","items_purchased":["Loop","Mayhem+1","Heatsinks+1","Conserve Battery"],"campfire_rested":3,"item_purchase_floors":[3,22,22,22],"current_hp_per_floor":[71,68,68,68,62,41,41,23,23,45,45,24,22,12,34,30,75,35,35,35,35,35,57,57,29,29,0],"gold":244,"neow_bonus":"HUNDRED_GOLD","is_prod":false,"is_daily":false,"chose_seed":false,"campfire_upgraded":1,"win_rate":0,"timestamp":1531586998,"path_taken":["M","M","$","M","M","E","R","E","T","R","?","E","M","E","R","BOSS","M","$","?","?","?","R","M","E","T","M"],"build_version":"2018-07-13","purchased_purges":1,"victory":false,"max_hp_per_floor":[75,75,75,75,75,75,75,75,75,75,75,75,75,75,75,75,75,75,75,75,75,75,75,75,75,75,75],"card_choices":[{"not_picked":["Redo","Reprogram"],"picked":"Conserve Battery","floor":1},{"not_picked":["Ball Lightning","Barrage"],"picked":"Coolheaded","floor":2},{"not_picked":["Streamline","Coolheaded"],"picked":"Heatsinks","floor":4},{"not_picked":["Turbo","Reinforced Body"],"picked":"Seek","floor":5},{"not_picked":["Conserve Battery","Hyperbeam","Cold Snap"],"picked":"SKIP","floor":6},{"not_picked":["Ball Lightning","Hello World+1"],"picked":"Sunder","floor":8},{"not_picked":["Coolheaded","Conserve Battery"],"picked":"Biased Cognition+1","floor":12},{"not_picked":["Sweeping Beam","Go for the Eyes"],"picked":"Capacitor+1","floor":13},{"not_picked":["Go for the Eyes","Fusion","Seek"],"picked":"SKIP","floor":14},{"not_picked":["Core Surge","Hyperbeam"],"picked":"Machine Learning+1","floor":16},{"not_picked":["Rebound+1","Doom and Gloom"],"picked":"Glacier","floor":18},{"not_picked":["Reinforced Body","Auto Shields"],"picked":"Steam+1","floor":24},{"not_picked":["Turbo","Streamline"],"picked":"Self Repair+1","floor":25}],"player_experience":55288,"relics_obtained":[{"floor":6,"key":"Frozen Egg 2"},{"floor":8,"key":"Whetstone"},{"floor":9,"key":"Bronze Scales"},{"floor":12,"key":"DataDisk"},{"floor":14,"key":"Potion Belt"},{"floor":25,"key":"Toxic Egg 2"},{"floor":26,"key":"Mercury Hourglass"}],"event_choices":[{"event_name":"Golden Wing","player_choice":"Gained Gold","floor":11,"damage_taken":0},{"event_name":"Transmorgrifier","player_choice":"Transform","floor":20,"damage_taken":0},{"event_name":"Purifier","player_choice":"One Purge","floor":21,"damage_taken":0}],"boss_relics":[{"not_picked":["Coffee Dripper","Lizard Tail"],"picked":"Astrolabe"}],"items_purged_floors":[3],"is_endless":false,"potions_floor_spawned":[4,8,12,16,18,24,25],"killed_by":"Snake Plant","ascension_level":3}