{"gold_per_floor":[19,35,52,127,22,22,48,48,48,48,80,95,122,44,44,119,119,131,150,150,164,180,214,214,214,292,13,30,48,75,91,91,165,165,181,194,194,249,249,249,277,296,343,443,458,458,191,208,208,208,208,208,208,40,67,67],"floor_reached":57,"playtime":2893,"items_purged":["Strike_B"],"score":3264,"play_id":"11a4545f-af22-406f-bd3e-dfba8cd94e64","local_time":"20190417143548","is_ascension_mode":true,"campfire_choices":[{"data":"Zap","floor":6.0,"key":"SMITH"},{"data":"Coolheaded","floor":8.0,"key":"SMITH"},{"data":"Turbo","floor":10.0,"key":"SMITH"},{"data":"Dualcast","floor":15.0,"key":"SMITH"},{"data":"Coolheaded","floor":24.0,"key":"SMITH"},{"data":"Skim","floor":32.0,"key":"SMITH"},{"data":"Meteor Strike","floor":40.0,"key":"SMITH"},{"floor":46.0,"key":"RECALL"},{"data":"Gash","floor":49.0,"key":"SMITH"},{"data":"All For One","floor":53.0,"key":"SMITH"}],"neow_cost":"NO_GOLD","seed_source_timestamp":694983466530977,"circlet_count":0,"master_deck":["AscendersBane","Zap+1","Turbo+1","Skim+1","Ball Lightning+1","Coolheaded+1","Coolheaded+1","Skim+1","Meteor Strike+1","Darkness+1","Fission+1","Reboot+1","Undo+1","Aggregate+1","Gash+1","Chill+1","Conserve Battery+1","Coolheaded+1","Redo+1","Multi-Cast+1","Turbo+1","Coolheaded+1","Multi-Cast+1","All For One+1","Hologram+1","Fission+1","Loop+1","Coolheaded+1","Redo+1","Biased Cognition"],"special_seed":0,"relics":["Cracked Core","Whetstone","Kunai","Toxic Egg 2","Potion Belt","Nloth\u0027s Gift","Cables","Mummified Hand","ClockworkSouvenir","Dream Catcher","Runic Pyramid","Thread and Needle","Strawberry","Turnip","Medical Kit","Bronze Scales"],"potions_floor_usage":[56,56,56,56],"damage_taken":[{"damage":2.0,"enemies":"2 Louse","floor":1.0,"turns":4.0},{"damage":9.0,"enemies":"Jaw Worm","floor":2.0,"turns":5.0},{"damage":8.0,"enemies":"Small Slimes","floor":3.0,"turns":3.0},{"damage":12.0,"enemies":"3 Sentries","floor":7.0,"turns":7.0},{"damage":10.0,"enemies":"Gremlin Nob","floor":11.0,"turns":3.0},{"damage":4.0,"enemies":"Red Slaver","floor":12.0,"turns":4.0},{"damage":7.0,"enemies":"Hexaghost","floor":16.0,"turns":9.0},{"damage":11.0,"enemies":"2 Thieves","floor":18.0,"turns":2.0},{"damage":0.0,"enemies":"Spheric Guardian","floor":19.0,"turns":2.0},{"damage":0.0,"enemies":"Chosen and Byrds","floor":21.0,"turns":3.0},{"damage":7.0,"enemies":"Cultist and Chosen","floor":22.0,"turns":6.0},{"damage":0.0,"enemies":"Gremlin Leader","floor":23.0,"turns":3.0},{"damage":0.0,"enemies":"Snake Plant","floor":28.0,"turns":1.0},{"damage":0.0,"enemies":"Centurion and Healer","floor":29.0,"turns":1.0},{"damage":0.0,"enemies":"Slavers","floor":30.0,"turns":2.0},{"damage":0.0,"enemies":"Shelled Parasite and Fungi","floor":31.0,"turns":1.0},{"damage":0.0,"enemies":"Champ","floor":33.0,"turns":4.0},{"damage":0.0,"enemies":"3 Shapes","floor":35.0,"turns":4.0},{"damage":0.0,"enemies":"Orb Walker","floor":36.0,"turns":2.0},{"damage":0.0,"enemies":"2 Orb Walkers","floor":38.0,"turns":1.0},{"damage":0.0,"enemies":"Reptomancer","floor":41.0,"turns":1.0},{"damage":0.0,"enemies":"Maw","floor":42.0,"turns":2.0},{"damage":0.0,"enemies":"Mind Bloom Boss Battle","floor":44.0,"turns":1.0},{"damage":0.0,"enemies":"3 Darklings","floor":45.0,"turns":1.0},{"damage":0.0,"enemies":"Spire Growth","floor":48.0,"turns":2.0},{"damage":0.0,"enemies":"Awakened One","floor":50.0,"turns":4.0},{"damage":0.0,"enemies":"Time Eater","floor":51.0,"turns":3.0},{"damage":0.0,"enemies":"Shield and Spear","floor":55.0,"turns":2.0},{"damage":16,"enemies":"The Heart","floor":56,"turns":5}],"seed_played":"-6175497140576733726","potions_obtained":[{"floor":1.0,"key":"Block Potion"},{"floor":12.0,"key":"GamblersBrew"},{"floor":16.0,"key":"PowerPotion"},{"floor":19.0,"key":"FocusPotion"},{"floor":22.0,"key":"Ancient Potion"},{"floor":23.0,"key":"GamblersBrew"}],"is_trial":false,"path_per_floor":["M","M","M","?","$","R","E","R","T","R","E","M","T","$","R","B",null,"M","M","?","M","M","E","R","?","T","$","M","M","E","M","R","B",null,"M","M","?","?","?","R","E","M","T","?","M","R","$","M","R","B","B",null,"R","$","E","B",null],"character_chosen":"DEFECT","items_purchased":["Coolheaded","Darkness+1","ClockworkSouvenir","Turbo+1","Medical Kit","SkillPotion","Coolheaded+1","Redo+1","Weak Potion"],"campfire_rested":0,"item_purchase_floors":[5,14,27,27,47,47,54,54,54],"current_hp_per_floor":[62,53,45,34,34,34,22,22,22,22,12,8,8,8,8,1,54,43,43,43,43,36,36,36,81,81,81,81,81,81,81,81,81,81,81,81,77,77,77,77,84,84,84,84,84,84,84,84,84,84,84,84,84,84,84,68],"gold":67,"neow_bonus":"REMOVE_TWO","is_prod":false,"is_daily":false,"chose_seed":false,"campfire_upgraded":9,"win_rate":0,"timestamp":1555482948,"path_taken":["M","M","M","?","$","R","E","R","T","R","E","M","?","$","R","BOSS","M","M","?","M","?","E","R","?","T","$","M","?","E","M","R","BOSS","M","M","?","?","?","R","E","M","T","?","M","R","$","M","R","BOSS","BOSS","R","$","E","BOSS"],"build_version":"2019-01-23","purchased_purges":1,"victory":true,"max_hp_per_floor":[71,71,71,71,71,71,71,71,71,71,71,71,71,71,71,71,71,71,71,71,71,71,71,71,81,81,81,81,81,81,81,81,81,81,81,81,77,77,77,77,84,84,84,84,84,84,84,84,84,84,84,84,84,84,84,84],"card_choices":[{"not_picked":["Auto Shields","Stack"],"picked":"Turbo","floor":1.0},{"not_picked":["Storm","Auto Shields"],"picked":"Skim","floor":2.0},{"not_picked":["Rebound","Go for the Eyes"],"picked":"Ball Lightning","floor":3.0},{"not_picked":["Leap","Hologram"],"picked":"Coolheaded","floor":7.0},{"not_picked":["Rip and Tear","Force Field"],"picked":"Skim","floor":11.0},{"not_picked":["Undo+1","Steam+1"],"picked":"Meteor Strike","floor":12.0},{"not_picked":["Electrodynamics","Buffer"],"picked":"Fission+1","floor":16.0},{"not_picked":["Streamline","Beam Cell+1"],"picked":"Chill+1","floor":18.0},{"not_picked":["Storm","Stack+1"],"picked":"Conserve Battery+1","floor":19.0},{"not_picked":["Stack+1","Streamline"],"picked":"Coolheaded+1","floor":21.0},{"not_picked":["Conserve Battery+1","Hello World"],"picked":"Redo+1","floor":22.0},{"not_picked":["White Noise+1","Leap+1"],"picked":"Multi-Cast+1","floor":23.0},{"not_picked":["Force Field+1","Stack+1","Melter"],"picked":"SKIP","floor":28.0},{"not_picked":["Go for the Eyes","Rebound"],"picked":"Coolheaded+1","floor":29.0},{"not_picked":["Stack+1","Multi-Cast+1","Thunder Strike"],"picked":"SKIP","floor":30.0},{"not_picked":["Stack+1","Sweeping Beam","Steam+1"],"picked":"SKIP","floor":31.0},{"not_picked":["Amplify+1","Machine Learning"],"picked":"Multi-Cast+1","floor":33.0},{"not_picked":["Barrage","Sweeping Beam"],"picked":"All For One","floor":35.0},{"not_picked":["Barrage","Cold Snap+1"],"picked":"Hologram+1","floor":36.0},{"not_picked":["Conserve Battery+1","Streamline"],"picked":"Fission+1","floor":41.0},{"not_picked":["Conserve Battery+1","Go for the Eyes","Electrodynamics"],"picked":"SKIP","floor":42.0},{"not_picked":["Turbo+1","Streamline"],"picked":"Loop+1","floor":44.0},{"not_picked":["Turbo+1","Scrape","Genetic Algorithm+1"],"picked":"SKIP","floor":45.0},{"not_picked":["Conserve Battery+1","Streamline+1","Gash"],"picked":"SKIP","floor":48.0},{"not_picked":["Cold Snap","Redo+1"],"picked":"Biased Cognition","floor":55.0}],"player_experience":1419461,"relics_obtained":[{"floor":7.0,"key":"Whetstone"},{"floor":9.0,"key":"Kunai"},{"floor":11.0,"key":"Toxic Egg 2"},{"floor":13.0,"key":"Potion Belt"},{"floor":23.0,"key":"Cables"},{"floor":26.0,"key":"Mummified Hand"},{"floor":30.0,"key":"Dream Catcher"},{"floor":38.0,"key":"Thread and Needle"},{"floor":41.0,"key":"Strawberry"},{"floor":44.0,"key":"Turnip"},{"floor":55.0,"key":"Bronze Scales"}],"event_choices":[{"damage_healed":0.0,"max_hp_gain":0.0,"max_hp_loss":0.0,"gold_gain":75.0,"event_name":"World of Goop","player_choice":"Gather Gold","floor":4.0,"gold_loss":0.0,"damage_taken":11.0},{"damage_healed":0.0,"max_hp_gain":0.0,"max_hp_loss":0.0,"gold_gain":0.0,"event_name":"N\u0027loth","player_choice":"Traded Relic","floor":20.0,"relics_lost":["Pandora\u0027s Box"],"gold_loss":0.0,"damage_taken":0.0,"relics_obtained":["Nloth\u0027s Gift"]},{"cards_removed":["Hyperbeam"],"damage_healed":35.0,"max_hp_gain":10.0,"max_hp_loss":0.0,"gold_gain":0.0,"event_name":"Bonfire Elementals","player_choice":"Offered Rare","floor":25.0,"gold_loss":0.0,"damage_taken":0.0},{"damage_healed":0.0,"max_hp_gain":0.0,"max_hp_loss":4.0,"gold_gain":0.0,"event_name":"Winding Halls","player_choice":"Max HP","floor":37.0,"gold_loss":0.0,"damage_taken":0.0},{"damage_healed":0.0,"max_hp_gain":0.0,"max_hp_loss":0.0,"gold_gain":0.0,"event_name":"Mysterious Sphere","player_choice":"Fight","floor":38.0,"gold_loss":0.0,"damage_taken":0.0},{"cards_removed":["Dualcast"],"damage_healed":0.0,"max_hp_gain":0.0,"max_hp_loss":0.0,"gold_gain":0.0,"event_name":"Falling","player_choice":"Removed Skill","floor":39.0,"gold_loss":0.0,"damage_taken":0.0},{"damage_healed":0.0,"max_hp_gain":0.0,"max_hp_loss":0.0,"gold_gain":0.0,"event_name":"MindBloom","player_choice":"Fight","floor":44.0,"gold_loss":0.0,"damage_taken":0.0}],"is_beta":false,"boss_relics":[{"not_picked":["Sozu","FrozenCore"],"picked":"Pandora\u0027s Box"},{"not_picked":["Coffee Dripper","Cursed Key"],"picked":"Runic Pyramid"}],"items_purged_floors":[5],"is_endless":false,"potions_floor_spawned":[1,12,16,19,22,23,31,33,36,41,42,45,55],"ascension_level":20}