{"gold_per_floor":[213,224,241,296,36,36,68,68,93,126,126,126,137,166,166,267,267,280,23,42,42,52,52,71,106,106,106,131,131,131,159,159,159],"floor_reached":33,"playtime":2208,"items_purged":[],"score":337,"play_id":"a8d27bed-ca81-4a81-97b1-3f3af1cec74c","local_time":"20180804210526","is_ascension_mode":true,"campfire_choices":[{"data":"Shockwave","floor":6.0,"key":"SMITH"},{"floor":8.0,"key":"REST"},{"floor":12.0,"key":"REST"},{"floor":15.0,"key":"REST"},{"floor":23,"key":"REST"},{"floor":27,"key":"REST"},{"floor":30,"key":"REST"},{"floor":32,"key":"REST"}],"neow_cost":"NONE","seed_source_timestamp":0,"circlet_count":0,"master_deck":["Strike_R+1","Strike_R+1","Strike_R+1","Strike_R+1","Defend_R+1","Defend_R+1","Bash","Clothesline","Shockwave+1","Sentinel+1","Uppercut","Iron Wave","Pommel Strike","Pommel Strike","Juggernaut","Headbutt+1","Twin Strike+1","Cleave+1","Burning Pact+1","Carnage","True Grit","Heavy Blade","Carnage+1","Twin Strike+1"],"special_seed":0,"relics":["Burning Blood","Strawberry","Meat on the Bone","Torii","Potion Belt","Red Skull","Pen Nib","Astrolabe","Matryoshka","Omamori","War Paint","Singing Bowl","Blood Vial","Happy Flower"],"potions_floor_usage":[25,25,31],"damage_taken":[{"damage":6.0,"enemies":"Cultist","floor":1.0,"turns":4.0},{"damage":2.0,"enemies":"2 Louse","floor":2.0,"turns":3.0},{"damage":3.0,"enemies":"Small Slimes","floor":3.0,"turns":3.0},{"damage":42.0,"enemies":"Gremlin Nob","floor":7.0,"turns":6.0},{"damage":26.0,"enemies":"Lagavulin","floor":10.0,"turns":6.0},{"damage":13.0,"enemies":"2 Fungi Beasts","floor":13.0,"turns":4.0},{"damage":12.0,"enemies":"3 Sentries","floor":14.0,"turns":8.0},{"damage":78.0,"enemies":"Slime Boss","floor":16.0,"turns":16.0},{"damage":1.0,"enemies":"Spheric Guardian","floor":18.0,"turns":3.0},{"damage":28.0,"enemies":"Shell Parasite","floor":20.0,"turns":5.0},{"damage":48,"enemies":"Sentry and Sphere","floor":22,"turns":6},{"damage":8,"enemies":"Snake Plant","floor":24,"turns":3},{"damage":18,"enemies":"Book of Stabbing","floor":25,"turns":7},{"damage":49,"enemies":"Gremlin Leader","floor":28,"turns":8},{"damage":36,"enemies":"Slavers","floor":31,"turns":5},{"damage":93,"enemies":"Automaton","floor":33,"turns":8}],"seed_played":"-853617346051617141","potions_obtained":[{"floor":3.0,"key":"EssenceOfSteel"},{"floor":13.0,"key":"GamblersBrew"},{"floor":22,"key":"Dexterity Potion"},{"floor":24,"key":"Weak Potion"},{"floor":28,"key":"Ancient Potion"}],"is_trial":false,"path_per_floor":["M","M","M","T","$","R","E","R","T","E","?","R","M","E","R","B",null,"M","$","M","$","M","R","M","E","T","R","E","?","R","E","R"],"character_chosen":"IRONCLAD","items_purchased":["Meat on the Bone","Matryoshka"],"campfire_rested":7,"item_purchase_floors":[5,19],"current_hp_per_floor":[80,80,80,87,87,87,51,77,77,57,57,83,76,70,87,27,87,87,87,65,65,35,61,59,59,59,85,54,54,80,54,80,0],"gold":159,"neow_bonus":"HUNDRED_GOLD","is_prod":false,"is_daily":false,"chose_seed":false,"campfire_upgraded":1,"win_rate":0,"timestamp":1533409526,"path_taken":["M","?","M","?","$","R","E","R","T","E","?","R","M","E","R","BOSS","M","$","M","$","M","R","M","E","T","R","E","?","R","E","R","BOSS"],"build_version":"2018-08-02","purchased_purges":0,"victory":false,"max_hp_per_floor":[80,80,80,87,87,87,87,87,87,87,87,87,87,87,87,87,87,87,87,87,87,87,87,87,87,87,87,87,87,87,89,89,89],"card_choices":[{"not_picked":["Iron Wave","Hemokinesis"],"picked":"Clothesline","floor":1.0},{"not_picked":["Disarm","Battle Trance"],"picked":"Shockwave","floor":2.0},{"not_picked":["Armaments","Entrench"],"picked":"Sentinel","floor":3.0},{"not_picked":["Power Through","Headbutt"],"picked":"Uppercut","floor":7.0},{"not_picked":["Fiend Fire","Headbutt"],"picked":"Iron Wave","floor":10.0},{"not_picked":["Rupture","Heavy Blade"],"picked":"Pommel Strike","floor":13.0},{"not_picked":["Bloodletting","Clash"],"picked":"Pommel Strike","floor":14.0},{"not_picked":["Impervious","Fiend Fire"],"picked":"Juggernaut","floor":16.0},{"not_picked":["Cleave","Heavy Blade"],"picked":"Burning Pact","floor":18.0},{"not_picked":["Clash+1","Perfected Strike"],"picked":"Carnage","floor":20.0},{"not_picked":["Corruption","Entrench"],"picked":"True Grit","floor":22},{"not_picked":["Burning Pact","Rupture"],"picked":"Heavy Blade","floor":24},{"not_picked":["Cleave","Corruption"],"picked":"Carnage+1","floor":25},{"not_picked":["Blood for Blood","Bloodletting"],"picked":"Twin Strike+1","floor":28},{"not_picked":["Clash","Pommel Strike","Headbutt"],"picked":"Singing Bowl","floor":31}],"player_experience":137205,"relics_obtained":[{"floor":4.0,"key":"Strawberry"},{"floor":7.0,"key":"Torii"},{"floor":9.0,"key":"Potion Belt"},{"floor":10.0,"key":"Red Skull"},{"floor":14.0,"key":"Pen Nib"},{"floor":25,"key":"Omamori"},{"floor":26,"key":"War Paint"},{"floor":26,"key":"Singing Bowl"},{"floor":28,"key":"Blood Vial"},{"floor":31,"key":"Happy Flower"}],"event_choices":[{"event_name":"Living Wall","player_choice":"Grow","floor":11.0,"damage_taken":0.0},{"event_name":"Back to Basics","player_choice":"Simplicity","floor":29,"damage_taken":0}],"is_beta":false,"boss_relics":[{"not_picked":["Ectoplasm","Empty Cage"],"picked":"Astrolabe"}],"items_purged_floors":[],"is_endless":false,"potions_floor_spawned":[3,13,22,24,28],"killed_by":"Automaton","ascension_level":1}