{"gold_per_floor":[111,128,139,154,171,201,166,191,191,225,225,225,239,253,253,350,350,369,383,31,44,59,59,77,77,77,95,95,109,125,144,144,247,247,260,360,373,5,16,16,16],"floor_reached":41,"playtime":4147,"items_purged":[],"score":448,"play_id":"b3535116-5364-43da-8437-0d3ebba19cd2","local_time":"20190406215708","is_ascension_mode":false,"campfire_choices":[{"floor":12.0,"key":"REST"},{"floor":15.0,"key":"REST"},{"floor":23.0,"key":"REST"},{"floor":32,"key":"REST"},{"floor":40,"key":"REST"}],"neow_cost":"NONE","seed_source_timestamp":0,"circlet_count":0,"master_deck":["Strike_R","Strike_R","Strike_R","Strike_R","Strike_R","Defend_R","Defend_R","Defend_R","Defend_R","Bash","Finesse","Pommel Strike","Clothesline","Flex","Thunderclap","Bludgeon","Heavy Blade","Rage","Headbutt","Impervious","Inflame","Cleave","Cleave","Flex","Anger","Disarm","Twin Strike","Reckless Charge","Anger","Anger","Limit Break","Rampage+1","Blood for Blood+1","Perfected Strike","Armaments","Dual Wield+1"],"special_seed":0,"relics":["Burning Blood","StoneCalendar","Omamori","Letter Opener","Orichalcum","Velvet Choker","Oddly Smooth Stone","Regal Pillow","Bottled Lightning","Fusion Hammer","WingedGreaves","Toxic Egg 2"],"potions_floor_usage":[30,30,33,36,37,39],"damage_taken":[{"damage":0.0,"enemies":"2 Louse","floor":1.0,"turns":3.0},{"damage":0.0,"enemies":"Cultist","floor":2.0,"turns":3.0},{"damage":0.0,"enemies":"Small Slimes","floor":3.0,"turns":5.0},{"damage":7.0,"enemies":"3 Louse","floor":4.0,"turns":3.0},{"damage":16.0,"enemies":"Exordium Thugs","floor":5.0,"turns":5.0},{"damage":37.0,"enemies":"3 Sentries","floor":6.0,"turns":8.0},{"damage":30.0,"enemies":"Lagavulin","floor":8.0,"turns":6.0},{"damage":16.0,"enemies":"Gremlin Nob","floor":10.0,"turns":3.0},{"damage":6.0,"enemies":"Blue Slaver","floor":13.0,"turns":3.0},{"damage":7.0,"enemies":"2 Fungi Beasts","floor":14.0,"turns":3.0},{"damage":41.0,"enemies":"Hexaghost","floor":16.0,"turns":8.0},{"damage":17.0,"enemies":"Spheric Guardian","floor":18.0,"turns":4.0},{"damage":0.0,"enemies":"Chosen","floor":19.0,"turns":3.0},{"damage":18.0,"enemies":"Snake Plant","floor":21.0,"turns":3.0},{"damage":21.0,"enemies":"Snecko","floor":22.0,"turns":5.0},{"damage":12,"enemies":"Centurion and Healer","floor":24,"turns":5},{"damage":15,"enemies":"Snake Plant","floor":27,"turns":4},{"damage":0,"enemies":"Snecko","floor":29,"turns":3},{"damage":28,"enemies":"Shelled Parasite and Fungi","floor":30,"turns":5},{"damage":9,"enemies":"Centurion and Healer","floor":31,"turns":4},{"damage":75,"enemies":"Collector","floor":33,"turns":11},{"damage":4,"enemies":"Orb Walker","floor":35,"turns":3},{"damage":19,"enemies":"Mind Bloom Boss Battle","floor":36,"turns":6},{"damage":41,"enemies":"3 Darklings","floor":37,"turns":5},{"damage":16,"enemies":"Sphere and 2 Shapes","floor":39,"turns":4},{"damage":78,"enemies":"Giant Head","floor":41,"turns":7}],"seed_played":"6534792387914777877","potions_obtained":[{"floor":1.0,"key":"BloodPotion"},{"floor":3.0,"key":"Dexterity Potion"},{"floor":5.0,"key":"Swift Potion"},{"floor":8.0,"key":"Explosive Potion"},{"floor":10.0,"key":"Strength Potion"},{"floor":16.0,"key":"Ancient Potion"},{"floor":22.0,"key":"PowerPotion"},{"floor":24,"key":"Energy Potion"},{"floor":27,"key":"BloodPotion"},{"floor":33,"key":"LiquidBronze"},{"floor":36,"key":"Ancient Potion"},{"floor":39,"key":"SneckoOil"}],"is_trial":false,"path_per_floor":["M","M","M","M","M","E","?","E","T","E","?","R","M","M","R","B",null,"M","M","$","M","M","R","M","?","T","M","?","M","M","M","R","B",null,"M","?","M","$","M","R","E"],"character_chosen":"IRONCLAD","items_purchased":["Oddly Smooth Stone","Regal Pillow","Cleave","Armaments","BloodPotion","Toxic Egg 2"],"campfire_rested":5,"item_purchase_floors":[20,20,20,38,38,38],"current_hp_per_floor":[80,80,80,79,77,46,66,42,42,32,32,56,56,55,79,44,80,69,75,75,63,48,80,74,74,74,65,65,71,57,54,80,11,80,80,67,32,32,30,69,0],"gold":16,"neow_bonus":"RANDOM_COLORLESS","is_prod":false,"is_daily":false,"chose_seed":false,"campfire_upgraded":0,"win_rate":0.0,"timestamp":1554580628,"path_taken":["M","M","M","M","M","E","?","E","T","E","?","R","M","M","R","BOSS","M","M","$","M","M","R","?","?","T","M","?","M","M","M","R","BOSS","M","?","M","$","M","R","E"],"build_version":"2019-01-23","purchased_purges":0,"victory":false,"max_hp_per_floor":[80,80,80,80,80,80,80,80,80,80,80,80,80,80,80,80,80,80,80,80,80,80,80,80,80,80,80,80,80,80,80,80,80,80,80,80,80,80,80,80,80],"card_choices":[{"not_picked":["Heavy Blade","Battle Trance"],"picked":"Pommel Strike","floor":1.0},{"not_picked":["Shrug It Off","Burning Pact"],"picked":"Carnage","floor":2.0},{"not_picked":["Clash","Warcry"],"picked":"Clothesline","floor":3.0},{"not_picked":["Intimidate","Sword Boomerang"],"picked":"Flex","floor":4.0},{"not_picked":["Flex","Pommel Strike"],"picked":"Thunderclap","floor":5.0},{"not_picked":["Uppercut","Warcry"],"picked":"Bludgeon","floor":6.0},{"not_picked":["Brutality","Metallicize"],"picked":"Heavy Blade","floor":8.0},{"not_picked":["Clash","Entrench"],"picked":"Rage","floor":10.0},{"not_picked":["Power Through","Combust","Burning Pact"],"picked":"SKIP","floor":13.0},{"not_picked":["Reckless Charge","Shrug It Off"],"picked":"Headbutt","floor":14.0},{"not_picked":["Dark Embrace","Brutality"],"picked":"Impervious","floor":16.0},{"not_picked":["Armaments","Hemokinesis"],"picked":"Inflame","floor":18.0},{"not_picked":["Clash","Flex"],"picked":"Cleave","floor":19.0},{"not_picked":["Body Slam+1","Seeing Red"],"picked":"Flex","floor":21.0},{"not_picked":["Sever Soul","Warcry+1"],"picked":"Anger","floor":22.0},{"not_picked":["Warcry","Bloodletting"],"picked":"Disarm","floor":24},{"not_picked":["Infernal Blade+1","Entrench"],"picked":"Twin Strike","floor":27},{"not_picked":["Whirlwind","Combust+1","Clash+1"],"picked":"SKIP","floor":29},{"not_picked":["Juggernaut","Clash"],"picked":"Anger","floor":30},{"not_picked":["Burning Pact","Pommel Strike"],"picked":"Anger","floor":31},{"not_picked":["Fiend Fire","Berserk"],"picked":"Limit Break","floor":33},{"not_picked":["Power Through+1","Shrug It Off+1"],"picked":"Rampage+1","floor":35},{"not_picked":["Burning Pact+1","Dropkick"],"picked":"Blood for Blood+1","floor":36},{"not_picked":["True Grit+1","Power Through"],"picked":"Perfected Strike","floor":37},{"not_picked":["Corruption+1","Perfected Strike"],"picked":"Dual Wield+1","floor":39}],"player_experience":29931,"relics_obtained":[{"floor":6.0,"key":"StoneCalendar"},{"floor":8.0,"key":"Omamori"},{"floor":9.0,"key":"Letter Opener"},{"floor":10.0,"key":"Orichalcum"},{"floor":26,"key":"Bottled Lightning"},{"floor":36,"key":"WingedGreaves"}],"event_choices":[{"damage_healed":20.0,"max_hp_gain":0.0,"max_hp_loss":0.0,"gold_gain":0.0,"event_name":"The Cleric","player_choice":"Healed","floor":7.0,"gold_loss":35.0,"damage_taken":0.0},{"damage_healed":0.0,"max_hp_gain":0.0,"max_hp_loss":0.0,"gold_gain":0.0,"event_name":"NoteForYourself","player_choice":"Ignored","floor":11.0,"gold_loss":0.0,"damage_taken":0.0},{"damage_healed":0,"gold_gain":0,"player_choice":"Ignored","damage_taken":0,"max_hp_gain":0,"max_hp_loss":0,"event_name":"Ghosts","floor":25,"gold_loss":0},{"damage_healed":0,"gold_gain":0,"cards_transformed":["Carnage"],"player_choice":"Transformed","damage_taken":0,"max_hp_gain":0,"max_hp_loss":0,"event_name":"Transmorgrifier","floor":28,"gold_loss":0,"cards_obtained":["Reckless Charge"]},{"damage_healed":0,"gold_gain":0,"player_choice":"Fight","damage_taken":0,"max_hp_gain":0,"max_hp_loss":0,"event_name":"MindBloom","floor":36,"gold_loss":0}],"is_beta":false,"boss_relics":[{"not_picked":["Runic Dome","Eternal Feather"],"picked":"Velvet Choker"},{"not_picked":["Busted Crown","Empty Cage"],"picked":"Fusion Hammer"}],"items_purged_floors":[],"is_endless":false,"potions_floor_spawned":[1,3,5,8,10,16,22,24,27,33,36,39],"killed_by":"Giant Head","ascension_level":0}