{"gold_per_floor":[114,133,149,169,194,194,221,234,280,311,322,237,256,256,256,333,333,348,362,362,378,396,396,424,424,424,424,442,542,54,85,85,164,164,174,185,199,299,299,299,317,317,317,40,60,60,75,103,103,103,103,103,52,85,85],"floor_reached":55,"playtime":4579,"items_purged":["Pain"],"score":1273,"play_id":"5df134e0-802a-4574-8700-fa69635e9c4d","local_time":"20190506175644","is_ascension_mode":true,"campfire_choices":[{"data":"Searing Blow","floor":6.0,"key":"SMITH"},{"data":"Disarm","floor":15.0,"key":"SMITH"},{"floor":23.0,"key":"REST"},{"data":"Spot Weakness","floor":25.0,"key":"SMITH"},{"floor":27.0,"key":"REST"},{"floor":32.0,"key":"REST"},{"floor":40.0,"key":"RECALL"},{"data":"Armaments","floor":42.0,"key":"SMITH"},{"floor":46.0,"key":"REST"},{"data":"Shrug It Off","floor":49.0,"key":"SMITH"},{"data":"Intimidate","floor":52.0,"key":"SMITH"}],"neow_cost":"NONE","seed_source_timestamp":0,"circlet_count":0,"master_deck":["AscendersBane","Strike_R+1","Strike_R+1","Strike_R","Strike_R","Defend_R","Defend_R","Defend_R+1","Defend_R","Bash+1","Shrug It Off+1","Warcry+1","Searing Blow+1","Cleave","Intimidate+1","Pummel","Disarm+1","Flash of Steel","Pommel Strike","Feed","Metallicize","Spot Weakness+1","Inflame","Twin Strike+1","Hemokinesis+1","Sword Boomerang","Injury","Shrug It Off+1","Anger","Pommel Strike+1","Exhume","Flame Barrier+1","Armaments+1","Intimidate+1","Body Slam"],"special_seed":0,"relics":["Burning Blood","Strawberry","Oddly Smooth Stone","Whetstone","Red Skull","Pear","Cursed Key","Anchor","Shuriken","FossilizedHelix","Ornamental Fan","Self Forming Clay","War Paint","Blood Vial","Eternal Feather","Nunchaku","HandDrill","Mummified Hand","Vajra"],"potions_floor_usage":[55],"damage_taken":[{"damage":0.0,"enemies":"Cultist","floor":1.0,"turns":4.0},{"damage":4.0,"enemies":"2 Louse","floor":2.0,"turns":4.0},{"damage":5.0,"enemies":"Jaw Worm","floor":3.0,"turns":5.0},{"damage":19.0,"enemies":"Blue Slaver","floor":4.0,"turns":5.0},{"damage":39.0,"enemies":"Lagavulin","floor":7.0,"turns":9.0},{"damage":0.0,"enemies":"Gremlin Gang","floor":8.0,"turns":3.0},{"damage":24.0,"enemies":"3 Sentries","floor":10.0,"turns":6.0},{"damage":1.0,"enemies":"3 Louse","floor":11.0,"turns":3.0},{"damage":5.0,"enemies":"Red Slaver","floor":13.0,"turns":2.0},{"damage":20.0,"enemies":"The Guardian","floor":16.0,"turns":14.0},{"damage":20.0,"enemies":"Spheric Guardian","floor":18.0,"turns":4.0},{"damage":9.0,"enemies":"Chosen","floor":19.0,"turns":6.0},{"damage":11.0,"enemies":"Snecko","floor":21.0,"turns":5.0},{"damage":14.0,"enemies":"Shelled Parasite and Fungi","floor":22.0,"turns":2.0},{"damage":34.0,"enemies":"Gremlin Leader","floor":24.0,"turns":8.0},{"damage":12.0,"enemies":"3 Cultists","floor":28.0,"turns":4.0},{"damage":8.0,"enemies":"Colosseum Slavers","floor":29.0,"turns":4.0},{"damage":21.0,"enemies":"Colosseum Nobs","floor":29.0,"turns":3.0},{"damage":6.0,"enemies":"Slavers","floor":31.0,"turns":9.0},{"damage":63.0,"enemies":"Automaton","floor":33.0,"turns":8.0},{"damage":0.0,"enemies":"Orb Walker","floor":35.0,"turns":3.0},{"damage":30.0,"enemies":"3 Darklings","floor":36.0,"turns":9.0},{"damage":37.0,"enemies":"Spire Growth","floor":37.0,"turns":6.0},{"damage":0.0,"enemies":"Mind Bloom Boss Battle","floor":38.0,"turns":9.0},{"damage":37.0,"enemies":"4 Shapes","floor":41.0,"turns":10.0},{"damage":13.0,"enemies":"Writhing Mass","floor":45.0,"turns":5.0},{"damage":13.0,"enemies":"Maw","floor":47.0,"turns":7.0},{"damage":2.0,"enemies":"Nemesis","floor":48.0,"turns":7.0},{"damage":64.0,"enemies":"Donu and Deca","floor":50.0,"turns":9.0},{"damage":72.0,"enemies":"Shield and Spear","floor":54.0,"turns":8.0},{"damage":60,"enemies":"The Heart","floor":55,"turns":5}],"seed_played":"-2443381440925474052","potions_obtained":[{"floor":1.0,"key":"LiquidBronze"},{"floor":4.0,"key":"SkillPotion"},{"floor":7.0,"key":"Explosive Potion"},{"floor":8.0,"key":"Poison Potion"},{"floor":10.0,"key":"SkillPotion"},{"floor":18.0,"key":"Strength Potion"},{"floor":19.0,"key":"SkillPotion"},{"floor":22.0,"key":"Block Potion"},{"floor":29.0,"key":"Block Potion"},{"floor":33.0,"key":"GamblersBrew"},{"floor":36.0,"key":"AttackPotion"},{"floor":37.0,"key":"Fire Potion"}],"is_trial":false,"path_per_floor":["M","M","M","M","T","R","E","M","T","E","M","$","M","?","R","B",null,"M","M","?","M","M","R","E","R","T","R","M","?","$","E","R","B",null,"M","M","M","?","?","R","M","R","T","$","M","R","M","E","R","B",null,"R","$","E","B"],"character_chosen":"IRONCLAD","items_purchased":["Flash of Steel","Self Forming Clay","War Paint","LiquidBronze","HandDrill","Block Potion"],"campfire_rested":4,"item_purchase_floors":[12,30,30,30,44,53],"current_hp_per_floor":[85,87,87,74,74,74,41,47,47,39,44,44,45,26,26,12,76,65,65,65,60,55,86,58,58,58,89,86,72,72,75,109,54,100,111,89,60,68,68,86,57,75,75,75,70,118,115,121,122,64,108,122,122,56,0],"gold":85,"neow_bonus":"RANDOM_COMMON_RELIC","is_prod":false,"is_daily":false,"chose_seed":false,"campfire_upgraded":6,"win_rate":0,"timestamp":1557158204,"path_taken":["M","M","M","M","?","R","E","M","T","E","M","$","M","?","R","BOSS","M","M","?","M","?","R","E","R","T","R","M","?","$","E","R","BOSS","M","M","M","?","?","R","?","R","T","$","M","R","M","E","R","BOSS","R","$","E","BOSS"],"build_version":"2019-01-23","purchased_purges":1,"victory":false,"max_hp_per_floor":[87,87,87,87,87,87,87,87,87,97,97,97,97,97,97,97,97,100,103,103,103,106,106,106,106,106,106,109,112,112,115,115,115,115,118,118,118,118,118,118,118,118,118,118,118,118,122,122,122,122,122,122,122,122,122],"card_choices":[{"not_picked":["Dropkick","Anger"],"picked":"Shrug It Off","floor":1.0},{"not_picked":["Heavy Blade","Rupture"],"picked":"Warcry","floor":2.0},{"not_picked":["Havoc","Wild Strike"],"picked":"Searing Blow","floor":3.0},{"not_picked":["Flex","Warcry"],"picked":"Cleave","floor":4.0},{"not_picked":["Dual Wield","Corruption","Brutality"],"picked":"SKIP","floor":7.0},{"not_picked":["Twin Strike","True Grit"],"picked":"Intimidate","floor":8.0},{"not_picked":["Evolve","Intimidate"],"picked":"Pummel","floor":10.0},{"not_picked":["Armaments","Body Slam"],"picked":"Disarm","floor":11.0},{"not_picked":["Sword Boomerang","Corruption"],"picked":"Pommel Strike","floor":13.0},{"not_picked":["Double Tap","Barricade"],"picked":"Feed","floor":16.0},{"not_picked":["Rupture","Perfected Strike+1"],"picked":"Metallicize","floor":18.0},{"not_picked":["Thunderclap","Wild Strike"],"picked":"Spot Weakness","floor":19.0},{"not_picked":["Blood for Blood+1","Wild Strike"],"picked":"Twin Strike+1","floor":21.0},{"not_picked":["Rage","Cleave"],"picked":"Hemokinesis+1","floor":22.0},{"not_picked":["Havoc","Thunderclap"],"picked":"Sword Boomerang","floor":24.0},{"not_picked":["Cleave","Warcry"],"picked":"Shrug It Off","floor":28.0},{"not_picked":["Dual Wield","Searing Blow"],"picked":"Anger","floor":29.0},{"not_picked":["Combust","Warcry"],"picked":"Pommel Strike+1","floor":31.0},{"not_picked":["Immolate","Fiend Fire"],"picked":"Exhume","floor":33.0},{"not_picked":["Entrench","True Grit"],"picked":"Flame Barrier+1","floor":35.0},{"not_picked":["Searing Blow","Second Wind"],"picked":"Armaments","floor":36.0},{"not_picked":["Rupture+1","Corruption","Twin Strike"],"picked":"SKIP","floor":37.0},{"not_picked":["Dropkick","Searing Blow+1"],"picked":"Intimidate+1","floor":38.0},{"not_picked":["Flex","Clothesline","Carnage"],"picked":"SKIP","floor":41.0},{"not_picked":["Searing Blow+1","Clash","Carnage"],"picked":"SKIP","floor":45.0},{"not_picked":["Sentinel","Metallicize+1"],"picked":"Body Slam","floor":47.0},{"not_picked":["Warcry","Cleave+1","Armaments"],"picked":"SKIP","floor":48.0},{"not_picked":["Flex","Shockwave","Rage"],"picked":"SKIP","floor":54.0}],"player_experience":742525,"relics_obtained":[{"floor":5.0,"key":"Oddly Smooth Stone"},{"floor":7.0,"key":"Whetstone"},{"floor":9.0,"key":"Red Skull"},{"floor":10.0,"key":"Pear"},{"floor":24.0,"key":"Anchor"},{"floor":26.0,"key":"Shuriken"},{"floor":29.0,"key":"FossilizedHelix"},{"floor":29.0,"key":"Ornamental Fan"},{"floor":31.0,"key":"Blood Vial"},{"floor":38.0,"key":"Nunchaku"},{"floor":48.0,"key":"Mummified Hand"},{"floor":54.0,"key":"Vajra"}],"event_choices":[{"damage_healed":0.0,"max_hp_gain":0.0,"max_hp_loss":0.0,"gold_gain":0.0,"event_name":"Shining Light","player_choice":"Entered Light","floor":14.0,"gold_loss":0.0,"damage_taken":19.0,"cards_upgraded":["Defend_R","Bash"]},{"damage_healed":0.0,"max_hp_gain":0.0,"max_hp_loss":0.0,"gold_gain":0.0,"cards_transformed":["Strike_R"],"event_name":"Transmorgrifier","player_choice":"Transformed","floor":20.0,"gold_loss":0.0,"damage_taken":0.0,"cards_obtained":["Inflame"]},{"damage_healed":0.0,"max_hp_gain":0.0,"max_hp_loss":0.0,"gold_gain":0.0,"event_name":"Colosseum","player_choice":"Fight","floor":29.0,"gold_loss":0.0,"damage_taken":0.0},{"damage_healed":0.0,"max_hp_gain":0.0,"max_hp_loss":0.0,"gold_gain":0.0,"event_name":"Colosseum","player_choice":"Fought Nobs","floor":29.0,"gold_loss":0.0,"damage_taken":0.0},{"damage_healed":0.0,"max_hp_gain":0.0,"max_hp_loss":0.0,"gold_gain":0.0,"event_name":"MindBloom","player_choice":"Fight","floor":38.0,"gold_loss":0.0,"damage_taken":0.0},{"damage_healed":0.0,"max_hp_gain":0.0,"max_hp_loss":0.0,"gold_gain":0.0,"event_name":"The Woman in Blue","player_choice":"Bought 0 Potions","floor":39.0,"gold_loss":0.0,"damage_taken":0.0}],"is_beta":false,"boss_relics":[{"not_picked":["Fusion Hammer","Runic Dome"],"picked":"Cursed Key"},{"not_picked":["White Beast Statue","Velvet Choker"],"picked":"Eternal Feather"}],"items_purged_floors":[44],"is_endless":false,"potions_floor_spawned":[1,4,7,8,10,18,19,22,29,33,36,37,41,45,48],"killed_by":"The Heart","ascension_level":13}