{"gold_per_floor":[20,20,20,40,40,40,71,95,95,110,110,126,126,76,76,206,206,225,243,143,164,114,114],"floor_reached":23,"playtime":775,"items_purged":["Strike_B","Strike_B","Hello World"],"score":210,"play_id":"f20bcc9a-630a-493a-bf7a-3ac45d325446","local_time":"20180730011601","is_ascension_mode":true,"campfire_choices":[{"data":"Dualcast","floor":6,"key":"SMITH"},{"data":"Scrape","floor":11,"key":"SMITH"},{"floor":13,"key":"REST"},{"data":"Steam","floor":15,"key":"SMITH"}],"neow_cost":"NO_GOLD","seed_source_timestamp":1561770886297043,"circlet_count":0,"master_deck":["Strike_B","Defend_B","Defend_B","Defend_B","Zap+1","Dualcast+1","Scrape+1","Gash","Steam+1","Gash","Gash","Steam","Steam"],"relics":["Cracked Core","Golden Idol","Bottled Flame","Smiling Mask","White Beast Statue"],"potions_floor_usage":[16,16,18,21,23],"damage_taken":[{"damage":2,"enemies":"Jaw Worm","floor":1,"turns":3},{"damage":0,"enemies":"Small Slimes","floor":4,"turns":3},{"damage":20,"enemies":"Lagavulin","floor":7,"turns":7},{"damage":0,"enemies":"2 Louse","floor":8,"turns":2},{"damage":0,"enemies":"Blue Slaver","floor":10,"turns":3},{"damage":6,"enemies":"Looter","floor":12,"turns":2},{"damage":3,"enemies":"Hexaghost","floor":16,"turns":4},{"damage":21,"enemies":"2 Thieves","floor":18,"turns":4},{"damage":10,"enemies":"Shell Parasite","floor":19,"turns":4},{"damage":43,"enemies":"Snake Plant","floor":21,"turns":5},{"damage":4,"enemies":"Centurion and Healer","floor":23,"turns":4}],"seed_played":"4765509702553104589","potions_obtained":[{"floor":4,"key":"AttackPotion"},{"floor":10,"key":"AttackPotion"},{"floor":16,"key":"PowerPotion"},{"floor":18,"key":"Poison Potion"},{"floor":19,"key":"SneckoOil"},{"floor":21,"key":"SpeedPotion"}],"is_trial":false,"path_per_floor":["M","?","?","M","?","R","E","M","T","M","R","M","R","$","R","B",null,"M","M","$","M","$"],"character_chosen":"DEFECT","items_purchased":["Steam"],"campfire_rested":1,"item_purchase_floors":[20],"current_hp_per_floor":[73,73,55,55,55,55,35,35,35,35,35,29,51,51,51,48,75,54,44,44,1,1,0],"gold":114,"neow_bonus":"TRANSFORM_TWO_CARDS","is_prod":false,"is_daily":false,"chose_seed":false,"campfire_upgraded":3,"win_rate":0,"timestamp":1532906161,"path_taken":["M","?","?","?","?","R","E","M","T","M","R","M","R","$","R","BOSS","M","M","$","M","$","M"],"build_version":"2018-07-26","purchased_purges":3,"victory":false,"max_hp_per_floor":[75,75,75,75,75,75,75,75,75,75,75,75,75,75,75,75,75,75,75,75,75,75,75],"card_choices":[{"not_picked":["Static Discharge","Leap"],"picked":"Gash","floor":1},{"not_picked":["Leap","Fusion"],"picked":"Steam","floor":4},{"not_picked":["Thunder Strike","Go for the Eyes"],"picked":"Gash","floor":7},{"not_picked":["Glacier","Conserve Battery","Fusion"],"picked":"SKIP","floor":8},{"not_picked":["Sweeping Beam","Go for the Eyes","Cold Snap"],"picked":"SKIP","floor":10},{"not_picked":["Darkness","Cold Snap"],"picked":"Gash","floor":12},{"not_picked":["Turbo","White Noise","Capacitor"],"picked":"SKIP","floor":18},{"not_picked":["Skim","Storm+1"],"picked":"Steam","floor":19},{"not_picked":["Redo+1","Hologram","Compile Driver"],"picked":"SKIP","floor":21}],"player_experience":335556,"relics_obtained":[{"floor":7,"key":"Bottled Flame"},{"floor":9,"key":"Smiling Mask"}],"event_choices":[{"event_name":"The Cleric","player_choice":"Leave","floor":2,"damage_taken":0},{"event_name":"Golden Idol","player_choice":"Take Damage","floor":3,"damage_taken":0},{"event_name":"Upgrade Shrine","player_choice":"Upgraded","floor":5,"damage_taken":0}],"is_beta":false,"boss_relics":[{"not_picked":["Coffee Dripper","Inserter"],"picked":"White Beast Statue"}],"items_purged_floors":[14,20,22],"is_endless":false,"potions_floor_spawned":[4,10,16,18,19,21],"killed_by":"Centurion and Healer","ascension_level":2}