{"gold_per_floor":[115,115,90,104,15,15,15,15,38,38,48,79,79,106,106,182,182,192,209,209,228,228,228,228],"floor_reached":24,"playtime":4508,"items_purged":[],"score":404,"play_id":"30dd7672-6a86-4097-a6ab-6494a428d68b","local_time":"20190423014935","is_ascension_mode":true,"campfire_choices":[{"data":"Footwork","floor":6,"key":"SMITH"},{"floor":8,"key":"REST"},{"data":"Noxious Fumes","floor":10,"key":"SMITH"},{"floor":15,"key":"REST"},{"floor":23,"key":"REST"}],"neow_cost":"PERCENT_DAMAGE","seed_source_timestamp":659338918641300,"circlet_count":0,"master_deck":["AscendersBane","Defend_G","Defend_G","Defend_G","Defend_G","Strike_G","Strike_G","Strike_G","Survivor","Neutralize","Noxious Fumes+1","Backflip","Footwork+1","Blind+1","Escape Plan","Crippling Poison","Bane","Adrenaline","Choke+1","Poisoned Stab","Deadly Poison"],"relics":["Ring of the Snake","Juzu Bracelet","Dream Catcher","Du-Vu Doll","Empty Cage"],"potions_floor_usage":[14,16,24],"damage_taken":[{"damage":26,"enemies":"Jaw Worm","floor":1,"turns":7},{"damage":0,"enemies":"Cultist","floor":4,"turns":4},{"damage":0,"enemies":"Small Slimes","floor":11,"turns":5},{"damage":18,"enemies":"3 Sentries","floor":12,"turns":9},{"damage":34,"enemies":"Gremlin Nob","floor":14,"turns":6},{"damage":17,"enemies":"Hexaghost","floor":16,"turns":12},{"damage":18,"enemies":"Chosen","floor":18,"turns":6},{"damage":20,"enemies":"Spheric Guardian","floor":19,"turns":7},{"damage":20,"enemies":"Snake Plant","floor":21,"turns":4},{"damage":9,"enemies":"Slavers","floor":24,"turns":3}],"seed_played":"8146800762138564283","potions_obtained":[{"floor":4,"key":"Energy Potion"},{"floor":14,"key":"Explosive Potion"},{"floor":21,"key":"Block Potion"}],"is_trial":false,"path_per_floor":["M","?","$","M","$","R","$","R","T","R","M","E","?","E","R","B",null,"M","M","?","M","?","R","E"],"character_chosen":"THE_SILENT","items_purchased":["Backflip","Blind"],"campfire_rested":3,"item_purchase_floors":[3,5],"current_hp_per_floor":[30,30,30,30,30,30,30,53,53,53,53,35,35,1,24,7,60,42,22,22,2,2,25,16],"gold":228,"neow_bonus":"TWENTY_PERCENT_HP_BONUS","is_prod":false,"is_daily":false,"chose_seed":false,"campfire_upgraded":2,"win_rate":0,"timestamp":1555998575,"path_taken":["M","?","?","M","$","R","$","R","T","R","M","E","?","E","R","BOSS","M","M","?","M","?","R","E"],"build_version":"2019-04-21","purchased_purges":0,"victory":false,"max_hp_per_floor":[78,78,78,78,78,78,78,78,78,78,78,78,78,78,78,78,78,78,78,78,78,78,78,78],"card_choices":[{"not_picked":["Acrobatics","Prepared"],"picked":"Noxious Fumes","floor":1},{"not_picked":["Setup","Distraction"],"picked":"Footwork","floor":4},{"not_picked":["Riddle With Holes","Caltrops"],"picked":"Escape Plan","floor":11},{"not_picked":["Die Die Die","Poisoned Stab"],"picked":"Crippling Poison","floor":12},{"not_picked":["Predator","Sucker Punch","Flying Knee"],"picked":"SKIP","floor":14},{"not_picked":["Riddle With Holes","Blur"],"picked":"Bane","floor":15},{"not_picked":["Grand Finale","Unload"],"picked":"Adrenaline","floor":16},{"not_picked":["Dagger Spray","Blade Dance"],"picked":"Choke+1","floor":18},{"not_picked":["Calculated Gamble","Outmaneuver","Flechettes"],"picked":"SKIP","floor":19},{"not_picked":["Bane","Slice"],"picked":"Poisoned Stab","floor":21},{"not_picked":["Prepared","Skewer"],"picked":"Deadly Poison","floor":23}],"player_experience":1364646,"relics_obtained":[{"floor":9,"key":"Juzu Bracelet"},{"floor":12,"key":"Dream Catcher"},{"floor":14,"key":"Du-Vu Doll"}],"event_choices":[{"cards_removed":["Defend_G"],"damage_healed":0,"gold_gain":0,"player_choice":"Purged","damage_taken":0,"max_hp_gain":0,"max_hp_loss":0,"event_name":"Purifier","floor":2,"gold_loss":0},{"damage_healed":0,"gold_gain":0,"player_choice":"Ignored","damage_taken":0,"max_hp_gain":0,"max_hp_loss":0,"event_name":"Golden Idol","floor":13,"gold_loss":0},{"damage_healed":0,"gold_gain":0,"player_choice":"Ignored","damage_taken":0,"max_hp_gain":0,"max_hp_loss":0,"event_name":"WeMeetAgain","floor":20,"gold_loss":0},{"damage_healed":0,"gold_gain":0,"player_choice":"Upgraded","damage_taken":0,"max_hp_gain":0,"max_hp_loss":0,"event_name":"Upgrade Shrine","floor":22,"gold_loss":0,"cards_upgraded":["Blind"]}],"is_beta":true,"boss_relics":[{"not_picked":["Eternal Feather","Black Star"],"picked":"Empty Cage"}],"items_purged_floors":[],"is_endless":false,"potions_floor_spawned":[4,14,21],"killed_by":"Slavers","ascension_level":20}