{"gold_per_floor":[110,85,104,104,123,123,136,154,154,154,171,190,190,204,204,299,299,311,311,236,236,246,246,246,246,246,256,268,168,181,56,56,56],"floor_reached":33,"playtime":1799,"items_purged":["Strike_R","Defend_R","Defend_R"],"score":241,"play_id":"541353ba-324c-49d8-8eb2-5054e1149bae","local_time":"20190417224136","is_ascension_mode":false,"campfire_choices":[{"data":"True Grit","floor":6,"key":"SMITH"},{"data":"Bash","floor":13,"key":"SMITH"},{"floor":15,"key":"REST"},{"data":"Sentinel","floor":23,"key":"SMITH"},{"data":"Thunderclap","floor":25,"key":"SMITH"},{"floor":32,"key":"REST"}],"neow_cost":"NONE","seed_source_timestamp":608435056767200,"circlet_count":0,"master_deck":["Strike_R","Strike_R","Defend_R","Defend_R","Bash+1","Disarm","True Grit+1","Sever Soul","Shrug It Off","Thunderclap+1","Sentinel+1","Warcry","Havoc+1"],"relics":["Runic Pyramid","Runic Dome","Nloth\u0027s Gift","Orichalcum"],"potions_floor_usage":[12,14,22,33,33],"damage_taken":[{"damage":5,"enemies":"2 Louse","floor":1,"turns":2},{"damage":5,"enemies":"Small Slimes","floor":3,"turns":3},{"damage":1,"enemies":"Jaw Worm","floor":5,"turns":3},{"damage":4,"enemies":"2 Fungi Beasts","floor":7,"turns":4},{"damage":20,"enemies":"Lots of Slimes","floor":8,"turns":3},{"damage":0,"enemies":"3 Louse","floor":11,"turns":3},{"damage":0,"enemies":"Gremlin Gang","floor":12,"turns":1},{"damage":5,"enemies":"Exordium Thugs","floor":14,"turns":5},{"damage":21,"enemies":"The Guardian","floor":16,"turns":22},{"damage":10,"enemies":"3 Byrds","floor":18,"turns":6},{"damage":3,"enemies":"Spheric Guardian","floor":22,"turns":5},{"damage":11,"enemies":"Snake Plant","floor":27,"turns":4},{"damage":7,"enemies":"Snecko","floor":28,"turns":5},{"damage":3,"enemies":"3 Cultists","floor":30,"turns":5},{"damage":84,"enemies":"Collector","floor":33,"turns":6}],"seed_played":"-5922451978407978854","potions_obtained":[{"floor":3,"key":"AttackPotion"},{"floor":8,"key":"GamblersBrew"},{"floor":12,"key":"Strength Potion"},{"floor":16,"key":"SkillPotion"},{"floor":18,"key":"Block Potion"},{"floor":28,"key":"Strength Potion"}],"is_trial":false,"path_per_floor":["M","$","M","?","M","R","M","M","T","?","M","M","R","M","R","B",null,"M","?","$","?","M","R","?","R","T","M","M","$","M","$","R","B"],"character_chosen":"IRONCLAD","items_purchased":["True Grit"],"campfire_rested":2,"item_purchase_floors":[2],"current_hp_per_floor":[75,75,70,70,69,69,65,45,45,38,50,50,50,45,69,48,80,70,70,70,70,67,67,67,67,67,56,49,49,46,46,70,0],"gold":56,"neow_bonus":"BOSS_RELIC","is_prod":false,"is_daily":false,"chose_seed":false,"campfire_upgraded":4,"win_rate":0,"timestamp":1555555296,"path_taken":["M","$","M","?","M","R","M","M","T","?","M","M","R","M","R","BOSS","M","?","$","?","M","R","?","R","T","M","?","$","M","$","R","BOSS"],"build_version":"2019-01-23","purchased_purges":3,"victory":false,"max_hp_per_floor":[80,80,80,80,80,80,80,80,80,80,80,80,80,80,80,80,80,80,80,80,80,80,80,80,80,80,80,80,80,80,80,80,80],"card_choices":[{"not_picked":["Flex","Uppercut"],"picked":"Disarm","floor":1},{"not_picked":["Bloodletting","Fire Breathing"],"picked":"Sever Soul","floor":3},{"not_picked":["Burning Pact","True Grit"],"picked":"Shrug It Off","floor":5},{"not_picked":["Hemokinesis","Bludgeon"],"picked":"Thunderclap","floor":7},{"not_picked":["Evolve","Metallicize","Carnage"],"picked":"SKIP","floor":8},{"not_picked":["Wild Strike","Fire Breathing"],"picked":"Sentinel","floor":11},{"not_picked":["Shrug It Off","Spot Weakness","Headbutt"],"picked":"SKIP","floor":12},{"not_picked":["Whirlwind","Pommel Strike"],"picked":"Warcry","floor":14},{"not_picked":["Clash+1","True Grit","Sword Boomerang+1"],"picked":"SKIP","floor":18},{"not_picked":["Pummel","Armaments"],"picked":"Havoc+1","floor":22},{"not_picked":["Clothesline","Body Slam","Iron Wave"],"picked":"SKIP","floor":27},{"not_picked":["True Grit","Twin Strike","Dark Embrace"],"picked":"SKIP","floor":28},{"not_picked":["Whirlwind","Infernal Blade","Clothesline+1"],"picked":"SKIP","floor":30}],"player_experience":350679,"relics_obtained":[{"floor":9,"key":"Meat on the Bone"},{"floor":26,"key":"Orichalcum"}],"event_choices":[{"cards_removed":["Strike_R"],"damage_healed":0,"gold_gain":0,"player_choice":"Forget","damage_taken":0,"max_hp_gain":0,"max_hp_loss":0,"event_name":"Living Wall","floor":4,"gold_loss":0},{"cards_removed":["Strike_R"],"damage_healed":0,"gold_gain":0,"player_choice":"Card Removal","damage_taken":7,"max_hp_gain":0,"max_hp_loss":0,"event_name":"Golden Wing","floor":10,"gold_loss":0},{"damage_healed":0,"gold_gain":0,"player_choice":"Ignored","damage_taken":0,"max_hp_gain":0,"max_hp_loss":0,"event_name":"The Mausoleum","floor":19,"gold_loss":0},{"damage_healed":0,"gold_gain":0,"player_choice":"Ignored","damage_taken":0,"max_hp_gain":0,"max_hp_loss":0,"event_name":"Ghosts","floor":21,"gold_loss":0},{"damage_healed":0,"gold_gain":0,"player_choice":"Traded Relic","damage_taken":0,"relics_obtained":["Nloth\u0027s Gift"],"max_hp_gain":0,"max_hp_loss":0,"event_name":"N\u0027loth","floor":24,"relics_lost":["Meat on the Bone"],"gold_loss":0}],"is_beta":false,"boss_relics":[{"not_picked":["White Beast Statue","Mark of Pain"],"picked":"Runic Dome"}],"items_purged_floors":[20,29,31],"is_endless":false,"potions_floor_spawned":[3,8,12,16,18,28,30],"killed_by":"Collector","ascension_level":0}