{"path_per_floor":["M","M","$","$","T","E","M","R","T","M","M","R","?","M","R"],"character_chosen":"IRONCLAD","items_purchased":[],"gold_per_floor":[109,125,125,50,128,189,199,199,223,242,258,258,433,444,444,444],"floor_reached":16,"campfire_rested":2,"playtime":483,"item_purchase_floors":[],"current_hp_per_floor":[73,76,76,76,76,15,16,40,40,36,22,22,22,15,39,0],"items_purged":["Defend_R"],"gold":444,"score":102,"play_id":"9ab376e6-57ea-48d5-b0f7-c94750163aea","local_time":"20180530074341","is_prod":false,"is_daily":false,"chose_seed":false,"is_ascension_mode":false,"campfire_upgraded":1,"win_rate":0,"timestamp":1527637421,"campfire_choices":[{"floor":8,"key":"REST"},{"data":"Bash","floor":12,"key":"SMITH"},{"floor":15,"key":"REST"}],"path_taken":["M","M","?","$","?","E","M","R","T","M","?","R","?","M","R","BOSS"],"build_version":"2018-05-24","seed_source_timestamp":170839634612923,"purchased_purges":1,"victory":false,"master_deck":["Strike_R","Strike_R","Strike_R","Strike_R","Strike_R","Defend_R","Defend_R","Defend_R","Bash+1","Double Tap","Doubt"],"max_hp_per_floor":[80,80,80,80,80,80,80,80,80,80,80,80,80,80,80,80],"relics":["Burning Blood","Dodecahedron","Tiny Chest","Bronze Scales"],"card_choices":[{"not_picked":["Warcry","Flex","Headbutt"],"picked":"SKIP","floor":1},{"not_picked":["Warcry","True Grit","Perfected Strike"],"picked":"SKIP","floor":2},{"not_picked":["Iron Wave","Clash","Infernal Blade"],"picked":"SKIP","floor":6},{"not_picked":["Thunderclap","Flex","Evolve"],"picked":"SKIP","floor":7},{"not_picked":["Flame Barrier","Sword Boomerang"],"picked":"Double Tap","floor":10},{"not_picked":["Sword Boomerang","True Grit","Heavy Blade"],"picked":"SKIP","floor":11},{"not_picked":["Intimidate","Anger","Juggernaut"],"picked":"SKIP","floor":14}],"player_experience":198946,"potions_floor_usage":[16,16,16],"damage_taken":[{"damage":13,"enemies":"Cultist","floor":1,"turns":5},{"damage":3,"enemies":"Small Slimes","floor":2,"turns":4},{"damage":67,"enemies":"Lagavulin","floor":6,"turns":7},{"damage":5,"enemies":"2 Louse","floor":7,"turns":3},{"damage":10,"enemies":"Looter","floor":10,"turns":3},{"damage":20,"enemies":"Gremlin Gang","floor":11,"turns":4},{"damage":13,"enemies":"Red Slaver","floor":14,"turns":3},{"damage":40,"enemies":"Hexaghost","floor":16,"turns":7}],"relics_obtained":[{"floor":5,"key":"Dodecahedron"},{"floor":6,"key":"Tiny Chest"},{"floor":9,"key":"Bronze Scales"}],"event_choices":[{"event_name":"Liars Game","player_choice":"agreed","floor":13,"damage_taken":0}],"boss_relics":[],"items_purged_floors":[4],"potions_floor_spawned":[6,10,14],"seed_played":"974906962324085810","killed_by":"Hexaghost","ascension_level":0,"potions_obtained":[{"floor":6,"key":"Poison Potion"},{"floor":10,"key":"SteroidPotion"},{"floor":14,"key":"Strength Potion"}],"is_trial":false}