{"gold_per_floor":[365,365,18,31,41,41,41,57,57,85,85,150,162],"floor_reached":13,"playtime":417,"items_purged":[],"score":104,"play_id":"7ffefc91-99fc-408d-b717-2237316ef897","local_time":"20190402211326","is_ascension_mode":true,"campfire_choices":[{"data":"Zap","floor":6,"key":"SMITH"},{"floor":11,"key":"REST"}],"neow_cost":"TEN_PERCENT_HP_LOSS","seed_source_timestamp":1773020893575887,"circlet_count":0,"master_deck":["Strike_B","Strike_B","Strike_B","Strike_B","Defend_B","Defend_B","Defend_B","Defend_B","Zap+1","Dualcast","Auto Shields","Conserve Battery","Enlightenment","Static Discharge","Sweeping Beam","Beam Cell","Redo","Static Discharge","Chaos","Electrodynamics"],"relics":["Cracked Core","Darkstone Periapt","Matryoshka","Bag of Marbles","Potion Belt","Bottled Tornado","MawBank"],"potions_floor_usage":[8,10],"damage_taken":[{"damage":5,"enemies":"Small Slimes","floor":1,"turns":3},{"damage":6,"enemies":"Cultist","floor":4,"turns":4},{"damage":0,"enemies":"2 Louse","floor":5,"turns":2},{"damage":9,"enemies":"Gremlin Gang","floor":8,"turns":4},{"damage":29,"enemies":"Gremlin Nob","floor":10,"turns":4},{"damage":28,"enemies":"Lagavulin Event","floor":12,"turns":5},{"damage":5,"enemies":"Lagavulin","floor":13,"turns":4}],"seed_played":"3559093370346828097","potions_obtained":[{"floor":1,"key":"FearPotion"},{"floor":4,"key":"PowerPotion"}],"is_trial":false,"path_per_floor":["M","?","$","M","M","R","?","M","T","E","R","?","E"],"character_chosen":"DEFECT","items_purchased":["Darkstone Periapt","Static Discharge","Sweeping Beam"],"campfire_rested":1,"item_purchase_floors":[3,3,3],"current_hp_per_floor":[63,63,63,57,57,57,50,41,41,12,32,4,0],"gold":162,"neow_bonus":"TWO_FIFTY_GOLD","is_prod":false,"is_daily":false,"chose_seed":false,"campfire_upgraded":1,"win_rate":0,"timestamp":1554264806,"path_taken":["M","?","$","M","?","R","?","M","T","E","R","?","E"],"build_version":"2019-01-23","purchased_purges":0,"victory":false,"max_hp_per_floor":[68,68,68,68,68,68,68,68,68,68,68,68,68],"card_choices":[{"not_picked":["Steam","Cold Snap"],"picked":"Auto Shields","floor":1},{"not_picked":["Rebound","Auto Shields"],"picked":"Beam Cell","floor":4},{"not_picked":["Coolheaded","Barrage"],"picked":"Redo","floor":5},{"not_picked":["Doom and Gloom","Hello World"],"picked":"Static Discharge","floor":8},{"not_picked":["Redo","Leap"],"picked":"Chaos","floor":10},{"not_picked":["Loop","Coolheaded"],"picked":"Electrodynamics","floor":12}],"player_experience":497036,"relics_obtained":[{"floor":9,"key":"Bag of Marbles"},{"floor":9,"key":"Potion Belt"},{"floor":10,"key":"Bottled Tornado"},{"floor":12,"key":"MawBank"}],"event_choices":[{"damage_healed":0,"gold_gain":0,"player_choice":"2 cards matched","damage_taken":0,"max_hp_gain":0,"max_hp_loss":0,"event_name":"Match and Keep!","floor":2,"gold_loss":0,"cards_obtained":["Conserve Battery","Enlightenment"]},{"damage_healed":0,"gold_gain":0,"player_choice":"Success","damage_taken":7,"relics_obtained":["Matryoshka"],"max_hp_gain":0,"max_hp_loss":0,"event_name":"Scrap Ooze","floor":7,"gold_loss":0},{"damage_healed":0,"gold_gain":0,"player_choice":"Searched \u00271\u0027 times","damage_taken":0,"max_hp_gain":0,"max_hp_loss":0,"event_name":"Dead Adventurer","floor":12,"gold_loss":0}],"is_beta":false,"boss_relics":[],"items_purged_floors":[],"is_endless":false,"potions_floor_spawned":[1,4],"killed_by":"Lagavulin","ascension_level":5}