{"gold_per_floor":[109,120,140,156,156,156,172,172,196,196,196,211,246,261,261,360,360,345,355,355,76,76,76,76],"floor_reached":24,"playtime":1452,"items_purged":[],"score":312,"play_id":"57f7de4c-0d86-476f-86ac-d61b0780212e","local_time":"20190121232405","is_ascension_mode":true,"campfire_choices":[{"data":"Body Slam","floor":6,"key":"SMITH"},{"floor":8,"key":"REST"},{"data":"Entrench","floor":10,"key":"SMITH"},{"data":"Metallicize","floor":15,"key":"SMITH"},{"floor":23,"key":"REST"}],"neow_cost":"NONE","seed_source_timestamp":1034442906275835,"circlet_count":0,"master_deck":["Strike_R","Strike_R","Strike_R","Defend_R+1","Defend_R+1","Defend_R","Bash","Entrench+1","Body Slam+1","True Grit","Wild Strike","Bludgeon","Pommel Strike","Metallicize+1","Iron Wave","Demon Form","Corruption+1","Clash+1","Seeing Red+1","Flex","Body Slam+1","Necronomicurse","Spot Weakness"],"relics":["Burning Blood","War Paint","Potion Belt","Astrolabe","Necronomicon","Letter Opener"],"potions_floor_usage":[13,13,16,19,24],"damage_taken":[{"damage":10,"enemies":"2 Louse","floor":1,"turns":4},{"damage":10,"enemies":"Cultist","floor":2,"turns":5},{"damage":9,"enemies":"Jaw Worm","floor":3,"turns":5},{"damage":13,"enemies":"Large Slime","floor":4,"turns":8},{"damage":11,"enemies":"Blue Slaver","floor":7,"turns":4},{"damage":5,"enemies":"2 Fungi Beasts","floor":12,"turns":4},{"damage":0,"enemies":"Gremlin Nob","floor":13,"turns":2},{"damage":10,"enemies":"Red Slaver","floor":14,"turns":4},{"damage":29,"enemies":"The Guardian","floor":16,"turns":15},{"damage":22,"enemies":"2 Thieves","floor":18,"turns":4},{"damage":23,"enemies":"Shell Parasite","floor":19,"turns":6},{"damage":74,"enemies":"Book of Stabbing","floor":24,"turns":5}],"seed_played":"-7201340849660932410","potions_obtained":[{"floor":0,"key":"Fire Potion"},{"floor":0,"key":"Regen Potion"},{"floor":0,"key":"Swift Potion"},{"floor":2,"key":"Fire Potion"},{"floor":12,"key":"Strength Potion"},{"floor":14,"key":"Ancient Potion"},{"floor":18,"key":"PowerPotion"},{"floor":19,"key":"GamblersBrew"}],"is_trial":false,"path_per_floor":["M","M","M","M","?","R","M","R","T","R","$","M","E","M","R","B",null,"M","M","?","$","?","R","E"],"character_chosen":"IRONCLAD","items_purchased":["Letter Opener","Spot Weakness"],"campfire_rested":2,"item_purchase_floors":[21,21],"current_hp_per_floor":[68,64,61,54,54,54,49,73,73,73,73,74,80,76,76,53,73,57,40,24,24,50,74,0],"gold":76,"neow_bonus":"THREE_SMALL_POTIONS","is_prod":false,"is_daily":false,"chose_seed":false,"campfire_upgraded":3,"win_rate":0,"timestamp":1548109445,"path_taken":["M","M","M","M","?","R","M","R","T","R","$","?","E","M","R","BOSS","M","M","?","$","?","R","E"],"build_version":"2019-01-17v2","purchased_purges":0,"victory":false,"max_hp_per_floor":[80,80,80,80,80,80,80,80,80,80,80,80,80,80,80,80,80,80,80,80,80,80,80,80],"card_choices":[{"not_picked":["Thunderclap","Hemokinesis"],"picked":"Entrench","floor":1},{"not_picked":["Sentinel","Armaments"],"picked":"Body Slam","floor":2},{"not_picked":["Flex","Carnage"],"picked":"True Grit","floor":3},{"not_picked":["Sever Soul","Rupture"],"picked":"Wild Strike","floor":4},{"not_picked":["Entrench","Headbutt"],"picked":"Bludgeon","floor":7},{"not_picked":["Dropkick","Twin Strike"],"picked":"Pommel Strike","floor":12},{"not_picked":["Rupture","Shrug It Off"],"picked":"Metallicize","floor":13},{"not_picked":["Twin Strike","Searing Blow"],"picked":"Iron Wave","floor":14},{"not_picked":["Feed","Brutality"],"picked":"Demon Form","floor":16},{"not_picked":["Warcry","Perfected Strike"],"picked":"Flex","floor":18},{"not_picked":["Havoc+1","Thunderclap"],"picked":"Body Slam+1","floor":19}],"player_experience":340704,"relics_obtained":[{"floor":9,"key":"War Paint"},{"floor":13,"key":"Potion Belt"},{"floor":20,"key":"Necronomicon"}],"event_choices":[{"damage_healed":0,"gold_gain":0,"player_choice":"Bought 0 Potions","damage_taken":0,"max_hp_gain":0,"max_hp_loss":0,"event_name":"The Woman in Blue","floor":5,"gold_loss":0},{"damage_healed":0,"gold_gain":0,"player_choice":"Obtained Book","damage_taken":16,"max_hp_gain":0,"max_hp_loss":0,"event_name":"Cursed Tome","floor":20,"gold_loss":0},{"damage_healed":26,"gold_gain":0,"player_choice":"Heal","damage_taken":0,"max_hp_gain":0,"max_hp_loss":0,"event_name":"The Library","floor":22,"gold_loss":0}],"is_beta":false,"boss_relics":[{"not_picked":["Lizard Tail","Busted Crown"],"picked":"Astrolabe"}],"items_purged_floors":[],"is_endless":false,"potions_floor_spawned":[2,3,12,14,18,19],"killed_by":"Book of Stabbing","ascension_level":8}