{"gold_per_floor":[110,71,81,97,110,110,140,140,140,140,50,200,200,220,220,293,293,312,2,2,14,26,26,71,71,97,108,64,82,82,93,93,172,172,183,183,202,202,9,40,40,58,111,123,123,143,153,163,163,163,163],"floor_reached":51,"playtime":2948,"items_purged":["Doubt"],"score":1287,"play_id":"8b6ef3d4-4d03-4ea9-ad78-df1f380270ee","local_time":"20181220075011","is_ascension_mode":true,"campfire_choices":[{"data":"Defragment","floor":6.0,"key":"SMITH"},{"data":"Fission","floor":8.0,"key":"SMITH"},{"floor":10.0,"key":"REST"},{"data":"Loop","floor":13.0,"key":"SMITH"},{"floor":15.0,"key":"REST"},{"floor":23.0,"key":"REST"},{"data":"White Noise","floor":25.0,"key":"SMITH"},{"data":"Barrage","floor":30.0,"key":"SMITH"},{"data":"Static Discharge","floor":32.0,"key":"SMITH"},{"floor":41.0,"key":"REST"},{"floor":45.0,"key":"REST"},{"floor":49.0,"key":"REST"}],"neow_cost":"NONE","seed_source_timestamp":0,"circlet_count":0,"master_deck":["AscendersBane","Defend_B","Defend_B","Defend_B","Defend_B","Zap","Dualcast","Defragment+1","Steam","Loop+1","Static Discharge+1","Self Repair","Fission+1","Finesse","Echo Form+1","Scrape+1","Machine Learning+1","Redo+1","White Noise+1","Rainbow+1","Barrage+1","Glacier","Loop+1","Echo Form+1","Static Discharge+1","White Noise","Good Instincts","Tempest+1","Beam Cell"],"special_seed":0,"relics":["Cracked Core","Frozen Egg 2","Singing Bowl","Astrolabe","Art of War","Strawberry","Inserter","Centennial Puzzle","Smiling Mask"],"potions_floor_usage":[],"damage_taken":[{"damage":10.0,"enemies":"Small Slimes","floor":1.0,"turns":3.0},{"damage":1.0,"enemies":"Jaw Worm","floor":3.0,"turns":3.0},{"damage":1.0,"enemies":"Cultist","floor":4.0,"turns":3.0},{"damage":19.0,"enemies":"Gremlin Gang","floor":5.0,"turns":5.0},{"damage":14.0,"enemies":"Lagavulin","floor":7.0,"turns":7.0},{"damage":32.0,"enemies":"Exordium Thugs","floor":14.0,"turns":3.0},{"damage":39.0,"enemies":"Hexaghost","floor":16.0,"turns":9.0},{"damage":16.0,"enemies":"Chosen","floor":18.0,"turns":6.0},{"damage":10.0,"enemies":"3 Byrds","floor":21.0,"turns":3.0},{"damage":23.0,"enemies":"Snake Plant","floor":22.0,"turns":3.0},{"damage":13.0,"enemies":"Snecko","floor":27.0,"turns":5.0},{"damage":30.0,"enemies":"Centurion and Healer","floor":29.0,"turns":11.0},{"damage":4.0,"enemies":"Sentry and Sphere","floor":31.0,"turns":8.0},{"damage":34.0,"enemies":"Collector","floor":33.0,"turns":9.0},{"damage":3.0,"enemies":"3 Shapes","floor":35.0,"turns":5.0},{"damage":29.0,"enemies":"Orb Walker","floor":37.0,"turns":5.0},{"damage":45.0,"enemies":"Reptomancer","floor":40.0,"turns":6.0},{"damage":20.0,"enemies":"Transient","floor":42.0,"turns":6.0},{"damage":4.0,"enemies":"4 Shapes","floor":44.0,"turns":5.0},{"damage":15.0,"enemies":"Maw","floor":46.0,"turns":5.0},{"damage":33.0,"enemies":"Spire Growth","floor":47.0,"turns":4.0},{"damage":22.0,"enemies":"4 Shapes","floor":48.0,"turns":4.0},{"damage":44.0,"enemies":"Donu and Deca","floor":50.0,"turns":12.0},{"damage":24,"enemies":"Awakened One","floor":51,"turns":1}],"seed_played":"1004653958680135081","potions_obtained":[{"floor":1.0,"key":"Ancient Potion"},{"floor":4.0,"key":"SpeedPotion"},{"floor":14.0,"key":"LiquidBronze"},{"floor":16.0,"key":"SteroidPotion"},{"floor":21.0,"key":"PowerPotion"},{"floor":22.0,"key":"Dexterity Potion"},{"floor":35.0,"key":"SteroidPotion"},{"floor":37.0,"key":"PowerPotion"},{"floor":42.0,"key":"PowerPotion"},{"floor":44.0,"key":"Dexterity Potion"}],"is_trial":false,"path_per_floor":["M","$","M","M","M","R","E","R","T","R","$","?","R","M","R","B",null,"M","$","?","M","M","R","T","R","T","M","$","M","R","M","R","B",null,"M","$","M","?","$","E","R","M","T","M","R","M","M","M","R","B","B"],"character_chosen":"DEFECT","items_purchased":["Loop","Finesse","White Noise","Rainbow","Loop+1","White Noise","Good Instincts"],"campfire_rested":6,"item_purchase_floors":[2,11,19,19,28,39,39],"current_hp_per_floor":[54,54,53,52,33,33,26,26,26,47,47,47,47,24,45,13,58,51,51,51,48,39,61,61,61,68,71,71,57,57,62,62,35,75,72,72,52,52,52,21,48,44,44,40,67,54,30,17,46,2,0],"gold":163,"neow_bonus":"THREE_CARDS","is_prod":false,"is_daily":false,"chose_seed":false,"campfire_upgraded":6,"win_rate":0,"timestamp":1545310211,"path_taken":["M","$","M","M","M","R","E","R","T","R","$","?","R","M","R","BOSS","M","$","?","?","?","R","?","R","T","M","$","M","R","M","R","BOSS","M","$","M","?","$","E","R","M","T","?","R","M","M","M","R","BOSS","BOSS"],"build_version":"2018-12-13","purchased_purges":1,"victory":false,"max_hp_per_floor":[71,71,71,71,71,71,71,71,71,71,71,71,71,73,73,73,73,75,75,75,75,75,75,75,75,82,84,84,86,86,88,88,88,88,88,88,90,90,90,90,90,92,92,92,92,94,96,98,98,98,98],"card_choices":[{"not_picked":["Beam Cell","Doom and Gloom"],"picked":"Defragment","floor":0.0},{"not_picked":["Turbo","Darkness"],"picked":"Steam","floor":1.0},{"not_picked":["Ball Lightning","Steam"],"picked":"Static Discharge","floor":3.0},{"not_picked":["Gash","Aggregate","Turbo"],"picked":"SKIP","floor":4.0},{"not_picked":["Beam Cell","Heatsinks"],"picked":"Self Repair","floor":5.0},{"not_picked":["Storm","Go for the Eyes"],"picked":"Fission","floor":7.0},{"not_picked":["Beam Cell","Steam","Fusion"],"picked":"Singing Bowl","floor":14.0},{"not_picked":["Amplify","Buffer+1"],"picked":"Echo Form+1","floor":16.0},{"not_picked":["Fusion","Rebound","Sunder"],"picked":"Singing Bowl","floor":18.0},{"not_picked":["Go for the Eyes","Streamline"],"picked":"Barrage","floor":21.0},{"not_picked":["Aggregate","Creative AI+1"],"picked":"Glacier","floor":22.0},{"not_picked":["Hologram","Steam","Reinforced Body"],"picked":"Singing Bowl","floor":27.0},{"not_picked":["Go for the Eyes","Leap","Coolheaded"],"picked":"Singing Bowl","floor":29.0},{"not_picked":["Steam","Rebound","Streamline"],"picked":"Singing Bowl","floor":31.0},{"not_picked":["Hyperbeam","Rainbow"],"picked":"Echo Form+1","floor":33.0},{"not_picked":["Streamline","Sweeping Beam"],"picked":"Static Discharge+1","floor":35.0},{"not_picked":["Beam Cell","Go for the Eyes","Coolheaded"],"picked":"Singing Bowl","floor":37.0},{"not_picked":["Auto Shields","Blizzard+1"],"picked":"Tempest+1","floor":40.0},{"not_picked":["Melter","Ball Lightning","Hologram"],"picked":"Singing Bowl","floor":42.0},{"not_picked":["Go for the Eyes","Ball Lightning"],"picked":"Beam Cell","floor":44.0},{"not_picked":["Gash","Rebound","Loop+1"],"picked":"Singing Bowl","floor":46.0},{"not_picked":["Ball Lightning+1","Machine Learning+1","Stack"],"picked":"Singing Bowl","floor":47.0},{"not_picked":["Rebound","Lockon","Turbo"],"picked":"Singing Bowl","floor":48.0}],"player_experience":789040,"relics_obtained":[{"floor":7.0,"key":"Frozen Egg 2"},{"floor":9.0,"key":"Singing Bowl"},{"floor":24.0,"key":"Art of War"},{"floor":26.0,"key":"Strawberry"},{"floor":40.0,"key":"Centennial Puzzle"},{"floor":43.0,"key":"Smiling Mask"}],"event_choices":[{"damage_healed":0.0,"max_hp_gain":0.0,"max_hp_loss":0.0,"gold_gain":150.0,"event_name":"Liars Game","player_choice":"AGREE","floor":12.0,"gold_loss":0.0,"damage_taken":0.0,"cards_obtained":["Doubt"]},{"damage_healed":0.0,"max_hp_gain":0.0,"max_hp_loss":0.0,"gold_gain":0.0,"event_name":"Upgrade Shrine","player_choice":"Upgraded","floor":20.0,"gold_loss":0.0,"damage_taken":0.0,"cards_upgraded":["Rainbow"]},{"cards_removed":["Strike_B"],"damage_healed":0.0,"max_hp_gain":0.0,"max_hp_loss":0.0,"gold_gain":0.0,"event_name":"Purifier","player_choice":"Purged","floor":38.0,"gold_loss":0.0,"damage_taken":0.0}],"is_beta":false,"boss_relics":[{"not_picked":["Runic Pyramid","Cursed Key"],"picked":"Astrolabe"},{"not_picked":["Nuclear Battery","Velvet Choker"],"picked":"Inserter"}],"items_purged_floors":[19],"is_endless":false,"potions_floor_spawned":[1,4,14,16,21,22,35,37,42,44],"killed_by":"Awakened One","ascension_level":20}