{"gold_per_floor":[115,131,131,131,131,131,22,39,66,79,79,79,79,39,39,113,113,124,136,33,33,5,5,5],"floor_reached":24,"playtime":558,"items_purged":[],"score":364,"play_id":"39b9ba06-0613-4c2f-9a5c-003167472a94","local_time":"20190327074503","is_ascension_mode":true,"campfire_choices":[{"data":"Zap","floor":6,"key":"SMITH"},{"data":"Beam Cell","floor":11,"key":"SMITH"},{"data":"Go for the Eyes","floor":13,"key":"SMITH"},{"data":"Chaos","floor":15,"key":"SMITH"},{"floor":23,"key":"REST"}],"neow_cost":"PERCENT_DAMAGE","seed_source_timestamp":152224125491623,"circlet_count":0,"master_deck":["AscendersBane","Strike_B","Strike_B","Strike_B","Defend_B","Defend_B","Defend_B","Defend_B","Zap+1","Dualcast","Gash+1","Lockon","Sweeping Beam+1","Go for the Eyes+1","Beam Cell+1","Skim","Chaos+1","All For One","Loop","Gash","Tempest","Stack"],"relics":["Cracked Core","Calipers","Whetstone","Inserter"],"potions_floor_usage":[16],"damage_taken":[{"damage":2,"enemies":"Cultist","floor":1,"turns":4},{"damage":0,"enemies":"Small Slimes","floor":2,"turns":3},{"damage":1,"enemies":"2 Louse","floor":8,"turns":2},{"damage":9,"enemies":"2 Fungi Beasts","floor":10,"turns":3},{"damage":45,"enemies":"The Guardian","floor":16,"turns":9},{"damage":19,"enemies":"3 Byrds","floor":18,"turns":4},{"damage":12,"enemies":"Chosen","floor":19,"turns":3},{"damage":54,"enemies":"Gremlin Leader","floor":24,"turns":4}],"seed_played":"2148911202940072096","potions_obtained":[{"floor":8,"key":"SneckoOil"}],"is_trial":false,"path_per_floor":["M","M","?","?","?","R","$","M","T","M","R","?","R","$","R","B",null,"M","M","$","?","$","R","E"],"character_chosen":"DEFECT","items_purchased":["Sweeping Beam","Go for the Eyes","Chaos","Gash","Tempest","Stack"],"campfire_rested":1,"item_purchase_floors":[7,7,14,20,20,22],"current_hp_per_floor":[44,44,44,67,67,67,67,66,66,57,57,57,57,57,57,12,56,37,25,25,25,25,46,0],"gold":5,"neow_bonus":"ONE_RARE_RELIC","is_prod":false,"is_daily":false,"chose_seed":false,"campfire_upgraded":4,"win_rate":0,"timestamp":1553687103,"path_taken":["M","?","?","?","?","R","?","M","T","M","R","?","R","$","R","BOSS","M","M","?","?","$","R","E"],"build_version":"2019-01-23","purchased_purges":0,"victory":false,"max_hp_per_floor":[71,71,71,71,71,71,71,71,71,71,71,71,71,71,71,71,71,71,71,71,71,71,71,71],"card_choices":[{"not_picked":["Stack","Recycle"],"picked":"Gash","floor":1},{"not_picked":["Barrage","Recycle"],"picked":"Lockon","floor":2},{"not_picked":["Heatsinks","Darkness"],"picked":"Beam Cell","floor":8},{"not_picked":["Stack","Genetic Algorithm"],"picked":"Skim","floor":10},{"not_picked":["Biased Cognition","Hyperbeam"],"picked":"All For One","floor":16},{"not_picked":["Capacitor","Stack","Blizzard"],"picked":"SKIP","floor":18},{"not_picked":["Streamline","Reprogram"],"picked":"Loop","floor":19}],"player_experience":881823,"relics_obtained":[{"floor":9,"key":"Whetstone"}],"event_choices":[{"damage_healed":0,"gold_gain":0,"player_choice":"Ignored","damage_taken":0,"max_hp_gain":0,"max_hp_loss":0,"event_name":"Shining Light","floor":3,"gold_loss":0},{"damage_healed":23,"gold_gain":0,"player_choice":"Banana","damage_taken":0,"max_hp_gain":0,"max_hp_loss":0,"event_name":"Big Fish","floor":4,"gold_loss":0},{"damage_healed":0,"gold_gain":0,"player_choice":"Leave","damage_taken":0,"max_hp_gain":0,"max_hp_loss":0,"event_name":"The Cleric","floor":5,"gold_loss":0},{"cards_removed":["Strike_B"],"damage_healed":0,"gold_gain":0,"player_choice":"Purged","damage_taken":0,"max_hp_gain":0,"max_hp_loss":0,"event_name":"Purifier","floor":12,"gold_loss":0},{"damage_healed":0,"gold_gain":0,"player_choice":"Ignored","damage_taken":0,"max_hp_gain":0,"max_hp_loss":0,"event_name":"The Mausoleum","floor":21,"gold_loss":0}],"is_beta":false,"boss_relics":[{"not_picked":["Coffee Dripper","Tiny House"],"picked":"Inserter"}],"items_purged_floors":[],"is_endless":false,"potions_floor_spawned":[8],"killed_by":"Gremlin Leader","ascension_level":20}