{"gold_per_floor":[117,117,129,143,153,153,153,153,180,180,206,206,27,52,52,52],"floor_reached":16,"playtime":455,"items_purged":[],"score":181,"play_id":"d10ff87f-2079-4e55-a87e-a2128c8be24e","local_time":"20180927155314","is_ascension_mode":true,"campfire_choices":[{"floor":6,"key":"REST"},{"data":"Streamline","floor":8,"key":"SMITH"},{"data":"Loop","floor":10,"key":"SMITH"},{"floor":15,"key":"REST"}],"neow_cost":"","seed_source_timestamp":677766153835585,"circlet_count":0,"master_deck":["Strike_B","Strike_B","Strike_B","Strike_B","Defend_B","Defend_B","Defend_B","Defend_B","Zap","Dualcast","AscendersBane","Loop+1","Streamline+1","BootSequence","Reboot","Turbo","Consume"],"relics":["Cracked Core","Art of War","Odd Mushroom","Bag of Marbles","Happy Flower"],"potions_floor_usage":[5,5,16],"damage_taken":[{"damage":6,"enemies":"Jaw Worm","floor":1,"turns":4},{"damage":7,"enemies":"Small Slimes","floor":3,"turns":3},{"damage":0,"enemies":"2 Louse","floor":4,"turns":1},{"damage":24,"enemies":"2 Fungi Beasts","floor":5,"turns":4},{"damage":22,"enemies":"The Mushroom Lair","floor":11,"turns":5},{"damage":15,"enemies":"Lagavulin","floor":14,"turns":6},{"damage":33,"enemies":"Hexaghost","floor":16,"turns":9}],"seed_played":"8843812740358546101","potions_obtained":[{"floor":1,"key":"Swift Potion"},{"floor":4,"key":"Weak Potion"},{"floor":14,"key":"AttackPotion"}],"is_trial":false,"path_per_floor":["M","?","M","M","M","R","?","R","T","R","?","?","$","E","R"],"character_chosen":"DEFECT","items_purchased":["Bag of Marbles"],"campfire_rested":2,"item_purchase_floors":[13],"current_hp_per_floor":[58,58,51,51,27,48,48,48,48,48,26,26,26,11,32,0],"gold":52,"neow_bonus":"","is_prod":false,"is_daily":false,"chose_seed":false,"campfire_upgraded":2,"win_rate":0,"timestamp":1538077994,"path_taken":["M","?","M","M","M","R","?","R","T","R","?","?","$","E","R","BOSS"],"build_version":"2018-09-20","purchased_purges":0,"victory":false,"max_hp_per_floor":[71,71,71,71,71,71,71,71,71,71,71,71,71,71,71,71],"card_choices":[{"not_picked":["Barrage","Rebound"],"picked":"Loop","floor":1},{"not_picked":["Leap","Lockon"],"picked":"Streamline","floor":3},{"not_picked":["Steam Power","Cold Snap"],"picked":"BootSequence","floor":4},{"not_picked":["Streamline","Leap"],"picked":"Reboot","floor":5},{"not_picked":["Redo","Cold Snap"],"picked":"Turbo","floor":11},{"not_picked":["Double Energy","Gash"],"picked":"Consume","floor":14}],"player_experience":595287,"relics_obtained":[{"floor":9,"key":"Art of War"},{"floor":11,"key":"Odd Mushroom"},{"floor":14,"key":"Happy Flower"}],"event_choices":[{"event_name":"Scrap Ooze","player_choice":"unsuccessful","floor":2,"damage_taken":0},{"event_name":"Golden Idol","player_choice":"Ignored","floor":7,"damage_taken":0},{"event_name":"Mushrooms","player_choice":"Fought Mushrooms","floor":11,"damage_taken":0},{"event_name":"Dead Adventurer","player_choice":"Searched \u00271\u0027 times","floor":12,"damage_taken":0}],"is_beta":false,"boss_relics":[],"items_purged_floors":[],"is_endless":false,"potions_floor_spawned":[1,4,14],"killed_by":"Hexaghost","ascension_level":17}