{"gold_per_floor":[119,119,119,119,119,149,149,161,161,173,123,123,96,127,127,127],"floor_reached":16,"playtime":416,"items_purged":[],"score":106,"play_id":"13757b3d-7a2f-4517-8a07-d2d9cec1ecf0","local_time":"20181030064011","is_ascension_mode":false,"campfire_choices":[{"data":"Sweeping Beam","floor":7,"key":"SMITH"},{"floor":15,"key":"REST"}],"neow_cost":"TEN_PERCENT_HP_LOSS","seed_source_timestamp":415034431220130,"circlet_count":0,"master_deck":["Strike_B","Strike_B","Defend_B","Defend_B","Defend_B","Defend_B","Zap","Dualcast","Sweeping Beam+1","Skim","Auto Shields","Multi-Cast","Conserve Battery"],"relics":["Cracked Core","Ice Cream","Gremlin Horn","Juzu Bracelet","Pocketwatch","Bottled Lightning","Meat on the Bone"],"potions_floor_usage":[14,16],"damage_taken":[{"damage":0,"enemies":"Cultist","floor":1,"turns":3},{"damage":16,"enemies":"Lagavulin","floor":6,"turns":6},{"damage":7,"enemies":"Small Slimes","floor":8,"turns":3},{"damage":1,"enemies":"Jaw Worm","floor":10,"turns":3},{"damage":5,"enemies":"3 Sentries","floor":14,"turns":5},{"damage":52,"enemies":"Hexaghost","floor":16,"turns":10}],"seed_played":"-1338843934313648772","potions_obtained":[{"floor":6,"key":"LiquidBronze"},{"floor":10,"key":"Ancient Potion"}],"is_trial":false,"path_per_floor":["M","?","T","?","?","E","R","M","T","M","?","?","$","E","R"],"character_chosen":"DEFECT","items_purchased":["Conserve Battery"],"campfire_rested":1,"item_purchase_floors":[13],"current_hp_per_floor":[68,68,68,68,61,45,45,38,38,37,37,37,37,32,52,0],"gold":127,"neow_bonus":"ONE_RARE_RELIC","is_prod":false,"is_daily":false,"chose_seed":false,"campfire_upgraded":1,"win_rate":0,"timestamp":1540878011,"path_taken":["M","?","?","?","?","E","R","M","T","M","?","?","?","E","R","BOSS"],"build_version":"2018-10-29v2","purchased_purges":0,"victory":false,"max_hp_per_floor":[68,68,68,68,68,68,68,68,68,68,68,68,68,68,68,68],"card_choices":[{"not_picked":["Rebound","Hologram","Barrage"],"picked":"SKIP","floor":1},{"not_picked":["Chill","Force Field"],"picked":"Sweeping Beam","floor":6},{"not_picked":["Turbo","Cold Snap"],"picked":"Skim","floor":8},{"not_picked":["All For One","Compile Driver"],"picked":"Auto Shields","floor":10},{"not_picked":["Hologram","Rebound","Gash"],"picked":"SKIP","floor":14}],"player_experience":171206,"relics_obtained":[{"floor":3,"key":"Gremlin Horn"},{"floor":6,"key":"Pocketwatch"},{"floor":9,"key":"Bottled Lightning"},{"floor":14,"key":"Meat on the Bone"}],"event_choices":[{"damage_healed":0,"gold_gain":0,"player_choice":"Ignored","damage_taken":0,"max_hp_gain":0,"max_hp_loss":0,"event_name":"NoteForYourself","floor":2,"gold_loss":0},{"damage_healed":0,"gold_gain":0,"player_choice":"Box","damage_taken":0,"relics_obtained":["Juzu Bracelet"],"max_hp_gain":0,"max_hp_loss":0,"event_name":"Big Fish","floor":4,"gold_loss":0,"cards_obtained":["Regret"]},{"cards_removed":["Regret"],"damage_healed":0,"gold_gain":0,"player_choice":"Card Removal","damage_taken":7,"max_hp_gain":0,"max_hp_loss":0,"event_name":"Golden Wing","floor":5,"gold_loss":0},{"cards_removed":["Strike_B"],"damage_healed":0,"gold_gain":0,"player_choice":"Card Removal","damage_taken":0,"max_hp_gain":0,"max_hp_loss":0,"event_name":"The Cleric","floor":11,"gold_loss":50},{"damage_healed":0,"gold_gain":0,"cards_transformed":["Strike_B"],"player_choice":"Transformed","damage_taken":0,"max_hp_gain":0,"max_hp_loss":0,"event_name":"Transmorgrifier","floor":12,"gold_loss":0,"cards_obtained":["Multi-Cast"]}],"is_beta":true,"boss_relics":[],"items_purged_floors":[],"is_endless":false,"potions_floor_spawned":[6,10],"killed_by":"Hexaghost","ascension_level":0}