{"gold_per_floor":[217,229,247,263,282,282,309,309,334,137,148,323,351,131,131,131],"floor_reached":16,"playtime":1777,"items_purged":["Doubt"],"score":129,"play_id":"fc94b201-1452-4772-9ffb-033668b06041","local_time":"20190108181903","is_ascension_mode":true,"campfire_choices":[{"data":"Thunderclap","floor":6,"key":"SMITH"},{"floor":15,"key":"REST"}],"neow_cost":"NONE","seed_source_timestamp":411138474274315,"circlet_count":0,"master_deck":["Strike_R","Strike_R","Strike_R","Strike_R","Strike_R","Defend_R+1","Defend_R","Defend_R","Defend_R+1","Bash","Thunderclap+1","Evolve","Ghostly Armor","Spot Weakness","Cleave","Clothesline","Parasite","Uppercut","Pommel Strike","Flame Barrier"],"relics":["Burning Blood","Kunai","Dream Catcher","War Paint","Orichalcum","Lantern"],"potions_floor_usage":[7,11,13,13,16],"damage_taken":[{"damage":4,"enemies":"Jaw Worm","floor":1,"turns":6},{"damage":7,"enemies":"2 Louse","floor":2,"turns":3},{"damage":6,"enemies":"Cultist","floor":3,"turns":4},{"damage":11,"enemies":"Looter","floor":4,"turns":4},{"damage":20,"enemies":"2 Fungi Beasts","floor":5,"turns":4},{"damage":30,"enemies":"Lagavulin","floor":7,"turns":6},{"damage":23,"enemies":"Exordium Thugs","floor":11,"turns":4},{"damage":15,"enemies":"3 Sentries","floor":13,"turns":6},{"damage":58,"enemies":"Hexaghost","floor":16,"turns":10}],"seed_played":"599686838701522876","potions_obtained":[{"floor":3,"key":"Explosive Potion"},{"floor":5,"key":"Weak Potion"},{"floor":7,"key":"Ancient Potion"},{"floor":11,"key":"SkillPotion"}],"is_trial":false,"path_per_floor":["M","M","M","M","M","R","E","?","T","$","M","?","E","$","R","B"],"character_chosen":"IRONCLAD","items_purchased":["War Paint","Fire Potion","Lantern"],"campfire_rested":1,"item_purchase_floors":[10,10,14],"current_hp_per_floor":[80,79,79,74,60,60,36,56,56,56,39,39,30,30,54,0],"gold":131,"neow_bonus":"HUNDRED_GOLD","is_prod":false,"is_daily":false,"chose_seed":false,"campfire_upgraded":1,"win_rate":0,"timestamp":1546967943,"path_taken":["M","M","M","M","M","R","E","?","T","$","M","?","E","$","R","BOSS"],"build_version":"2019-01-03v4","purchased_purges":1,"victory":false,"max_hp_per_floor":[80,80,80,80,80,80,80,80,80,80,80,80,80,80,80,80],"card_choices":[{"not_picked":["Havoc","True Grit"],"picked":"Thunderclap","floor":1},{"not_picked":["Thunderclap","Warcry"],"picked":"Evolve","floor":2},{"not_picked":["Evolve","Headbutt"],"picked":"Ghostly Armor","floor":3},{"not_picked":["Shrug It Off","Twin Strike"],"picked":"Spot Weakness","floor":4},{"not_picked":["Rupture","Disarm"],"picked":"Cleave","floor":5},{"not_picked":["Warcry","Headbutt"],"picked":"Clothesline","floor":7},{"not_picked":["Berserk","Second Wind"],"picked":"Uppercut","floor":11},{"not_picked":["Entrench","Flex"],"picked":"Pommel Strike","floor":13},{"not_picked":["Headbutt","Armaments"],"picked":"Flame Barrier","floor":15}],"player_experience":298964,"relics_obtained":[{"floor":7,"key":"Kunai"},{"floor":9,"key":"Dream Catcher"},{"floor":13,"key":"Orichalcum"}],"event_choices":[{"damage_healed":20,"gold_gain":0,"player_choice":"Healed and dodged fight","damage_taken":0,"max_hp_gain":0,"max_hp_loss":0,"event_name":"Mushrooms","floor":8,"gold_loss":0,"cards_obtained":["Parasite"]},{"damage_healed":0,"gold_gain":175,"player_choice":"AGREE","damage_taken":0,"max_hp_gain":0,"max_hp_loss":0,"event_name":"Liars Game","floor":12,"gold_loss":0,"cards_obtained":["Doubt"]}],"is_beta":false,"boss_relics":[],"items_purged_floors":[14],"is_endless":false,"potions_floor_spawned":[3,5,7,11],"killed_by":"Hexaghost","ascension_level":3}