{"gold_per_floor":[110,110,126,145,165,165,190,190,190,190,208,224,238,238,238,334,334,349,227,246,86,86],"floor_reached":22,"playtime":1450,"items_purged":[],"score":245,"play_id":"8971b040-c59d-49a0-8b78-eeb4f369d855","local_time":"20190108184324","is_ascension_mode":true,"campfire_choices":[{"data":"Hemokinesis","floor":6,"key":"SMITH"},{"data":"Clothesline","floor":8,"key":"SMITH"},{"data":"Bash","floor":10,"key":"SMITH"},{"floor":15,"key":"REST"}],"neow_cost":"NONE","seed_source_timestamp":412926483139930,"circlet_count":0,"master_deck":["Strike_R","Strike_R","Strike_R","Strike_R","Defend_R","Defend_R","Defend_R","Bash+1","Sentinel","Thunderclap","Hemokinesis+1","Clothesline+1","Searing Blow","Headbutt","Immolate","Feel No Pain"],"relics":["Burning Blood","Lantern","The Courier","Shuriken","Empty Cage","Anchor","TheAbacus"],"potions_floor_usage":[7,7,11,16,22],"damage_taken":[{"damage":9,"enemies":"Jaw Worm","floor":1,"turns":5},{"damage":1,"enemies":"Cultist","floor":3,"turns":3},{"damage":4,"enemies":"Small Slimes","floor":4,"turns":4},{"damage":14,"enemies":"2 Fungi Beasts","floor":5,"turns":4},{"damage":2,"enemies":"Gremlin Nob","floor":7,"turns":2},{"damage":10,"enemies":"Looter","floor":11,"turns":3},{"damage":20,"enemies":"Large Slime","floor":12,"turns":8},{"damage":11,"enemies":"Exordium Wildlife","floor":13,"turns":3},{"damage":64,"enemies":"Hexaghost","floor":16,"turns":8},{"damage":27,"enemies":"Shell Parasite","floor":18,"turns":5},{"damage":30,"enemies":"Spheric Guardian","floor":20,"turns":4},{"damage":39,"enemies":"Shelled Parasite and Fungi","floor":22,"turns":5}],"seed_played":"-7339397721374033514","potions_obtained":[{"floor":1,"key":"Weak Potion"},{"floor":3,"key":"AttackPotion"},{"floor":4,"key":"Fire Potion"},{"floor":13,"key":"LiquidBronze"},{"floor":20,"key":"FearPotion"}],"is_trial":false,"path_per_floor":["M","?","M","M","M","R","E","R","T","R","M","M","M","?","R","B",null,"M","$","M","$","M"],"character_chosen":"IRONCLAD","items_purchased":["Anchor","TheAbacus"],"campfire_rested":1,"item_purchase_floors":[19,21],"current_hp_per_floor":[77,77,80,80,72,72,76,76,76,76,72,58,53,53,77,19,80,59,59,35,35,0],"gold":86,"neow_bonus":"TRANSFORM_CARD","is_prod":false,"is_daily":false,"chose_seed":false,"campfire_upgraded":3,"win_rate":0,"timestamp":1546969404,"path_taken":["M","?","M","?","M","R","E","R","T","R","M","M","M","?","R","BOSS","M","$","M","$","M"],"build_version":"2019-01-03v4","purchased_purges":0,"victory":false,"max_hp_per_floor":[80,80,80,80,80,80,80,80,80,80,80,80,80,80,80,80,80,80,80,80,80,80],"card_choices":[{"not_picked":["Corruption","Rupture"],"picked":"Sentinel","floor":1},{"not_picked":["Entrench","Sever Soul"],"picked":"Thunderclap","floor":3},{"not_picked":["Pommel Strike","Twin Strike"],"picked":"Hemokinesis","floor":4},{"not_picked":["Intimidate","Corruption"],"picked":"Clothesline","floor":5},{"not_picked":["Dark Embrace","Feed","Entrench"],"picked":"SKIP","floor":7},{"not_picked":["Ghostly Armor","Armaments"],"picked":"Searing Blow","floor":11},{"not_picked":["Body Slam","Warcry","Havoc"],"picked":"SKIP","floor":12},{"not_picked":["Cleave","Thunderclap"],"picked":"Headbutt","floor":13},{"not_picked":["Juggernaut","Feed"],"picked":"Immolate","floor":16},{"not_picked":["Carnage","Reckless Charge","Clothesline"],"picked":"SKIP","floor":18},{"not_picked":["Anger+1","Pommel Strike"],"picked":"Feel No Pain","floor":20}],"player_experience":300741,"relics_obtained":[{"floor":7,"key":"Lantern"},{"floor":9,"key":"The Courier"}],"event_choices":[{"cards_removed":["Second Wind"],"damage_healed":0,"gold_gain":0,"player_choice":"Card Removal","damage_taken":0,"max_hp_gain":0,"max_hp_loss":0,"event_name":"Wheel of Change","floor":2,"gold_loss":0},{"damage_healed":0,"gold_gain":0,"player_choice":"Box","damage_taken":0,"relics_obtained":["Shuriken"],"max_hp_gain":0,"max_hp_loss":0,"event_name":"Big Fish","floor":14,"gold_loss":0,"cards_obtained":["Regret"]}],"is_beta":false,"boss_relics":[{"not_picked":["Coffee Dripper","Orrery"],"picked":"Empty Cage"}],"items_purged_floors":[],"is_endless":false,"potions_floor_spawned":[1,3,4,5,13,20],"killed_by":"Shelled Parasite and Fungi","ascension_level":3}