{"gold_per_floor":[367,386,147,167,167,167,193,207,234,248,6,16,16,291,291,291],"floor_reached":16,"playtime":513,"items_purged":[],"score":179,"play_id":"e414b3b1-b988-41e1-a955-30f2f15e79f4","local_time":"20181117182226","is_ascension_mode":true,"campfire_choices":[{"data":"Discovery","floor":6,"key":"SMITH"},{"data":"Heavy Blade","floor":13,"key":"SMITH"},{"data":"Spot Weakness","floor":15,"key":"SMITH"}],"neow_cost":"TEN_PERCENT_HP_LOSS","seed_source_timestamp":0,"circlet_count":0,"master_deck":["AscendersBane","Strike_R","Strike_R","Strike_R","Strike_R","Strike_R","Defend_R","Defend_R","Defend_R+1","Defend_R+1","Bash","Whirlwind","Heavy Blade+1","Feed","Discovery+1","Flame Barrier","Thunderclap","Spot Weakness+1","Thunderclap","Barricade","Regret"],"special_seed":0,"relics":["Burning Blood","Vajra","War Paint","Pear"],"potions_floor_usage":[16,16],"damage_taken":[{"damage":7.0,"enemies":"Jaw Worm","floor":1.0,"turns":3.0},{"damage":15.0,"enemies":"Cultist","floor":2.0,"turns":5.0},{"damage":4,"enemies":"Small Slimes","floor":4,"turns":3},{"damage":55,"enemies":"Lagavulin","floor":7,"turns":7},{"damage":0,"enemies":"Looter","floor":8,"turns":2},{"damage":9,"enemies":"Red Slaver","floor":10,"turns":3},{"damage":3,"enemies":"2 Fungi Beasts","floor":12,"turns":6},{"damage":55,"enemies":"The Guardian","floor":16,"turns":8}],"seed_played":"-6649127654666792122","potions_obtained":[{"floor":1.0,"key":"Regen Potion"},{"floor":8,"key":"FearPotion"}],"is_trial":false,"path_per_floor":["M","M","$","M","?","R","E","M","T","M","$","M","R","?","R","B"],"character_chosen":"IRONCLAD","items_purchased":["Feed","Discovery","Pear"],"campfire_rested":0,"item_purchase_floors":[3,3,11],"current_hp_per_floor":[67,58,58,63,63,63,17,23,23,20,30,36,36,36,36,0],"gold":291,"neow_bonus":"TWO_FIFTY_GOLD","is_prod":false,"is_daily":false,"chose_seed":false,"campfire_upgraded":3,"win_rate":0,"timestamp":1542496946,"path_taken":["M","M","$","M","?","R","E","M","T","M","$","M","R","?","R","BOSS"],"build_version":"2018-11-15","purchased_purges":0,"victory":false,"max_hp_per_floor":[68,68,68,71,71,71,74,74,74,74,84,87,87,87,87,87],"card_choices":[{"not_picked":["True Grit","Sword Boomerang"],"picked":"Whirlwind","floor":1.0},{"not_picked":["Carnage","Twin Strike"],"picked":"Heavy Blade","floor":2.0},{"not_picked":["Anger","Perfected Strike"],"picked":"Flame Barrier","floor":4},{"not_picked":["Body Slam","Heavy Blade"],"picked":"Thunderclap","floor":7},{"not_picked":["Pommel Strike","Ghostly Armor"],"picked":"Spot Weakness","floor":8},{"not_picked":["Shockwave","Twin Strike"],"picked":"Thunderclap","floor":10},{"not_picked":["Rupture","Clash"],"picked":"Barricade","floor":12}],"player_experience":736264,"relics_obtained":[{"floor":7,"key":"Vajra"},{"floor":9,"key":"War Paint"}],"event_choices":[{"damage_healed":0,"gold_gain":0,"player_choice":"Ignored","damage_taken":0,"max_hp_gain":0,"max_hp_loss":0,"event_name":"Shining Light","floor":5,"gold_loss":0},{"damage_healed":0,"gold_gain":275,"player_choice":"Desecrate","damage_taken":0,"max_hp_gain":0,"max_hp_loss":0,"event_name":"Golden Shrine","floor":14,"gold_loss":0,"cards_obtained":["Regret"]}],"is_beta":false,"boss_relics":[],"items_purged_floors":[],"is_endless":false,"potions_floor_spawned":[1,8,12],"killed_by":"The Guardian","ascension_level":15}