{"gold_per_floor":[109,109,69,88,188,224,224,258,258,289,289,304,328,4,4,132,132,146,136,175,175],"floor_reached":21,"playtime":1009,"items_purged":[],"score":355,"play_id":"9d74af3b-c643-42ae-b609-7a680c20ce17","local_time":"20190506111824","is_ascension_mode":true,"campfire_choices":[{"floor":7.0,"key":"REST"},{"data":"Accuracy","floor":11.0,"key":"SMITH"},{"floor":15.0,"key":"REST"}],"neow_cost":"NONE","seed_source_timestamp":0,"circlet_count":0,"master_deck":["AscendersBane","Defend_G","Defend_G","Defend_G","Defend_G","Defend_G","Strike_G","Strike_G","Strike_G","Strike_G","Strike_G","Survivor","Neutralize","Flying Knee","Caltrops","Infinite Blades","Masterful Stab","Accuracy+1","Dagger Throw","Choke","Blade Dance","Accuracy","Envenom","Quick Slash+1","Dagger Spray+1","Sucker Punch+1"],"special_seed":0,"relics":["Ring of the Snake","NeowsBlessing","Golden Idol","Sundial","Art of War","Pear","Oddly Smooth Stone","StoneCalendar","Cursed Key","Red Mask"],"potions_floor_usage":[21],"damage_taken":[{"damage":0.0,"enemies":"Jaw Worm","floor":1.0,"turns":1.0},{"damage":0.0,"enemies":"Small Slimes","floor":4.0,"turns":1.0},{"damage":0.0,"enemies":"3 Sentries","floor":6.0,"turns":1.0},{"damage":20.0,"enemies":"Gremlin Nob","floor":8.0,"turns":4.0},{"damage":26.0,"enemies":"Lagavulin","floor":10.0,"turns":8.0},{"damage":0.0,"enemies":"Cultist","floor":12.0,"turns":2.0},{"damage":22.0,"enemies":"Gremlin Gang","floor":13.0,"turns":5.0},{"damage":26.0,"enemies":"Slime Boss","floor":16.0,"turns":7.0},{"damage":3,"enemies":"3 Byrds","floor":18,"turns":5},{"damage":18,"enemies":"2 Thieves","floor":19,"turns":4},{"damage":35,"enemies":"Masked Bandits","floor":20,"turns":4},{"damage":9,"enemies":"3 Cultists","floor":21,"turns":3}],"seed_played":"6506371747316356757","potions_obtained":[{"floor":4.0,"key":"Block Potion"},{"floor":10.0,"key":"Swift Potion"},{"floor":13.0,"key":"SneckoOil"},{"floor":20,"key":"GhostInAJar"}],"is_trial":false,"path_per_floor":["M","?","$","M","?","E","R","E","T","E","R","M","M","$","R","B",null,"M","M","?","M"],"character_chosen":"THE_SILENT","items_purchased":["Caltrops","StoneCalendar","Accuracy"],"campfire_rested":2,"item_purchase_floors":[3,14,14],"current_hp_per_floor":[63,46,46,46,46,46,67,47,57,31,31,31,9,9,33,7,62,59,41,6,0],"gold":175,"neow_bonus":"THREE_ENEMY_KILL","is_prod":false,"is_daily":false,"chose_seed":false,"campfire_upgraded":1,"win_rate":0,"timestamp":1557166704,"path_taken":["M","?","$","M","?","E","R","E","T","E","R","M","?","$","R","BOSS","M","?","?","M"],"build_version":"2019-01-23","purchased_purges":0,"victory":false,"max_hp_per_floor":[70,70,70,70,70,70,70,70,80,80,80,80,80,80,80,80,80,80,80,80,80],"card_choices":[{"not_picked":["Cloak And Dagger","Backflip"],"picked":"Flying Knee","floor":1.0},{"not_picked":["Riddle With Holes","Poisoned Stab"],"picked":"Infinite Blades","floor":4.0},{"not_picked":["Outmaneuver","Blur"],"picked":"Masterful Stab","floor":6.0},{"not_picked":["Distraction","Slice"],"picked":"Accuracy","floor":8.0},{"not_picked":["Expertise","Masterful Stab"],"picked":"Dagger Throw","floor":10.0},{"not_picked":["Underhanded Strike","Calculated Gamble"],"picked":"Choke","floor":12.0},{"not_picked":["Bouncing Flask","PiercingWail"],"picked":"Blade Dance","floor":13.0},{"not_picked":["Bullet Time","Grand Finale"],"picked":"Envenom","floor":16.0},{"not_picked":["Choke","Blade Dance"],"picked":"Quick Slash+1","floor":18},{"not_picked":["Prepared","Skewer"],"picked":"Dagger Spray+1","floor":19},{"not_picked":["Endless Agony","Quick Slash"],"picked":"Sucker Punch+1","floor":20}],"player_experience":580105,"relics_obtained":[{"floor":6.0,"key":"Sundial"},{"floor":8.0,"key":"Art of War"},{"floor":9.0,"key":"Pear"},{"floor":10.0,"key":"Oddly Smooth Stone"},{"floor":20,"key":"Red Mask"}],"event_choices":[{"damage_healed":0.0,"max_hp_gain":0.0,"max_hp_loss":0.0,"gold_gain":0.0,"event_name":"Golden Idol","player_choice":"Take Damage","floor":2.0,"gold_loss":0.0,"damage_taken":17.0,"relics_obtained":["Golden Idol"]},{"damage_healed":0.0,"max_hp_gain":0.0,"max_hp_loss":0.0,"gold_gain":100.0,"event_name":"Wheel of Change","player_choice":"Gold","floor":5.0,"gold_loss":0.0,"damage_taken":0.0},{"damage_healed":0,"gold_gain":0,"player_choice":"Fought Bandits","damage_taken":0,"max_hp_gain":0,"max_hp_loss":0,"event_name":"Masked Bandits","floor":20,"gold_loss":0}],"is_beta":false,"boss_relics":[{"not_picked":["Astrolabe","Velvet Choker"],"picked":"Cursed Key"}],"items_purged_floors":[],"is_endless":false,"potions_floor_spawned":[4,10,13,20],"killed_by":"3 Cultists","ascension_level":12}