{"gold_per_floor":[117,117,134,151,151,151,166,193,193,227,243,243,418,442,442,546,546,556,556,568,568,85,85,85,119,119,133,54,68,88,88,88,88],"floor_reached":33,"playtime":1855,"items_purged":["Doubt"],"score":289,"play_id":"3c4f71c0-f4a0-4a58-8919-4d01376f935f","local_time":"20190407172730","is_ascension_mode":true,"campfire_choices":[{"floor":6,"key":"RECALL"},{"data":"Thunderclap","floor":12,"key":"SMITH"},{"data":"Thunderclap","floor":15,"key":"SMITH"},{"data":"Metamorphosis","floor":23,"key":"SMITH"},{"floor":32,"key":"REST"}],"neow_cost":"TEN_PERCENT_HP_LOSS","seed_source_timestamp":150693868518629,"circlet_count":0,"master_deck":["Strike_R+1","Strike_R+1","Strike_R+1","Defend_R+1","Defend_R+1","Defend_R+1","Defend_R+1","Bash","Headbutt","Thunderclap+1","Anger","Thunderclap+1","Perfected Strike","Iron Wave","Shrug It Off","Berserk","Blood for Blood","Twin Strike","Whirlwind","Pommel Strike","Metamorphosis+1","Double Tap","Flame Barrier+1","Inflame","Blood for Blood","Iron Wave"],"relics":["Burning Blood","FaceOfCleric","Ice Cream","Nunchaku","Sozu","Chemical X","Nloth\u0027s Gift","Bottled Lightning","Shuriken"],"potions_floor_usage":[16,16],"damage_taken":[{"damage":3,"enemies":"Small Slimes","floor":1,"turns":4},{"damage":1,"enemies":"Cultist","floor":3,"turns":3},{"damage":3,"enemies":"2 Louse","floor":4,"turns":3},{"damage":5,"enemies":"Large Slime","floor":7,"turns":6},{"damage":26,"enemies":"3 Sentries","floor":8,"turns":6},{"damage":28,"enemies":"Gremlin Nob","floor":10,"turns":4},{"damage":7,"enemies":"Looter","floor":11,"turns":4},{"damage":19,"enemies":"Slime Boss","floor":16,"turns":10},{"damage":20,"enemies":"2 Thieves","floor":18,"turns":4},{"damage":2,"enemies":"3 Byrds","floor":20,"turns":5},{"damage":40,"enemies":"Slavers","floor":25,"turns":3},{"damage":12,"enemies":"Centurion and Healer","floor":27,"turns":4},{"damage":21,"enemies":"Snake Plant","floor":29,"turns":3},{"damage":10,"enemies":"Snecko","floor":30,"turns":4},{"damage":105,"enemies":"Automaton","floor":33,"turns":6}],"seed_played":"-7323553724373133759","potions_obtained":[{"floor":4,"key":"Ancient Potion"},{"floor":10,"key":"Explosive Potion"}],"is_trial":false,"path_per_floor":["M","?","M","M","?","R","M","E","T","E","M","R","?","T","R","B",null,"M","?","M","?","$","R","?","E","T","M","$","M","M","?","R","B"],"character_chosen":"IRONCLAD","items_purchased":["Chemical X","Pommel Strike","Metamorphosis","Inflame"],"campfire_rested":1,"item_purchase_floors":[22,22,22,28],"current_hp_per_floor":[72,72,73,74,74,74,75,56,56,35,35,35,35,35,35,23,79,66,66,71,71,71,71,71,38,38,33,33,19,16,16,41,0],"gold":88,"neow_bonus":"REMOVE_TWO","is_prod":false,"is_daily":false,"chose_seed":false,"campfire_upgraded":3,"win_rate":0,"timestamp":1554676050,"path_taken":["M","?","?","M","?","R","M","E","T","E","M","R","?","?","R","BOSS","M","?","M","?","$","R","?","E","T","M","$","?","M","?","R","BOSS"],"build_version":"2019-01-23","purchased_purges":1,"victory":false,"max_hp_per_floor":[72,72,73,74,74,74,75,76,76,77,78,78,78,78,78,79,79,80,80,81,81,81,81,81,82,82,83,83,84,85,85,85,85],"card_choices":[{"not_picked":["Body Slam","Pommel Strike"],"picked":"Headbutt","floor":1},{"not_picked":["Immolate","Headbutt"],"picked":"Thunderclap","floor":3},{"not_picked":["Sentinel","Fire Breathing"],"picked":"Anger","floor":4},{"not_picked":["Intimidate","Flex"],"picked":"Thunderclap","floor":7},{"not_picked":["Fiend Fire","Cleave"],"picked":"Perfected Strike","floor":8},{"not_picked":["Anger","Evolve"],"picked":"Iron Wave","floor":10},{"not_picked":["Ghostly Armor","Clash"],"picked":"Shrug It Off","floor":11},{"not_picked":["Dark Embrace","Exhume"],"picked":"Berserk","floor":16},{"not_picked":["Body Slam+1","Corruption"],"picked":"Blood for Blood","floor":18},{"not_picked":["Headbutt","Second Wind"],"picked":"Twin Strike","floor":20},{"not_picked":["Dropkick","Heavy Blade+1"],"picked":"Double Tap","floor":25},{"not_picked":["Seeing Red","Immolate"],"picked":"Flame Barrier+1","floor":27},{"not_picked":["Clash","Seeing Red"],"picked":"Blood for Blood","floor":29},{"not_picked":["Entrench","Dropkick"],"picked":"Iron Wave","floor":30}],"player_experience":151145,"relics_obtained":[{"floor":8,"key":"Ice Cream"},{"floor":9,"key":"Nunchaku"},{"floor":10,"key":"Turnip"},{"floor":25,"key":"Bottled Lightning"},{"floor":26,"key":"Shuriken"}],"event_choices":[{"damage_healed":0,"gold_gain":0,"player_choice":"Trade","damage_taken":0,"relics_obtained":["FaceOfCleric"],"max_hp_gain":0,"max_hp_loss":0,"event_name":"FaceTrader","floor":2,"gold_loss":0},{"damage_healed":0,"gold_gain":0,"player_choice":"Leave","damage_taken":0,"max_hp_gain":0,"max_hp_loss":0,"event_name":"The Cleric","floor":5,"gold_loss":0},{"damage_healed":0,"gold_gain":175,"player_choice":"AGREE","damage_taken":0,"max_hp_gain":0,"max_hp_loss":0,"event_name":"Liars Game","floor":13,"gold_loss":0,"cards_obtained":["Doubt"]},{"damage_healed":0,"gold_gain":0,"player_choice":"Simplicity","damage_taken":0,"max_hp_gain":0,"max_hp_loss":0,"event_name":"Back to Basics","floor":19,"gold_loss":0,"cards_upgraded":["Strike_R","Strike_R","Strike_R","Defend_R","Defend_R","Defend_R","Defend_R"]},{"damage_healed":0,"gold_gain":0,"player_choice":"Read","damage_taken":0,"max_hp_gain":0,"max_hp_loss":0,"event_name":"The Library","floor":21,"gold_loss":0,"cards_obtained":["Whirlwind"]},{"damage_healed":0,"gold_gain":0,"player_choice":"Traded Relic","damage_taken":0,"relics_obtained":["Nloth\u0027s Gift"],"max_hp_gain":0,"max_hp_loss":0,"event_name":"N\u0027loth","floor":24,"relics_lost":["Turnip"],"gold_loss":0},{"damage_healed":0,"gold_gain":0,"player_choice":"Ignored","damage_taken":0,"max_hp_gain":0,"max_hp_loss":0,"event_name":"Vampires","floor":31,"gold_loss":0}],"is_beta":false,"boss_relics":[{"not_picked":["Coffee Dripper","Tiny House"],"picked":"Sozu"}],"items_purged_floors":[22],"is_endless":false,"potions_floor_spawned":[4,10,20,27,29,30],"killed_by":"Automaton","ascension_level":1}