{"gold_per_floor":[117,136,152,166,166,166,192,192,192,192,192,211,230,8,8,103,103,121,121,121,121,144,144,162,195,246,60,70,70,124,139,139,238,238,248,208,223,234,0,0,0,0,0,20,50,4,21,21,21,21],"floor_reached":50,"playtime":2758,"items_purged":["Regret"],"score":515,"play_id":"b0731c61-b8e6-401b-9869-f3add025a7f7","local_time":"20190319112504","is_ascension_mode":false,"campfire_choices":[{"data":"Loop","floor":6,"key":"SMITH"},{"floor":8,"key":"REST"},{"data":"Lockon","floor":15,"key":"SMITH"},{"data":"Defragment","floor":23,"key":"SMITH"},{"data":"Apotheosis","floor":29,"key":"SMITH"},{"floor":32,"key":"REST"},{"data":"Storm","floor":40,"key":"SMITH"},{"data":"Loop","floor":42,"key":"SMITH"},{"floor":49,"key":"REST"}],"neow_cost":"PERCENT_DAMAGE","seed_source_timestamp":525793232242379,"circlet_count":0,"master_deck":["Strike_B","Strike_B","Strike_B","Defend_B+1","Defend_B","Defend_B","Zap+1","Dualcast","Dramatic Entrance","Fusion","Storm+1","Loop+1","Leap","Lockon+1","Ball Lightning","Redo","Biased Cognition","Defragment+1","Ball Lightning","Tempest","White Noise","Ball Lightning","Self Repair+1","Apotheosis+1","Genetic Algorithm","BootSequence","Reboot","Loop+1","Conserve Battery","Beam Cell+1","Thunder Strike","Leap","Steam","Cold Snap"],"relics":["Cracked Core","Gremlin Horn","Pocketwatch","Du-Vu Doll","Bronze Scales","Nuclear Battery","Pen Nib","Gambling Chip","Bag of Marbles","Lantern","Sozu","Red Mask","Darkstone Periapt","Shuriken"],"potions_floor_usage":[4,7,7,18,31,33],"damage_taken":[{"damage":1,"enemies":"Cultist","floor":1,"turns":4},{"damage":0,"enemies":"Small Slimes","floor":2,"turns":2},{"damage":0,"enemies":"2 Louse","floor":3,"turns":2},{"damage":9,"enemies":"Blue Slaver","floor":4,"turns":3},{"damage":21,"enemies":"3 Sentries","floor":7,"turns":6},{"damage":13,"enemies":"Looter","floor":12,"turns":3},{"damage":5,"enemies":"Exordium Thugs","floor":13,"turns":4},{"damage":15,"enemies":"Slime Boss","floor":16,"turns":6},{"damage":2,"enemies":"Chosen","floor":18,"turns":3},{"damage":12,"enemies":"Shell Parasite","floor":24,"turns":3},{"damage":50,"enemies":"Slavers","floor":25,"turns":3},{"damage":0,"enemies":"3 Cultists","floor":28,"turns":3},{"damage":9,"enemies":"Centurion and Healer","floor":31,"turns":3},{"damage":44,"enemies":"Collector","floor":33,"turns":5},{"damage":0,"enemies":"3 Shapes","floor":35,"turns":3},{"damage":0,"enemies":"Orb Walker","floor":37,"turns":3},{"damage":18,"enemies":"Spire Growth","floor":38,"turns":4},{"damage":30,"enemies":"Jaw Worm Horde","floor":44,"turns":3},{"damage":35,"enemies":"Giant Head","floor":45,"turns":6},{"damage":1,"enemies":"Writhing Mass","floor":47,"turns":3},{"damage":87,"enemies":"Awakened One","floor":50,"turns":7}],"seed_played":"1117814281354270477","potions_obtained":[{"floor":1,"key":"PowerPotion"},{"floor":2,"key":"Fire Potion"},{"floor":4,"key":"Fire Potion"},{"floor":12,"key":"FearPotion"},{"floor":25,"key":"SkillPotion"},{"floor":31,"key":"GamblersBrew"}],"is_trial":false,"path_per_floor":["M","M","M","M","?","R","E","R","T","?","?","M","M","$","R","B",null,"M","?","?","?","T","R","M","E","T","$","M","R","T","M","R","B",null,"M","?","M","M","?","R","$","R","T","M","E","$","M","$","R","B"],"character_chosen":"DEFECT","items_purchased":["Bronze Scales","Apotheosis","Steam"],"campfire_rested":3,"item_purchase_floors":[14,27,46],"current_hp_per_floor":[53,53,53,44,44,44,23,45,45,30,85,72,67,67,67,52,85,83,83,83,83,83,83,71,21,21,21,31,31,31,22,47,10,85,85,85,85,77,77,77,77,77,77,47,22,22,31,31,56,0],"gold":21,"neow_bonus":"RANDOM_COLORLESS_2","is_prod":false,"is_daily":false,"chose_seed":false,"campfire_upgraded":6,"win_rate":0.0,"timestamp":1553019904,"path_taken":["M","?","M","M","?","R","E","R","T","?","?","?","M","$","R","BOSS","M","?","?","?","?","R","M","E","T","$","?","R","?","M","R","BOSS","M","?","?","M","?","R","?","R","T","?","E","?","M","$","R","BOSS"],"build_version":"2019-01-23","purchased_purges":1,"victory":false,"max_hp_per_floor":[75,75,75,75,75,75,75,75,75,75,85,85,85,85,85,85,85,85,85,85,85,85,85,85,85,85,85,85,85,85,85,85,85,85,85,85,85,85,85,85,85,85,85,85,85,85,85,85,85,85],"card_choices":[{"not_picked":["Sweeping Beam","Leap"],"picked":"Fusion","floor":1},{"not_picked":["Capacitor","Barrage"],"picked":"Storm","floor":2},{"not_picked":["Steam","Stack"],"picked":"Loop","floor":3},{"not_picked":["Compile Driver","Sweeping Beam"],"picked":"Leap","floor":4},{"not_picked":["Auto Shields","Aggregate"],"picked":"Lockon","floor":7},{"not_picked":["Redo","Lockon"],"picked":"Ball Lightning","floor":12},{"not_picked":["Conserve Battery","Glacier"],"picked":"Redo","floor":13},{"not_picked":["Buffer","Seek"],"picked":"Biased Cognition","floor":16},{"not_picked":["Stack+1","Skim+1"],"picked":"Defragment","floor":18},{"not_picked":["Conserve Battery","Sweeping Beam"],"picked":"Ball Lightning","floor":24},{"not_picked":["Stack","Fission"],"picked":"Self Repair","floor":25},{"not_picked":["Go for the Eyes","Stack+1"],"picked":"Genetic Algorithm","floor":28},{"not_picked":["Hologram","Streamline"],"picked":"BootSequence","floor":31},{"not_picked":["All For One","Multi-Cast"],"picked":"Reboot","floor":33},{"not_picked":["Hologram","Conserve Battery+1"],"picked":"Loop","floor":35},{"not_picked":["Beam Cell","Heatsinks"],"picked":"Conserve Battery","floor":37},{"not_picked":["Streamline","Chaos"],"picked":"Beam Cell+1","floor":38},{"not_picked":["Tempest","Go for the Eyes+1"],"picked":"Thunder Strike","floor":44},{"not_picked":["Reprogram","Doom and Gloom"],"picked":"Leap","floor":45},{"not_picked":["Go for the Eyes+1","Doom and Gloom"],"picked":"Cold Snap","floor":47}],"player_experience":316709,"relics_obtained":[{"floor":7,"key":"Pocketwatch"},{"floor":9,"key":"Du-Vu Doll"},{"floor":22,"key":"Pen Nib"},{"floor":25,"key":"Gambling Chip"},{"floor":26,"key":"Bag of Marbles"},{"floor":30,"key":"Lantern"},{"floor":43,"key":"Darkstone Periapt"},{"floor":45,"key":"Shuriken"}],"event_choices":[{"damage_healed":0,"gold_gain":0,"player_choice":"Box","damage_taken":0,"relics_obtained":["Gremlin Horn"],"max_hp_gain":0,"max_hp_loss":0,"event_name":"Big Fish","floor":5,"gold_loss":0,"cards_obtained":["Regret"]},{"damage_healed":0,"gold_gain":0,"player_choice":"Entered Light","damage_taken":15,"max_hp_gain":0,"max_hp_loss":0,"event_name":"Shining Light","floor":10,"gold_loss":0,"cards_upgraded":["Zap","Defend_B"]},{"cards_removed":["Magnetism"],"damage_healed":45,"gold_gain":0,"player_choice":"Offered Rare","damage_taken":0,"max_hp_gain":10,"max_hp_loss":0,"event_name":"Bonfire Elementals","floor":11,"gold_loss":0},{"damage_healed":0,"gold_gain":0,"cards_transformed":["Defend_B","Strike_B"],"player_choice":"Became Test Subject","damage_taken":0,"max_hp_gain":0,"max_hp_loss":0,"event_name":"Drug Dealer","floor":19,"gold_loss":0,"cards_obtained":["Ball Lightning","Tempest"]},{"damage_healed":0,"gold_gain":0,"player_choice":"Ignored","damage_taken":0,"max_hp_gain":0,"max_hp_loss":0,"event_name":"Ghosts","floor":20,"gold_loss":0},{"damage_healed":0,"gold_gain":0,"player_choice":"Read","damage_taken":0,"max_hp_gain":0,"max_hp_loss":0,"event_name":"The Library","floor":21,"gold_loss":0,"cards_obtained":["White Noise"]},{"damage_healed":0,"gold_gain":0,"player_choice":"Upgrade","damage_taken":0,"max_hp_gain":0,"max_hp_loss":0,"event_name":"Designer","floor":36,"gold_loss":40,"cards_upgraded":["Self Repair"]},{"damage_healed":0,"gold_gain":0,"player_choice":"Paid","damage_taken":0,"relics_obtained":["Red Mask"],"max_hp_gain":0,"max_hp_loss":0,"event_name":"Tomb of Lord Red Mask","floor":39,"gold_loss":234}],"is_beta":false,"boss_relics":[{"not_picked":["Tiny House","Runic Pyramid"],"picked":"Nuclear Battery"},{"not_picked":["Snecko Eye","Pandora\u0027s Box"],"picked":"Sozu"}],"items_purged_floors":[14],"is_endless":false,"potions_floor_spawned":[1,2,4,12,25,31,37,44],"killed_by":"Awakened One","ascension_level":0}