{"gold_per_floor":[113,14,14,25,25,56,56,69,69,101,101,113,38,53,53,53],"floor_reached":16,"playtime":531,"items_purged":["Doubt"],"score":171,"play_id":"f10b50e9-483c-4d07-82b3-3506ee70f38b","local_time":"20190427133410","is_ascension_mode":true,"campfire_choices":[{"floor":7,"key":"REST"},{"floor":15,"key":"REST"}],"neow_cost":"CURSE","seed_source_timestamp":315875808672800,"circlet_count":0,"master_deck":["AscendersBane","Strike_B","Strike_B","Strike_B","Defend_B","Defend_B","Defend_B","Defend_B","Zap","Dualcast","Chaos","Redo","Storm","Machine Learning","Rebound","Conserve Battery","Loop","Streamline"],"relics":["Cracked Core","FossilizedHelix","Turnip","Blue Candle","Shuriken"],"potions_floor_usage":[10,12,14,16],"damage_taken":[{"damage":12,"enemies":"Small Slimes","floor":1,"turns":3},{"damage":0,"enemies":"Jaw Worm","floor":4,"turns":4},{"damage":44,"enemies":"Lagavulin","floor":6,"turns":8},{"damage":0,"enemies":"Cultist","floor":8,"turns":4},{"damage":25,"enemies":"3 Sentries","floor":10,"turns":6},{"damage":0,"enemies":"Blue Slaver","floor":12,"turns":4},{"damage":1,"enemies":"Looter","floor":14,"turns":3},{"damage":30,"enemies":"Slime Boss","floor":16,"turns":5}],"seed_played":"5946132746185762895","potions_obtained":[{"floor":6,"key":"AttackPotion"},{"floor":10,"key":"Dexterity Potion"},{"floor":12,"key":"PowerPotion"},{"floor":14,"key":"LiquidBronze"}],"is_trial":false,"path_per_floor":["M","$","?","M","?","E","R","M","T","E","?","M","$","M","R","B"],"character_chosen":"DEFECT","items_purchased":["Redo","Loop"],"campfire_rested":2,"item_purchase_floors":[2,13],"current_hp_per_floor":[56,56,56,56,49,5,27,27,27,2,2,2,2,1,23,0],"gold":53,"neow_bonus":"ONE_RARE_RELIC","is_prod":false,"is_daily":false,"chose_seed":false,"campfire_upgraded":0,"win_rate":0,"timestamp":1556343250,"path_taken":["M","$","?","M","?","E","R","M","T","E","?","?","?","M","R","BOSS"],"build_version":"2019-01-23","purchased_purges":1,"victory":false,"max_hp_per_floor":[75,75,75,75,75,75,75,75,75,75,75,75,75,75,75,75],"card_choices":[{"not_picked":["Streamline","Leap"],"picked":"Chaos","floor":1},{"not_picked":["Reprogram","Steam"],"picked":"Storm","floor":4},{"not_picked":["Beam Cell","Steam Power","Steam"],"picked":"SKIP","floor":6},{"not_picked":["Sweeping Beam","Recycle"],"picked":"Machine Learning","floor":8},{"not_picked":["Aggregate","Steam Power"],"picked":"Rebound","floor":10},{"not_picked":["Hologram","Undo"],"picked":"Conserve Battery","floor":12},{"not_picked":["Chill","Fusion"],"picked":"Streamline","floor":14}],"player_experience":536135,"relics_obtained":[{"floor":6,"key":"Turnip"},{"floor":9,"key":"Blue Candle"},{"floor":10,"key":"Shuriken"}],"event_choices":[{"damage_healed":0,"gold_gain":0,"player_choice":"Leave","damage_taken":0,"max_hp_gain":0,"max_hp_loss":0,"event_name":"The Cleric","floor":3,"gold_loss":0},{"cards_removed":["Strike_B"],"damage_healed":0,"gold_gain":0,"player_choice":"Card Removal","damage_taken":7,"max_hp_gain":0,"max_hp_loss":0,"event_name":"Golden Wing","floor":5,"gold_loss":0},{"damage_healed":0,"gold_gain":0,"player_choice":"Ignored","damage_taken":0,"max_hp_gain":0,"max_hp_loss":0,"event_name":"Golden Idol","floor":11,"gold_loss":0}],"is_beta":false,"boss_relics":[],"items_purged_floors":[2],"is_endless":false,"potions_floor_spawned":[6,10,12,14],"killed_by":"Slime Boss","ascension_level":11}