{"gold_per_floor":[111,65,77,77,94,22,39,39,63,98,98,126,146,96,96,191,191,203,203,51,67,79,79,109,125,149,149],"floor_reached":27,"playtime":1644,"items_purged":[],"score":268,"play_id":"8187293a-30b9-49b8-a1d8-7265235936dc","local_time":"20190217205155","is_ascension_mode":false,"campfire_choices":[{"data":"Finisher","floor":8,"key":"SMITH"},{"floor":11,"key":"REST"},{"floor":15,"key":"REST"},{"floor":23,"key":"REST"}],"neow_cost":"NONE","seed_source_timestamp":94970177927198,"circlet_count":0,"master_deck":["Defend_G","Defend_G","Defend_G","Defend_G","Defend_G","Strike_G","Strike_G","Strike_G","Strike_G","Strike_G","Survivor","Neutralize","Finisher+1","Heel Hook","Flying Knee","Poisoned Stab","Dagger Spray","Noxious Fumes","PiercingWail","Riddle With Holes","Poisoned Stab","Prepared","Poisoned Stab","After Image","Deflect","Flying Knee","Dagger Throw","Quick Slash","Acrobatics","Terror","Infinite Blades","Underhanded Strike","Outmaneuver","Backstab","Dagger Throw+1","Deflect","Quick Slash"],"relics":["Ring of the Snake","Pen Nib","Bag of Marbles","Gremlin Horn","Orrery","Blood Vial","Snake Skull","Centennial Puzzle"],"potions_floor_usage":[16,16,24,24,27],"damage_taken":[{"damage":0,"enemies":"Cultist","floor":1,"turns":3},{"damage":7,"enemies":"Small Slimes","floor":3,"turns":3},{"damage":8,"enemies":"Jaw Worm","floor":5,"turns":2},{"damage":7,"enemies":"Looter","floor":7,"turns":2},{"damage":26,"enemies":"3 Sentries","floor":10,"turns":7},{"damage":14,"enemies":"Gremlin Nob","floor":12,"turns":3},{"damage":6,"enemies":"Exordium Wildlife","floor":13,"turns":2},{"damage":25,"enemies":"The Guardian","floor":16,"turns":8},{"damage":27,"enemies":"2 Thieves","floor":18,"turns":4},{"damage":10,"enemies":"Chosen","floor":21,"turns":4},{"damage":13,"enemies":"Snecko","floor":22,"turns":4},{"damage":17,"enemies":"Slavers","floor":24,"turns":6},{"damage":6,"enemies":"Centurion and Healer","floor":25,"turns":5},{"damage":23,"enemies":"Colosseum Slavers","floor":27,"turns":4},{"damage":15,"enemies":"Colosseum Nobs","floor":27,"turns":3}],"seed_played":"2331107417097654783","potions_obtained":[{"floor":1,"key":"FearPotion"},{"floor":7,"key":"Energy Potion"},{"floor":13,"key":"Weak Potion"},{"floor":16,"key":"FearPotion"},{"floor":21,"key":"LiquidBronze"}],"is_trial":false,"path_per_floor":["M","$","M","?","M","$","M","R","T","E","R","E","M","$","R","B",null,"M","?","$","M","M","R","E","M","T","?"],"character_chosen":"THE_SILENT","items_purchased":["Flying Knee","Noxious Fumes","Poisoned Stab","Infinite Blades","Underhanded Strike","Outmaneuver"],"campfire_rested":3,"item_purchase_floors":[2,6,14,20,20,20],"current_hp_per_floor":[70,70,63,63,55,55,48,48,48,22,43,29,23,23,44,19,70,43,43,43,35,24,45,30,26,26,0],"gold":149,"neow_bonus":"THREE_CARDS","is_prod":false,"is_daily":false,"chose_seed":false,"campfire_upgraded":1,"win_rate":0.0,"timestamp":1550458315,"path_taken":["M","?","M","?","M","?","M","R","T","E","R","E","M","$","R","BOSS","M","?","$","M","M","R","E","M","T","?"],"build_version":"2019-01-23","purchased_purges":0,"victory":false,"max_hp_per_floor":[70,70,70,70,70,70,70,70,70,70,70,70,70,70,70,70,70,70,70,70,70,70,70,70,70,70,70],"card_choices":[{"not_picked":["Bane","Sucker Punch"],"picked":"Finisher","floor":0},{"not_picked":["Slice","Tactician"],"picked":"Heel Hook","floor":1},{"not_picked":["Prepared","Sucker Punch"],"picked":"Poisoned Stab","floor":3},{"not_picked":["Backflip","Bane"],"picked":"Dagger Spray","floor":5},{"not_picked":["Sucker Punch","Underhanded Strike"],"picked":"PiercingWail","floor":7},{"not_picked":["Flying Knee","Bane"],"picked":"Riddle With Holes","floor":10},{"not_picked":["Dagger Spray","Bouncing Flask"],"picked":"Poisoned Stab","floor":12},{"not_picked":["Expertise","Choke"],"picked":"Prepared","floor":13},{"not_picked":["Doppelganger","Unload"],"picked":"After Image","floor":16},{"not_picked":["Riddle With Holes","Underhanded Strike"],"picked":"Deflect","floor":17},{"not_picked":["Prepared","Slice"],"picked":"Flying Knee","floor":17},{"not_picked":["Bane","Poisoned Stab"],"picked":"Dagger Throw","floor":17},{"not_picked":["Eviscerate","Sucker Punch"],"picked":"Quick Slash","floor":17},{"not_picked":["Deflect","Underhanded Strike"],"picked":"Acrobatics","floor":17},{"not_picked":["Venomology","Poisoned Stab"],"picked":"Terror","floor":18},{"not_picked":["Tactician","Choke"],"picked":"Backstab","floor":21},{"not_picked":["All Out Attack","Calculated Gamble"],"picked":"Dagger Throw+1","floor":22},{"not_picked":["Sucker Punch+1","Tactician"],"picked":"Deflect","floor":24},{"not_picked":["Reflex+1","Underhanded Strike"],"picked":"Quick Slash","floor":25}],"player_experience":25223,"relics_obtained":[{"floor":9,"key":"Pen Nib"},{"floor":10,"key":"Bag of Marbles"},{"floor":12,"key":"Gremlin Horn"},{"floor":24,"key":"Snake Skull"},{"floor":26,"key":"Centennial Puzzle"}],"event_choices":[{"damage_healed":0,"gold_gain":0,"player_choice":"Leave","damage_taken":0,"max_hp_gain":0,"max_hp_loss":0,"event_name":"The Cleric","floor":4,"gold_loss":0},{"damage_healed":0,"gold_gain":0,"player_choice":"Opened","damage_taken":0,"relics_obtained":["Blood Vial"],"max_hp_gain":0,"max_hp_loss":0,"event_name":"The Mausoleum","floor":19,"gold_loss":0},{"damage_healed":0,"gold_gain":0,"player_choice":"Fight","damage_taken":0,"max_hp_gain":0,"max_hp_loss":0,"event_name":"Colosseum","floor":27,"gold_loss":0},{"damage_healed":0,"gold_gain":0,"player_choice":"Fought Nobs","damage_taken":0,"max_hp_gain":0,"max_hp_loss":0,"event_name":"Colosseum","floor":27,"gold_loss":0}],"is_beta":false,"boss_relics":[{"not_picked":["Ectoplasm","Eternal Feather"],"picked":"Orrery"}],"items_purged_floors":[],"is_endless":false,"potions_floor_spawned":[1,7,13,16,21,22],"killed_by":"Colosseum Nobs","ascension_level":0}