{"gold_per_floor":[117,117,130,9,24,24,49,49,103,138,138,25,39,57,57,154,154,173,184,204,204,216,216,119,119],"floor_reached":25,"playtime":886,"items_purged":["Shame"],"score":320,"play_id":"b2097019-1964-4f25-8958-a95169ab55e0","local_time":"20180918095806","is_ascension_mode":true,"campfire_choices":[{"data":"Beam Cell","floor":6.0,"key":"SMITH"},{"floor":8,"key":"REST"},{"floor":15,"key":"REST"},{"floor":23,"key":"REST"}],"neow_cost":"CURSE","seed_source_timestamp":0,"circlet_count":0,"master_deck":["Strike_B","Strike_B","Strike_B","Strike_B","Defend_B","Defend_B","Defend_B","Defend_B","Zap","Dualcast","AscendersBane","Leap","Glacier","Beam Cell+1","White Noise","Streamline","Electrodynamics+1","Loop+1","Chill","Sweeping Beam","Hologram","Electrodynamics+1","Capacitor+1","Conserve Battery+1","Discovery"],"special_seed":0,"relics":["Cracked Core","Torii","Frozen Egg 2","Centennial Puzzle","Ancient Tea Set","Mercury Hourglass","Nuclear Battery"],"potions_floor_usage":[7,7,16,22,22,25],"damage_taken":[{"damage":2.0,"enemies":"Cultist","floor":1.0,"turns":4.0},{"damage":1.0,"enemies":"2 Louse","floor":3.0,"turns":3.0},{"damage":2.0,"enemies":"Jaw Worm","floor":5.0,"turns":5.0},{"damage":41,"enemies":"Gremlin Nob","floor":7,"turns":5},{"damage":10,"enemies":"Lagavulin","floor":10,"turns":8},{"damage":1,"enemies":"Exordium Thugs","floor":13,"turns":4},{"damage":0,"enemies":"Gremlin Gang","floor":14,"turns":2},{"damage":9,"enemies":"Hexaghost","floor":16,"turns":10},{"damage":1,"enemies":"Chosen","floor":18,"turns":3},{"damage":1,"enemies":"Spheric Guardian","floor":19,"turns":3},{"damage":20,"enemies":"Centurion and Healer","floor":20,"turns":3},{"damage":2,"enemies":"Chosen and Byrds","floor":22,"turns":4},{"damage":56,"enemies":"Book of Stabbing","floor":25,"turns":5}],"seed_played":"-3212417815638419339","potions_obtained":[{"floor":1.0,"key":"SteroidPotion"},{"floor":3.0,"key":"Block Potion"},{"floor":14,"key":"Weak Potion"},{"floor":16,"key":"SteroidPotion"},{"floor":19,"key":"FearPotion"},{"floor":20,"key":"SkillPotion"}],"is_trial":false,"path_per_floor":["M","T","M","$","M","R","E","R","T","E","?","$","M","M","R","B",null,"M","M","M","?","M","R","$"],"character_chosen":"DEFECT","items_purchased":["Beam Cell","Loop+1","Chill","Discovery"],"campfire_rested":3,"item_purchase_floors":[4,12,12,24],"current_hp_per_floor":[66,66,65,65,63,63,22,44,44,34,34,34,33,33,55,46,68,67,66,46,32,30,54,54,0],"gold":119,"neow_bonus":"ONE_RARE_RELIC","is_prod":false,"is_daily":false,"chose_seed":false,"campfire_upgraded":1,"win_rate":0,"timestamp":1537279086,"path_taken":["M","?","M","$","M","R","E","R","T","E","?","$","M","M","R","BOSS","M","M","?","?","M","R","$","E"],"build_version":"2018-09-06","purchased_purges":1,"victory":false,"max_hp_per_floor":[75,75,75,75,75,75,75,75,75,75,75,75,75,75,75,75,75,75,75,75,80,80,80,80,80],"card_choices":[{"not_picked":["Compile Driver","Conserve Battery"],"picked":"Leap","floor":1.0},{"not_picked":["Chill","Genetic Algorithm"],"picked":"Glacier","floor":3.0},{"not_picked":["Go for the Eyes","Compile Driver"],"picked":"White Noise","floor":5.0},{"not_picked":["Tempest","Turbo"],"picked":"Streamline","floor":7},{"not_picked":["Darkness","Blizzard"],"picked":"Electrodynamics+1","floor":10},{"not_picked":["Melter","Chaos"],"picked":"Sweeping Beam","floor":13},{"not_picked":["Chaos","Conserve Battery"],"picked":"Hologram","floor":14},{"not_picked":["Core Surge","Machine Learning+1"],"picked":"Electrodynamics+1","floor":16},{"not_picked":["Hologram","Steam","Fusion"],"picked":"SKIP","floor":18},{"not_picked":["Chill","Steam+1"],"picked":"Capacitor+1","floor":19},{"not_picked":["Glacier","Capacitor+1"],"picked":"Conserve Battery+1","floor":20},{"not_picked":["Coolheaded","Recycle","Chaos"],"picked":"SKIP","floor":22}],"player_experience":550293,"relics_obtained":[{"floor":2.0,"key":"Frozen Egg 2"},{"floor":7,"key":"Centennial Puzzle"},{"floor":9,"key":"Ancient Tea Set"},{"floor":10,"key":"Mercury Hourglass"}],"event_choices":[{"event_name":"Golden Idol","player_choice":"Ignored","floor":11,"damage_taken":0},{"event_name":"Forgotten Altar","player_choice":"Shed Blood","floor":21,"damage_taken":0}],"is_beta":false,"boss_relics":[{"not_picked":["Runic Pyramid","Orrery"],"picked":"Nuclear Battery"}],"items_purged_floors":[4],"is_endless":false,"potions_floor_spawned":[1,3,14,16,19,20],"killed_by":"Book of Stabbing","ascension_level":10}