{"gold_per_floor":[114,114,124,18,32,32,32,32,32,32,67,242,262,273,273,375,425,444,245,259,309,326,326,343,343,343,343,361,361],"floor_reached":29,"playtime":1009,"items_purged":[],"score":270,"play_id":"6d3b8511-7782-4005-8ec9-229c8d78f4bc","local_time":"20180828132705","is_ascension_mode":true,"campfire_choices":[{"data":"Discovery","floor":6,"key":"SMITH"},{"data":"Genetic Algorithm","floor":10,"key":"SMITH"},{"data":"Genetic Algorithm","floor":15,"key":"SMITH"},{"floor":23,"key":"REST"},{"floor":25,"key":"REST"},{"floor":27,"key":"REST"}],"neow_cost":"NONE","seed_source_timestamp":626425019095259,"circlet_count":0,"master_deck":["Strike_B","Strike_B+1","Strike_B","Strike_B","Defend_B","Defend_B","Defend_B","Defend_B","Zap","Dualcast","Genetic Algorithm+1","Sunder+1","Discovery+1","Genetic Algorithm+1","Reboot","Barrage","Sweeping Beam","Ball Lightning","Compile Driver","Hologram+1","Reinforced Body+1"],"relics":["Busted Crown","Omamori","Juzu Bracelet","Strawberry","Tiny House","Dream Catcher","Bag of Preparation"],"potions_floor_usage":[14,16,20,24,29,29],"damage_taken":[{"damage":7,"enemies":"Jaw Worm","floor":1,"turns":3},{"damage":1,"enemies":"2 Louse","floor":3,"turns":2},{"damage":1,"enemies":"Cultist","floor":5,"turns":3},{"damage":20,"enemies":"Lagavulin","floor":11,"turns":5},{"damage":0,"enemies":"Large Slime","floor":13,"turns":4},{"damage":0,"enemies":"2 Fungi Beasts","floor":14,"turns":2},{"damage":61,"enemies":"The Guardian","floor":16,"turns":11},{"damage":7,"enemies":"Chosen","floor":18,"turns":4},{"damage":18,"enemies":"2 Thieves","floor":20,"turns":5},{"damage":43,"enemies":"Snecko","floor":22,"turns":6},{"damage":35,"enemies":"Snake Plant","floor":24,"turns":5},{"damage":46,"enemies":"Centurion and Healer","floor":28,"turns":9},{"damage":17,"enemies":"Shelled Parasite and Fungi","floor":29,"turns":3}],"seed_played":"3377727481527735342","potions_obtained":[{"floor":1,"key":"Regen Potion"},{"floor":3,"key":"Fire Potion"},{"floor":13,"key":"SteroidPotion"},{"floor":17,"key":"Dexterity Potion"},{"floor":22,"key":"Swift Potion"},{"floor":28,"key":"Block Potion"}],"is_trial":false,"path_per_floor":["M","?","M","$","M","R","?","?","T","R","E","?","M","M","R","B",null,"M","$","M","?","M","R","M","R","T","R","M"],"character_chosen":"DEFECT","items_purchased":["Discovery","Barrage","Dream Catcher"],"campfire_rested":3,"item_purchase_floors":[4,19,19],"current_hp_per_floor":[68,50,49,49,48,48,73,73,73,73,60,60,60,60,60,8,87,80,80,62,62,19,45,10,36,36,62,16,0],"gold":361,"neow_bonus":"BOSS_RELIC","is_prod":false,"is_daily":false,"chose_seed":false,"campfire_upgraded":3,"win_rate":0,"timestamp":1535477225,"path_taken":["M","?","?","$","M","R","?","?","T","R","E","?","M","M","R","BOSS","M","$","M","?","M","R","M","R","T","R","M","M"],"build_version":"2018-08-23v2","purchased_purges":0,"victory":false,"max_hp_per_floor":[75,75,75,75,75,75,75,75,75,75,82,82,82,82,82,82,87,87,87,87,87,87,87,87,87,87,87,87,87],"card_choices":[{"not_picked":[],"picked":"Genetic Algorithm","floor":1},{"not_picked":[],"picked":"Sunder","floor":3},{"not_picked":["Coolheaded"],"picked":"SKIP","floor":5},{"not_picked":[],"picked":"Genetic Algorithm","floor":11},{"not_picked":["Undo"],"picked":"SKIP","floor":13},{"not_picked":["Hello World"],"picked":"SKIP","floor":14},{"not_picked":[],"picked":"Reboot","floor":16},{"not_picked":["Scrape"],"picked":"SKIP","floor":18},{"not_picked":[],"picked":"Sweeping Beam","floor":20},{"not_picked":[],"picked":"Ball Lightning","floor":22},{"not_picked":[],"picked":"Compile Driver","floor":23},{"not_picked":["Redo"],"picked":"SKIP","floor":24},{"not_picked":[],"picked":"Hologram+1","floor":25},{"not_picked":[],"picked":"Reinforced Body+1","floor":28}],"player_experience":474383,"relics_obtained":[{"floor":9,"key":"Juzu Bracelet"},{"floor":11,"key":"Strawberry"},{"floor":26,"key":"Bag of Preparation"}],"event_choices":[{"event_name":"Scrap Ooze","player_choice":"success","floor":2,"damage_taken":18},{"event_name":"Big Fish","player_choice":"Banana","floor":7,"damage_taken":0},{"event_name":"Living Wall","player_choice":"Grow","floor":8,"damage_taken":0},{"event_name":"Liars Game","player_choice":"agreed","floor":12,"damage_taken":0},{"event_name":"The Joust","player_choice":"Bet on Murderer","floor":21,"damage_taken":0}],"is_beta":false,"boss_relics":[{"not_picked":["White Beast Statue","Eternal Feather"],"picked":"Tiny House"}],"items_purged_floors":[],"is_endless":false,"potions_floor_spawned":[1,3,13,22,28],"killed_by":"Shelled Parasite and Fungi","ascension_level":4}