{"gold_per_floor":[360,360,360,374,5,44,57,57,57,77,77,92,92,116,116,207,207,220,145,180,194,20,20,20,20],"floor_reached":25,"playtime":818,"items_purged":["Strike_B"],"score":502,"play_id":"92127942-1aba-413a-ac35-3014a0d707f8","local_time":"20190428184041","is_ascension_mode":true,"campfire_choices":[{"floor":8.0,"key":"REST"},{"data":"Doom and Gloom","floor":11.0,"key":"SMITH"},{"data":"Beam Cell","floor":13.0,"key":"SMITH"},{"data":"Zap","floor":15.0,"key":"SMITH"},{"floor":23.0,"key":"REST"}],"neow_cost":"TEN_PERCENT_HP_LOSS","seed_source_timestamp":287795725900,"circlet_count":0,"master_deck":["AscendersBane","Strike_B","Strike_B","Defend_B","Defend_B","Defend_B","Defend_B","Zap+1","Dualcast","Doom and Gloom+1","FTL","Beam Cell+1","Turbo","Rebound","Coolheaded","Electrodynamics","Double Energy","Cold Snap+1","Defragment","Coolheaded"],"special_seed":0,"relics":["Cracked Core","Golden Idol","Calipers","Ice Cream","Centennial Puzzle","Sundial","Runic Dome","Red Mask"],"potions_floor_usage":[],"damage_taken":[{"damage":14.0,"enemies":"Small Slimes","floor":1.0,"turns":4.0},{"damage":1.0,"enemies":"Cultist","floor":4.0,"turns":3.0},{"damage":36.0,"enemies":"Gremlin Nob","floor":6.0,"turns":4.0},{"damage":7.0,"enemies":"Jaw Worm","floor":7.0,"turns":2.0},{"damage":6.0,"enemies":"Looter","floor":10.0,"turns":2.0},{"damage":0.0,"enemies":"Large Slime","floor":12.0,"turns":3.0},{"damage":0.0,"enemies":"2 Fungi Beasts","floor":14.0,"turns":2.0},{"damage":0.0,"enemies":"Slime Boss","floor":16.0,"turns":5.0},{"damage":15.0,"enemies":"Shell Parasite","floor":18.0,"turns":3.0},{"damage":11.0,"enemies":"Masked Bandits","floor":20.0,"turns":3.0},{"damage":6.0,"enemies":"2 Thieves","floor":21.0,"turns":2.0},{"damage":11.0,"enemies":"Colosseum Slavers","floor":24.0,"turns":5.0},{"damage":23,"enemies":"Book of Stabbing","floor":25,"turns":4}],"seed_played":"-9102015323260820067","potions_obtained":[{"floor":1.0,"key":"Ancient Potion"},{"floor":4.0,"key":"FocusPotion"},{"floor":6.0,"key":"SkillPotion"},{"floor":10.0,"key":"AttackPotion"},{"floor":16.0,"key":"Weak Potion"}],"is_trial":false,"path_per_floor":["M","?","?","M","$","E","M","R","T","M","R","M","R","M","R","B",null,"M","?","?","M","$","R","?","E"],"character_chosen":"DEFECT","items_purchased":["Ice Cream","Beam Cell","Defragment","Coolheaded"],"campfire_rested":2,"item_purchase_floors":[5,5,22,22],"current_hp_per_floor":[50,50,50,49,49,13,6,23,23,17,17,17,17,17,17,17,48,33,33,22,16,16,33,22,0],"gold":20,"neow_bonus":"TWO_FIFTY_GOLD","is_prod":false,"is_daily":false,"chose_seed":false,"campfire_upgraded":3,"win_rate":0,"timestamp":1556448041,"path_taken":["M","?","?","M","$","E","M","R","T","M","R","?","R","M","R","BOSS","M","?","?","M","$","R","?","E"],"build_version":"2019-01-23","purchased_purges":1,"victory":false,"max_hp_per_floor":[64,58,58,58,58,58,58,58,58,58,58,58,58,58,58,58,58,58,58,58,58,58,58,58,58],"card_choices":[{"not_picked":["Steam Power","Chaos"],"picked":"Doom and Gloom","floor":1.0},{"not_picked":["Cold Snap","Fusion"],"picked":"FTL","floor":4.0},{"not_picked":["Reboot","Streamline"],"picked":"Turbo","floor":6.0},{"not_picked":["Leap","Barrage"],"picked":"Rebound","floor":7.0},{"not_picked":["Hologram","Blizzard"],"picked":"Coolheaded","floor":10.0},{"not_picked":["Genetic Algorithm","Force Field","Sunder"],"picked":"SKIP","floor":12.0},{"not_picked":["Genetic Algorithm","Force Field","Sunder"],"picked":"SKIP","floor":12.0},{"not_picked":["Beam Cell","Capacitor","Scrape"],"picked":"SKIP","floor":14.0},{"not_picked":["Seek","Machine Learning"],"picked":"Electrodynamics","floor":16.0},{"not_picked":["FTL","Compile Driver","Force Field"],"picked":"SKIP","floor":18.0},{"not_picked":["FTL","Compile Driver","Force Field"],"picked":"SKIP","floor":18.0},{"not_picked":["Conserve Battery","Compile Driver"],"picked":"Double Energy","floor":20.0},{"not_picked":["Loop","Coolheaded"],"picked":"Cold Snap+1","floor":21.0}],"player_experience":3052817,"relics_obtained":[{"floor":6.0,"key":"Centennial Puzzle"},{"floor":9.0,"key":"Sundial"},{"floor":20.0,"key":"Red Mask"}],"event_choices":[{"damage_healed":0.0,"max_hp_gain":0.0,"max_hp_loss":6.0,"gold_gain":0.0,"event_name":"Golden Idol","player_choice":"Lose Max HP","floor":2.0,"gold_loss":0.0,"damage_taken":0.0,"relics_obtained":["Golden Idol"]},{"damage_healed":0.0,"max_hp_gain":0.0,"max_hp_loss":0.0,"gold_gain":0.0,"event_name":"WeMeetAgain","player_choice":"Gave Potion","floor":3.0,"gold_loss":0.0,"damage_taken":0.0,"relics_obtained":["Calipers"]},{"cards_removed":["Strike_B"],"damage_healed":0.0,"max_hp_gain":0.0,"max_hp_loss":0.0,"gold_gain":0.0,"event_name":"Beggar","player_choice":"Gave Gold","floor":19.0,"gold_loss":75.0,"damage_taken":0.0},{"damage_healed":0.0,"max_hp_gain":0.0,"max_hp_loss":0.0,"gold_gain":0.0,"event_name":"Masked Bandits","player_choice":"Fought Bandits","floor":20.0,"gold_loss":0.0,"damage_taken":0.0},{"damage_healed":0.0,"max_hp_gain":0.0,"max_hp_loss":0.0,"gold_gain":0.0,"event_name":"Colosseum","player_choice":"Fight","floor":24.0,"gold_loss":0.0,"damage_taken":0.0},{"damage_healed":0.0,"max_hp_gain":0.0,"max_hp_loss":0.0,"gold_gain":0.0,"event_name":"Colosseum","player_choice":"Fled From Nobs","floor":24.0,"gold_loss":0.0,"damage_taken":0.0}],"is_beta":false,"boss_relics":[{"not_picked":["Coffee Dripper","Black Star"],"picked":"Runic Dome"}],"items_purged_floors":[22],"is_endless":false,"potions_floor_spawned":[1,4,6,10,16,24],"killed_by":"Book of Stabbing","ascension_level":20}