{"gold_per_floor":[119,119,40,53,53,69,81,81,133,133,145,145,47,65,65,136,136,151,177,133,31,31],"floor_reached":22,"playtime":2704,"items_purged":[],"score":352,"play_id":"00eff5dd-c6e6-49f7-af29-3f9e8635b779","local_time":"20190504003515","is_ascension_mode":true,"campfire_choices":[{"floor":12.0,"key":"REST"},{"data":"Dagger Spray","floor":15.0,"key":"SMITH"}],"neow_cost":"CURSE","seed_source_timestamp":1607022677662300,"circlet_count":0,"master_deck":["AscendersBane","Defend_G","Defend_G","Defend_G","Defend_G","Defend_G","Strike_G","Strike_G","Strike_G+1","Strike_G","Strike_G","Survivor+1","Neutralize","Poisoned Stab","Footwork","Quick Slash","Deadly Poison","Backstab","Deadly Poison","Finesse","Dagger Spray+1","Night Terror","Calculated Gamble","Terror","Dodge and Roll","Backstab","PiercingWail"],"special_seed":0,"relics":["Ring of the Snake","FossilizedHelix","Lantern","Potion Belt","Orrery","Boot"],"potions_floor_usage":[16,22],"damage_taken":[{"damage":0.0,"enemies":"2 Louse","floor":1.0,"turns":3.0},{"damage":0.0,"enemies":"Small Slimes","floor":4.0,"turns":5.0},{"damage":0.0,"enemies":"Jaw Worm","floor":6.0,"turns":4.0},{"damage":0.0,"enemies":"Red Slaver","floor":7.0,"turns":3.0},{"damage":6.0,"enemies":"Large Slime","floor":11.0,"turns":7.0},{"damage":0.0,"enemies":"Blue Slaver","floor":14.0,"turns":3.0},{"damage":13,"enemies":"Slime Boss","floor":16,"turns":10},{"damage":30,"enemies":"Spheric Guardian","floor":18,"turns":7},{"damage":15,"enemies":"2 Thieves","floor":20,"turns":5},{"damage":13,"enemies":"Cultist and Chosen","floor":22,"turns":4}],"seed_played":"3609634102531472503","potions_obtained":[{"floor":1.0,"key":"FairyPotion"},{"floor":6.0,"key":"SteroidPotion"},{"floor":16,"key":"Ancient Potion"}],"is_trial":false,"path_per_floor":["M","?","$","M","?","M","M","?","T","?","M","R","$","M","R","B",null,"M","T","M","$","M"],"character_chosen":"THE_SILENT","items_purchased":["Footwork","Finesse","Backstab","PiercingWail"],"campfire_rested":1,"item_purchase_floors":[3,13,21,21],"current_hp_per_floor":[59,39,39,39,39,39,39,44,44,33,27,47,47,47,47,34,60,30,30,15,15,2],"gold":31,"neow_bonus":"ONE_RARE_RELIC","is_prod":false,"is_daily":false,"chose_seed":false,"campfire_upgraded":1,"win_rate":0,"timestamp":1556944515,"path_taken":["M","?","$","M","?","M","M","?","T","?","M","R","$","?","R","BOSS","M","?","M","$","M"],"build_version":"2019-04-23","purchased_purges":0,"victory":false,"max_hp_per_floor":[66,66,66,66,63,63,63,68,68,68,68,68,68,68,68,68,68,68,68,68,68,68],"card_choices":[{"not_picked":["Cloak And Dagger","All Out Attack"],"picked":"Poisoned Stab","floor":1.0},{"not_picked":["Underhanded Strike","Masterful Stab"],"picked":"Quick Slash","floor":4.0},{"not_picked":["Acrobatics","Dodge and Roll"],"picked":"Deadly Poison","floor":6.0},{"not_picked":["Poisoned Stab","Dagger Spray"],"picked":"Backstab","floor":7.0},{"not_picked":["PiercingWail","Outmaneuver"],"picked":"Deadly Poison","floor":11.0},{"not_picked":["Cloak And Dagger","Dagger Throw"],"picked":"Dagger Spray","floor":14.0},{"not_picked":["Tools of the Trade","Storm of Steel"],"picked":"Night Terror","floor":16},{"not_picked":["Deflect","Flying Knee"],"picked":"Calculated Gamble","floor":17},{"not_picked":["Outmaneuver","Underhanded Strike"],"picked":"Terror","floor":17},{"not_picked":["Acrobatics","Distraction"],"picked":"Dodge and Roll","floor":17},{"not_picked":["Sucker Punch","After Image","Poisoned Stab"],"picked":"SKIP","floor":18},{"not_picked":["Flying Knee","Reflex","Choke"],"picked":"SKIP","floor":20}],"player_experience":1397362,"relics_obtained":[{"floor":9.0,"key":"Lantern"},{"floor":19,"key":"Boot"}],"event_choices":[{"damage_healed":0.0,"max_hp_gain":0.0,"max_hp_loss":0.0,"gold_gain":0.0,"event_name":"Shining Light","player_choice":"Entered Light","floor":2.0,"gold_loss":0.0,"damage_taken":20.0,"cards_upgraded":["Survivor","Strike_G"]},{"cards_removed":["Parasite"],"damage_healed":0.0,"max_hp_gain":0.0,"max_hp_loss":0.0,"gold_gain":0.0,"event_name":"Living Wall","player_choice":"Forget","floor":5.0,"gold_loss":0.0,"damage_taken":0.0},{"damage_healed":0.0,"max_hp_gain":5.0,"max_hp_loss":0.0,"gold_gain":0.0,"event_name":"Big Fish","player_choice":"Donut","floor":8.0,"gold_loss":0.0,"damage_taken":0.0},{"damage_healed":0.0,"max_hp_gain":0.0,"max_hp_loss":0.0,"gold_gain":0.0,"event_name":"Scrap Ooze","player_choice":"Success","floor":10.0,"gold_loss":0.0,"damage_taken":11.0,"relics_obtained":["Potion Belt"]}],"is_beta":true,"boss_relics":[{"not_picked":["HoveringKite","Fusion Hammer"],"picked":"Orrery"}],"items_purged_floors":[],"is_endless":false,"potions_floor_spawned":[1,6,16],"killed_by":"Cultist and Chosen","ascension_level":20}