{"gold_per_floor":[115,115,115,21,21,53,53,53,79,106,125,137,137,164,164,236,236,252,252,277,178,178,178],"floor_reached":23,"playtime":925,"items_purged":[],"score":506,"play_id":"e6fc1cd3-1a0b-4b23-951b-266150cfba2e","local_time":"20190429221607","is_ascension_mode":true,"campfire_choices":[{"data":"Poisoned Stab","floor":13,"key":"SMITH"},{"data":"Blind","floor":15,"key":"SMITH"}],"neow_cost":"NONE","seed_source_timestamp":1254935858883900,"circlet_count":0,"master_deck":["AscendersBane","Defend_G+1","Defend_G+1","Defend_G+1","Defend_G+1","Defend_G+1","Strike_G+1","Strike_G+1","Strike_G+1","Strike_G+1","Survivor","Neutralize","Catalyst+1","Blind+1","Backflip","Poisoned Stab+1","Quick Slash","Venomology","Escape Plan","Deadly Poison"],"relics":["Ring of the Snake","NeowsBlessing","Ornamental Fan","Smiling Mask","PreservedInsect","Lantern","Eternal Feather","Red Mask"],"potions_floor_usage":[14,18,20,20],"damage_taken":[{"damage":0,"enemies":"Small Slimes","floor":1,"turns":1},{"damage":0,"enemies":"3 Sentries","floor":6,"turns":2},{"damage":0,"enemies":"Gremlin Nob","floor":10,"turns":1},{"damage":0,"enemies":"2 Louse","floor":11,"turns":5},{"damage":0,"enemies":"Cultist","floor":12,"turns":4},{"damage":3,"enemies":"3 Sentries","floor":14,"turns":8},{"damage":43,"enemies":"The Guardian","floor":16,"turns":11},{"damage":18,"enemies":"Spheric Guardian","floor":18,"turns":4},{"damage":9,"enemies":"Masked Bandits","floor":20,"turns":6},{"damage":27,"enemies":"Book of Stabbing","floor":23,"turns":5}],"seed_played":"4556014640131068251","potions_obtained":[{"floor":10,"key":"EssenceOfSteel"},{"floor":11,"key":"SkillPotion"},{"floor":12,"key":"PowerPotion"}],"is_trial":false,"path_per_floor":["M","?","?","$","?","E","?","$","T","E","M","M","R","E","R","B",null,"M","?","?","$","?","E"],"character_chosen":"THE_SILENT","items_purchased":["Blind","Escape Plan","Deadly Poison"],"campfire_rested":0,"item_purchase_floors":[4,21,21],"current_hp_per_floor":[59,52,52,52,52,52,52,52,52,52,52,52,52,49,49,6,51,33,33,24,24,24,0],"gold":178,"neow_bonus":"THREE_ENEMY_KILL","is_prod":false,"is_daily":false,"chose_seed":false,"campfire_upgraded":2,"win_rate":0,"timestamp":1556590567,"path_taken":["M","?","?","$","?","E","?","?","T","E","M","M","R","E","R","BOSS","M","?","?","$","?","E"],"build_version":"2019-04-23","purchased_purges":0,"victory":false,"max_hp_per_floor":[66,66,66,66,66,66,66,66,66,66,66,66,66,66,66,66,66,66,66,66,66,66,66],"card_choices":[{"not_picked":["Deflect","Choke"],"picked":"Catalyst","floor":1},{"not_picked":["Predator","Concentrate","Blade Dance"],"picked":"SKIP","floor":6},{"not_picked":["Cloak And Dagger","Bane"],"picked":"Backflip","floor":10},{"not_picked":["Masterful Stab","PiercingWail"],"picked":"Poisoned Stab","floor":11},{"not_picked":["Prepared","Choke"],"picked":"Quick Slash","floor":12},{"not_picked":["Expertise","Riddle With Holes","Tools of the Trade"],"picked":"SKIP","floor":14},{"not_picked":["Grand Finale","Tools of the Trade"],"picked":"Venomology","floor":16},{"not_picked":["Calculated Gamble","Masterful Stab","Underhanded Strike"],"picked":"SKIP","floor":18}],"player_experience":1390551,"relics_obtained":[{"floor":6,"key":"Ornamental Fan"},{"floor":9,"key":"Smiling Mask"},{"floor":10,"key":"PreservedInsect"},{"floor":14,"key":"Lantern"},{"floor":20,"key":"Red Mask"}],"event_choices":[{"cards_removed":["Strike_G"],"damage_healed":0,"gold_gain":0,"player_choice":"Card Removal","damage_taken":7,"max_hp_gain":0,"max_hp_loss":0,"event_name":"Golden Wing","floor":2,"gold_loss":0},{"damage_healed":0,"gold_gain":0,"player_choice":"Grow","damage_taken":0,"max_hp_gain":0,"max_hp_loss":0,"event_name":"Living Wall","floor":3,"gold_loss":0,"cards_upgraded":["Catalyst"]},{"damage_healed":0,"gold_gain":0,"player_choice":"Leave","damage_taken":0,"max_hp_gain":0,"max_hp_loss":0,"event_name":"The Cleric","floor":5,"gold_loss":0},{"damage_healed":0,"gold_gain":0,"player_choice":"Ignored","damage_taken":0,"max_hp_gain":0,"max_hp_loss":0,"event_name":"Golden Idol","floor":7,"gold_loss":0},{"damage_healed":0,"gold_gain":0,"player_choice":"Simplicity","damage_taken":0,"max_hp_gain":0,"max_hp_loss":0,"event_name":"Back to Basics","floor":19,"gold_loss":0,"cards_upgraded":["Defend_G","Defend_G","Defend_G","Defend_G","Defend_G","Strike_G","Strike_G","Strike_G","Strike_G"]},{"damage_healed":0,"gold_gain":0,"player_choice":"Fought Bandits","damage_taken":0,"max_hp_gain":0,"max_hp_loss":0,"event_name":"Masked Bandits","floor":20,"gold_loss":0},{"damage_healed":0,"gold_gain":0,"player_choice":"Ignored","damage_taken":0,"max_hp_gain":0,"max_hp_loss":0,"event_name":"Ghosts","floor":22,"gold_loss":0}],"is_beta":true,"boss_relics":[{"not_picked":["Snecko Eye","Tiny House"],"picked":"Eternal Feather"}],"items_purged_floors":[],"is_endless":false,"potions_floor_spawned":[10,11,12],"killed_by":"Book of Stabbing","ascension_level":20}