{"gold_per_floor":[116,135,135,20,195,230,230,244,244,264,264,264,109,109],"floor_reached":14,"playtime":344,"items_purged":["Doubt"],"score":106,"play_id":"92fe448a-25dc-4b46-b1b8-361cd103a82c","local_time":"20180816004125","is_ascension_mode":true,"campfire_choices":[{"data":"Genetic Algorithm","floor":7,"key":"SMITH"}],"neow_cost":"NONE","seed_source_timestamp":354105992058804,"circlet_count":0,"master_deck":["Strike_B","Strike_B","Strike_B","Defend_B","Defend_B","Defend_B+1","Defend_B","Zap","Dualcast","Redo","Consume","Genetic Algorithm+1","Loop","Chill","Fusion","Self Repair+1","Defragment"],"relics":["Cracked Core","Mummified Hand","Matryoshka","Orichalcum","Dodecahedron"],"potions_floor_usage":[10],"damage_taken":[{"damage":0,"enemies":"Cultist","floor":1,"turns":2},{"damage":1,"enemies":"2 Louse","floor":2,"turns":2},{"damage":15,"enemies":"Lagavulin","floor":6,"turns":7},{"damage":9,"enemies":"Jaw Worm","floor":8,"turns":5},{"damage":18,"enemies":"Large Slime","floor":10,"turns":7},{"damage":29,"enemies":"Gremlin Nob","floor":14,"turns":3}],"seed_played":"495345516639523256","potions_obtained":[{"floor":8,"key":"Poison Potion"}],"is_trial":false,"path_per_floor":["M","M","?","$","?","E","R","M","T","M","T","?","$"],"character_chosen":"DEFECT","items_purchased":["Genetic Algorithm","Loop","Defragment"],"campfire_rested":0,"item_purchase_floors":[4,4,13],"current_hp_per_floor":[82,81,74,74,74,59,59,50,50,32,32,16,16,0],"gold":109,"neow_bonus":"TEN_PERCENT_HP_BONUS","is_prod":false,"is_daily":false,"chose_seed":false,"campfire_upgraded":1,"win_rate":0,"timestamp":1534372885,"path_taken":["M","?","?","$","?","E","R","?","T","M","?","?","$","E"],"build_version":"2018-08-14","purchased_purges":1,"victory":false,"max_hp_per_floor":[82,82,82,82,82,82,82,82,82,82,82,82,82,82],"card_choices":[{"not_picked":["Rebound","Ball Lightning"],"picked":"Redo","floor":1},{"not_picked":["Blizzard","Steam"],"picked":"Consume","floor":2},{"not_picked":["Steam","Redo"],"picked":"Chill","floor":6},{"not_picked":["Steam","Sweeping Beam"],"picked":"Fusion","floor":8},{"not_picked":["Beam Cell","Doom and Gloom"],"picked":"Self Repair","floor":10}],"player_experience":68977,"relics_obtained":[{"floor":6,"key":"Mummified Hand"},{"floor":9,"key":"Matryoshka"},{"floor":11,"key":"Orichalcum"},{"floor":11,"key":"Dodecahedron"}],"event_choices":[{"event_name":"Golden Wing","player_choice":"Card Removal","floor":3,"damage_taken":0},{"event_name":"Liars Game","player_choice":"agreed","floor":5,"damage_taken":0},{"event_name":"Shining Light","player_choice":"Entered Light","floor":12,"damage_taken":0}],"is_beta":true,"boss_relics":[],"items_purged_floors":[13],"is_endless":false,"potions_floor_spawned":[8],"killed_by":"Gremlin Nob","ascension_level":4}