{"gold_per_floor":[118,39,0,15,33,66,83,83,110,110,129,142,160,186,186,186],"floor_reached":16,"playtime":528,"items_purged":[],"score":303,"play_id":"33d87bb7-db06-4679-9c55-19ff2d8a5019","local_time":"20181119095443","is_ascension_mode":true,"campfire_choices":[{"data":"Heavy Blade","floor":10.0,"key":"SMITH"},{"floor":15,"key":"REST"}],"neow_cost":"NONE","seed_source_timestamp":0,"circlet_count":0,"master_deck":["AscendersBane","Strike_R","Strike_R","Strike_R","Strike_R","Strike_R","Defend_R","Defend_R","Defend_R","Defend_R","Bash","Offering","Headbutt","Spot Weakness","Perfected Strike","Headbutt","Feed","Heavy Blade+1","Burning Pact","Cleave","Impervious","Seeing Red"],"special_seed":0,"relics":["Burning Blood","Dream Catcher","Oddly Smooth Stone"],"potions_floor_usage":[13,13,16,16],"damage_taken":[{"damage":19.0,"enemies":"Jaw Worm","floor":1.0,"turns":4.0},{"damage":9.0,"enemies":"Small Slimes","floor":4.0,"turns":3.0},{"damage":1.0,"enemies":"Cultist","floor":5.0,"turns":3.0},{"damage":28.0,"enemies":"Gremlin Nob","floor":6.0,"turns":3.0},{"damage":10.0,"enemies":"Exordium Wildlife","floor":7.0,"turns":3.0},{"damage":12.0,"enemies":"Looter","floor":11.0,"turns":2.0},{"damage":12.0,"enemies":"2 Fungi Beasts","floor":12.0,"turns":3.0},{"damage":0,"enemies":"Blue Slaver","floor":13,"turns":1},{"damage":16,"enemies":"Lagavulin","floor":14,"turns":7}],"seed_played":"1691183173406129560","potions_obtained":[{"floor":4.0,"key":"SpeedPotion"},{"floor":7.0,"key":"GamblersBrew"},{"floor":8.0,"key":"Fruit Juice"},{"floor":8.0,"key":"Fire Potion"},{"floor":12.0,"key":"Strength Potion"},{"floor":13,"key":"Explosive Potion"},{"floor":14,"key":"Regen Potion"}],"is_trial":false,"path_per_floor":["M","$","?","M","M","E","M","?","T","R","M","M","M","E","R","B"],"character_chosen":"IRONCLAD","items_purchased":["Spot Weakness"],"campfire_rested":1,"item_purchase_floors":[2],"current_hp_per_floor":[55,55,55,52,57,35,34,39,39,39,36,30,36,26,51,0],"gold":186,"neow_bonus":"ONE_RANDOM_RARE_CARD","is_prod":false,"is_daily":false,"chose_seed":false,"campfire_upgraded":1,"win_rate":0,"timestamp":1542639283,"path_taken":["M","$","?","M","M","E","M","?","T","R","?","M","M","E","R","BOSS"],"build_version":"2018-11-15","purchased_purges":0,"victory":false,"max_hp_per_floor":[75,75,75,75,75,75,78,83,83,83,86,86,86,86,86,86],"card_choices":[{"not_picked":["Armaments","Battle Trance"],"picked":"Headbutt","floor":1.0},{"not_picked":["Disarm","Armaments"],"picked":"Perfected Strike","floor":4.0},{"not_picked":["Second Wind","Sword Boomerang"],"picked":"Headbutt","floor":5.0},{"not_picked":["Iron Wave","Power Through"],"picked":"Feed","floor":6.0},{"not_picked":["Sever Soul","Wild Strike"],"picked":"Heavy Blade","floor":7.0},{"not_picked":["Pommel Strike","Second Wind"],"picked":"Burning Pact","floor":11.0},{"not_picked":["Burning Pact","Perfected Strike"],"picked":"Cleave","floor":12.0},{"not_picked":["Clothesline","Shrug It Off"],"picked":"Impervious","floor":13},{"not_picked":["Headbutt","Body Slam","Burning Pact"],"picked":"SKIP","floor":14},{"not_picked":["Thunderclap","Burning Pact"],"picked":"Seeing Red","floor":15}],"player_experience":746123,"relics_obtained":[{"floor":6.0,"key":"Dream Catcher"},{"floor":14,"key":"Oddly Smooth Stone"}],"event_choices":[{"damage_healed":0.0,"max_hp_gain":0.0,"max_hp_loss":0.0,"gold_gain":0.0,"event_name":"World of Goop","player_choice":"Left Gold","floor":3.0,"gold_loss":39.0,"damage_taken":0.0},{"damage_healed":0.0,"max_hp_gain":0.0,"max_hp_loss":0.0,"gold_gain":0.0,"event_name":"Lab","player_choice":"Got Potions","floor":8.0,"gold_loss":0.0,"damage_taken":0.0}],"is_beta":false,"boss_relics":[],"items_purged_floors":[],"is_endless":false,"potions_floor_spawned":[4,7,12,13,14],"killed_by":"The Guardian","ascension_level":17}