{"gold_per_floor":[111,121,133,433,446,478,478,506,506,531,531,531,541,558,558,655,655,670,682,697,363,373,373,373],"floor_reached":24,"playtime":2523,"items_purged":[],"score":231,"play_id":"e95002e0-705b-4882-9f73-536cafb33baa","local_time":"20180804151959","is_ascension_mode":true,"campfire_choices":[{"floor":7,"key":"REST"},{"floor":11,"key":"REST"},{"floor":15,"key":"REST"},{"floor":23,"key":"REST"}],"neow_cost":"NONE","seed_source_timestamp":517932891728302,"circlet_count":0,"master_deck":["Strike_R+1","Strike_R","Strike_R","Strike_R+1","Strike_R","Defend_R","Defend_R","Defend_R","Defend_R","Bash","Fire Breathing","Combust","Shockwave","Perfected Strike","Infernal Blade","Uppercut","Armaments","Armaments","Flex","Demon Form","Pummel+1","Sentinel+1","Cleave+1","Sadistic Nature","Fire Breathing+1"],"relics":["Burning Blood","Old Coin","Ginger","Bird Faced Urn","Unceasing Top","Whetstone","SsserpentHead","Lizard Tail","Regal Pillow"],"potions_floor_usage":[3,5,6,8,10,19,22],"damage_taken":[{"damage":5,"enemies":"Cultist","floor":1,"turns":4},{"damage":0,"enemies":"Small Slimes","floor":2,"turns":3},{"damage":1,"enemies":"2 Louse","floor":3,"turns":2},{"damage":14,"enemies":"2 Fungi Beasts","floor":5,"turns":3},{"damage":21,"enemies":"Gremlin Nob","floor":6,"turns":4},{"damage":17,"enemies":"3 Sentries","floor":8,"turns":6},{"damage":23,"enemies":"Gremlin Nob","floor":10,"turns":4},{"damage":15,"enemies":"Gremlin Gang","floor":13,"turns":3},{"damage":16,"enemies":"Exordium Thugs","floor":14,"turns":4},{"damage":73,"enemies":"Hexaghost","floor":16,"turns":10},{"damage":33,"enemies":"3 Byrds","floor":18,"turns":6},{"damage":27,"enemies":"2 Thieves","floor":19,"turns":4},{"damage":29,"enemies":"Centurion and Healer","floor":20,"turns":6},{"damage":26,"enemies":"Snake Plant","floor":22,"turns":4},{"damage":85,"enemies":"Book of Stabbing","floor":24,"turns":7}],"seed_played":"3418979253582268999","potions_obtained":[{"floor":1,"key":"BloodPotion"},{"floor":2,"key":"AttackPotion"},{"floor":6,"key":"Explosive Potion"},{"floor":8,"key":"FearPotion"},{"floor":18,"key":"Fire Potion"},{"floor":20,"key":"BloodPotion"}],"is_trial":false,"path_per_floor":["M","M","M","?","M","E","R","E","T","E","R","?","M","M","R","B",null,"M","M","M","$","M","R"],"character_chosen":"IRONCLAD","items_purchased":["Regal Pillow","Sadistic Nature"],"campfire_rested":4,"item_purchase_floors":[21,21],"current_hp_per_floor":[80,80,80,77,77,62,80,69,69,56,80,80,71,63,80,17,80,55,34,13,13,43,80,0],"gold":373,"neow_bonus":"THREE_SMALL_POTIONS","is_prod":false,"is_daily":false,"chose_seed":false,"campfire_upgraded":0,"win_rate":0,"timestamp":1533388799,"path_taken":["M","M","?","?","M","E","R","E","T","E","R","?","M","M","R","BOSS","M","M","M","$","M","R","E"],"build_version":"2018-08-02","purchased_purges":0,"victory":false,"max_hp_per_floor":[80,80,80,80,80,80,80,80,80,80,80,80,80,80,80,80,80,80,80,80,80,80,80,80],"card_choices":[{"not_picked":["Ghostly Armor","Battle Trance"],"picked":"Fire Breathing","floor":1},{"not_picked":["Clash","True Grit"],"picked":"Combust","floor":2},{"not_picked":["Infernal Blade","Iron Wave"],"picked":"Shockwave","floor":3},{"not_picked":["Corruption","Heavy Blade"],"picked":"Perfected Strike","floor":5},{"not_picked":["Heavy Blade","Body Slam"],"picked":"Infernal Blade","floor":6},{"not_picked":["Battle Trance","Twin Strike"],"picked":"Uppercut","floor":8},{"not_picked":["Feel No Pain","Burning Pact"],"picked":"Armaments","floor":10},{"not_picked":["Anger","Wild Strike"],"picked":"Armaments","floor":13},{"not_picked":["Thunderclap","Warcry"],"picked":"Flex","floor":14},{"not_picked":["Exhume","Berserk"],"picked":"Demon Form","floor":16},{"not_picked":["Wild Strike","Flex"],"picked":"Pummel+1","floor":18},{"not_picked":["Disarm","Havoc"],"picked":"Sentinel+1","floor":19},{"not_picked":["True Grit","Thunderclap"],"picked":"Cleave+1","floor":20},{"not_picked":["Clash","Havoc+1"],"picked":"Fire Breathing+1","floor":22}],"player_experience":134682,"relics_obtained":[{"floor":6,"key":"Ginger"},{"floor":8,"key":"Bird Faced Urn"},{"floor":9,"key":"Unceasing Top"},{"floor":10,"key":"Whetstone"}],"event_choices":[{"event_name":"Scrap Ooze","player_choice":"success","floor":4,"damage_taken":3},{"event_name":"FaceTrader","player_choice":"Trade","floor":12,"damage_taken":0}],"is_beta":false,"boss_relics":[{"not_picked":["Busted Crown","Velvet Choker"],"picked":"Lizard Tail"}],"items_purged_floors":[],"is_endless":false,"potions_floor_spawned":[1,2,6,8,18,20],"killed_by":"Book of Stabbing","ascension_level":1}