{"gold_per_floor":[114,34,109,109,124,124,154,169,169,40,40,55,55,55,55,155,155,170,170,185,110,209,209,239,254,254,134,134,164,164,194,194,194],"floor_reached":33,"playtime":997,"items_purged":[],"score":301,"play_id":"be0ece8f-0878-4ef7-9444-683a8b470a2f","local_time":"20180730200239","daily_mods":["Diverse","Lethality","Terminal"],"is_ascension_mode":false,"campfire_choices":[{"data":"Cloak And Dagger","floor":6,"key":"SMITH"},{"data":"Hologram","floor":11,"key":"SMITH"},{"data":"Blade Dance","floor":13,"key":"SMITH"},{"data":"Shockwave","floor":15,"key":"SMITH"},{"data":"Hyperbeam","floor":23,"key":"SMITH"},{"floor":30,"key":"REST"},{"data":"Heavy Blade","floor":32,"key":"SMITH"}],"neow_cost":"","seed_source_timestamp":0,"circlet_count":0,"master_deck":["Strike_R","Strike_R","Strike_R+1","Strike_R+1","Defend_R","Defend_R","Defend_R","Defend_R","Bash","Cloak And Dagger+1","Feel No Pain","Sword Boomerang","Blade Dance+1","Shockwave+1","Feed","Hologram+1","Hyperbeam+1","Pummel","Heavy Blade+1","Accuracy","Venomology","Spot Weakness","Turbo+1","Whirlwind"],"special_seed":17742,"relics":["Burning Blood","Singing Bowl","Self Forming Clay","Letter Opener","Orrery","Omamori","The Courier","Bag of Marbles","Mercury Hourglass","Gambling Chip"],"potions_floor_usage":[18,20,25,25,28,29,31,33,33],"damage_taken":[{"damage":0,"enemies":"Cultist","floor":1,"turns":2},{"damage":4,"enemies":"Jaw Worm","floor":5,"turns":2},{"damage":33,"enemies":"Lagavulin","floor":7,"turns":4},{"damage":0,"enemies":"2 Louse","floor":8,"turns":1},{"damage":0,"enemies":"Blue Slaver","floor":12,"turns":2},{"damage":31,"enemies":"The Guardian","floor":16,"turns":8},{"damage":0,"enemies":"3 Byrds","floor":18,"turns":3},{"damage":16,"enemies":"2 Thieves","floor":20,"turns":3},{"damage":39,"enemies":"Gremlin Leader","floor":24,"turns":6},{"damage":7,"enemies":"Cultist and Chosen","floor":25,"turns":3},{"damage":0,"enemies":"Snake Plant","floor":28,"turns":1},{"damage":17,"enemies":"Book of Stabbing","floor":29,"turns":3},{"damage":10,"enemies":"Slavers","floor":31,"turns":3},{"damage":53,"enemies":"Automaton","floor":33,"turns":6}],"seed_played":"3676121671515635212","potions_obtained":[{"floor":5,"key":"Energy Potion"},{"floor":7,"key":"SpeedPotion"},{"floor":19,"key":"SteroidPotion"},{"floor":19,"key":"Fruit Juice"},{"floor":19,"key":"SmokeBomb"},{"floor":24,"key":"LiquidBronze"},{"floor":25,"key":"EssenceOfSteel"},{"floor":29,"key":"Poison Potion"},{"floor":31,"key":"Dexterity Potion"}],"is_trial":false,"path_per_floor":["M","$","?","?","M","R","E","M","T","$","R","M","R","?","R","B",null,"M","?","M","?","?","R","E","M","T","$","M","E","R","E","R"],"character_chosen":"IRONCLAD","items_purchased":["Feel No Pain","Feed","Hologram","Bag of Marbles"],"campfire_rested":1,"item_purchase_floors":[2,10,10,27],"current_hp_per_floor":[78,77,66,63,65,65,38,44,44,44,44,55,55,41,41,16,71,72,71,68,68,68,68,35,37,37,37,43,32,53,52,52,0],"gold":194,"neow_bonus":"","is_prod":false,"is_daily":true,"chose_seed":false,"campfire_upgraded":6,"win_rate":0,"timestamp":1532995359,"path_taken":["M","$","?","?","M","R","E","M","T","?","R","M","R","?","R","BOSS","M","?","M","?","?","R","E","M","T","$","M","E","R","E","R","BOSS"],"build_version":"2018-07-26","purchased_purges":0,"victory":false,"max_hp_per_floor":[78,77,76,75,74,73,72,71,70,69,68,72,71,70,69,68,71,72,71,77,76,75,74,73,75,74,73,72,71,70,72,71,71],"card_choices":[{"not_picked":["True Grit","Havoc"],"picked":"Cloak And Dagger","floor":1},{"not_picked":["Bane","Power Through"],"picked":"Sword Boomerang","floor":5},{"not_picked":["Outmaneuver","Havoc"],"picked":"Blade Dance","floor":7},{"not_picked":["Prepared","Cold Snap"],"picked":"Shockwave","floor":8},{"not_picked":["Stack","Redo","Burning Pact"],"picked":"Singing Bowl","floor":12},{"not_picked":["Reaper","Wraith Form v2"],"picked":"Hyperbeam","floor":16},{"not_picked":["Prepared","Thunderclap"],"picked":"Pummel","floor":17},{"not_picked":["Cloak And Dagger","Burning Pact","Power Through"],"picked":"Singing Bowl","floor":17},{"not_picked":["Finisher","All Out Attack"],"picked":"Heavy Blade","floor":17},{"not_picked":["Conserve Battery","Corruption","Tactician"],"picked":"Singing Bowl","floor":17},{"not_picked":["Riddle With Holes","Crippling Poison"],"picked":"Accuracy","floor":17},{"not_picked":["Conserve Battery","Wild Strike","Clash+1"],"picked":"Singing Bowl","floor":18},{"not_picked":["Compile Driver","Cold Snap","Dodge and Roll"],"picked":"Singing Bowl","floor":20},{"not_picked":["Beam Cell","Sweeping Beam"],"picked":"Venomology","floor":24},{"not_picked":["Pommel Strike+1","Rampage"],"picked":"Spot Weakness","floor":25},{"not_picked":["Combust","Distraction+1"],"picked":"Turbo+1","floor":29},{"not_picked":["Twin Strike","Setup+1"],"picked":"Whirlwind","floor":31}],"player_experience":170605,"relics_obtained":[{"floor":7,"key":"Self Forming Clay"},{"floor":9,"key":"Letter Opener"},{"floor":24,"key":"Omamori"},{"floor":26,"key":"The Courier"},{"floor":29,"key":"Mercury Hourglass"},{"floor":31,"key":"Gambling Chip"}],"event_choices":[{"event_name":"World of Goop","player_choice":"Gather Gold","floor":3,"damage_taken":0},{"event_name":"Scrap Ooze","player_choice":"success","floor":4,"damage_taken":3},{"event_name":"Shining Light","player_choice":"Entered Light","floor":14,"damage_taken":0},{"event_name":"The Lab","player_choice":"Got Potions","floor":19,"damage_taken":0},{"event_name":"Beggar","player_choice":"Gave Gold","floor":21,"damage_taken":0},{"event_name":"Nest","player_choice":"Stole From Cult","floor":22,"damage_taken":0}],"is_beta":true,"boss_relics":[{"not_picked":["Runic Cube","Velvet Choker"],"picked":"Orrery"}],"items_purged_floors":[],"is_endless":false,"potions_floor_spawned":[5,7,24,25,28,29,31],"killed_by":"Automaton","ascension_level":0}