{"gold_per_floor":[99,99,99,99,99,99,99,99,99,69,69,69,69,69,69,69,69,69,9,9,9,9,9,9,9,9,9,9,9,9,9,9,9,9,9,9,0,0,0,0,0,0,0,0,0,0,0,0,0,0],"floor_reached":51,"playtime":3550,"items_purged":[],"score":789,"play_id":"397122c8-b36c-47d4-9d56-b04ebb0e7d97","local_time":"20190329145748","is_ascension_mode":true,"campfire_choices":[{"data":"Catalyst","floor":6.0,"key":"SMITH"},{"floor":13.0,"key":"REST"},{"data":"Crippling Poison","floor":15.0,"key":"SMITH"},{"floor":23,"key":"REST"},{"data":"Envenom","floor":25,"key":"SMITH"},{"data":"Dodge and Roll","floor":32,"key":"SMITH"},{"data":"Neutralize","floor":40,"key":"SMITH"},{"data":"Bouncing Flask","floor":42,"key":"SMITH"},{"data":"Survivor","floor":44,"key":"SMITH"},{"data":"Strike_G","floor":47,"key":"PURGE"},{"floor":49,"key":"REST"}],"neow_cost":"NONE","seed_source_timestamp":1211798830204900,"circlet_count":0,"master_deck":["Defend_G","Defend_G+1","Defend_G","Defend_G","Defend_G","Strike_G","Strike_G","Survivor+1","Neutralize+1","Poisoned Stab","Catalyst+1","Poisoned Stab+1","Crippling Poison+1","PiercingWail","Dodge and Roll+1","Escape Plan","Deadly Poison+1","Bouncing Flask+1","Sucker Punch","Bouncing Flask+1","Malaise","Doppelganger","Bane","Deflect+1","Adrenaline","Poisoned Stab+1","Footwork+1","Dodge and Roll+1"],"special_seed":0,"relics":["Ectoplasm","Peace Pipe","Sundial","Shuriken","Sozu","Meat on the Bone","Centennial Puzzle","Juzu Bracelet","Calipers","Letter Opener","Lizard Tail","Red Mask","Singing Bowl","PreservedInsect"],"potions_floor_usage":[50],"damage_taken":[{"damage":0.0,"enemies":"Cultist","floor":1.0,"turns":5.0},{"damage":0.0,"enemies":"Small Slimes","floor":2.0,"turns":3.0},{"damage":0.0,"enemies":"Jaw Worm","floor":3.0,"turns":4.0},{"damage":4.0,"enemies":"Blue Slaver","floor":4.0,"turns":3.0},{"damage":0.0,"enemies":"Red Slaver","floor":7.0,"turns":3.0},{"damage":14.0,"enemies":"3 Sentries","floor":8.0,"turns":9.0},{"damage":2.0,"enemies":"Looter","floor":10.0,"turns":3.0},{"damage":14.0,"enemies":"Gremlin Nob","floor":12.0,"turns":4.0},{"damage":2.0,"enemies":"Blue Slaver","floor":14.0,"turns":2.0},{"damage":16.0,"enemies":"The Guardian","floor":16.0,"turns":8.0},{"damage":9,"enemies":"Shell Parasite","floor":18,"turns":4},{"damage":4,"enemies":"2 Thieves","floor":19,"turns":4},{"damage":4,"enemies":"Shelled Parasite and Fungi","floor":21,"turns":4},{"damage":0,"enemies":"Snecko","floor":22,"turns":4},{"damage":16,"enemies":"Gremlin Leader","floor":24,"turns":5},{"damage":7,"enemies":"Snake Plant","floor":27,"turns":4},{"damage":10,"enemies":"Book of Stabbing","floor":28,"turns":6},{"damage":4,"enemies":"Colosseum Slavers","floor":31,"turns":3},{"damage":9,"enemies":"Colosseum Nobs","floor":31,"turns":5},{"damage":30,"enemies":"Automaton","floor":33,"turns":7},{"damage":4,"enemies":"Orb Walker","floor":35,"turns":4},{"damage":1,"enemies":"3 Darklings","floor":36,"turns":3},{"damage":11,"enemies":"4 Shapes","floor":39,"turns":4},{"damage":0,"enemies":"Transient","floor":41,"turns":5},{"damage":0,"enemies":"Jaw Worm Horde","floor":45,"turns":5},{"damage":21,"enemies":"Reptomancer","floor":46,"turns":7},{"damage":10,"enemies":"Donu and Deca","floor":50,"turns":10}],"seed_played":"-1227788175421128138","potions_obtained":[{"floor":3.0,"key":"GamblersBrew"},{"floor":7.0,"key":"Ancient Potion"},{"floor":16.0,"key":"EssenceOfSteel"}],"is_trial":false,"path_per_floor":["M","M","M","M","?","R","M","E","T","M","?","E","R","M","R","B",null,"M","M","?","M","M","R","E","R","T","M","E","?","?","?","R","B",null,"M","M","?","?","M","R","M","R","T","R","M","E","R","?","R","B",null],"character_chosen":"THE_SILENT","items_purchased":[],"campfire_rested":3,"item_purchase_floors":[],"current_hp_per_floor":[70,70,70,66,52,52,52,38,38,36,36,22,43,41,41,25,70,61,57,44,40,40,62,46,46,46,39,41,41,41,40,40,22,75,71,70,70,85,74,74,74,74,74,74,76,57,57,57,82,72],"gold":0,"neow_bonus":"BOSS_RELIC","is_prod":false,"is_daily":false,"chose_seed":false,"campfire_upgraded":7,"win_rate":0,"timestamp":1553885868,"path_taken":["M","M","M","M","?","R","M","E","T","M","?","E","R","M","R","BOSS","M","M","?","M","M","R","E","R","T","M","E","?","?","?","R","BOSS","M","M","?","?","M","R","M","R","T","R","M","E","R","?","R","BOSS"],"build_version":"2019-01-23","purchased_purges":0,"victory":true,"max_hp_per_floor":[70,70,70,70,70,70,70,70,70,70,70,70,70,70,70,70,70,70,70,75,75,75,75,75,75,75,75,75,75,75,75,75,75,75,75,75,75,85,85,85,85,85,85,85,87,89,89,85,85,85],"card_choices":[{"not_picked":["Sucker Punch","Flechettes"],"picked":"Poisoned Stab","floor":1.0},{"not_picked":["Heel Hook","Slice"],"picked":"Catalyst","floor":2.0},{"not_picked":["Slice","Prepared"],"picked":"Poisoned Stab","floor":3.0},{"not_picked":["Outmaneuver","Cloak And Dagger","Dagger Spray"],"picked":"SKIP","floor":4.0},{"not_picked":["Backstab","Catalyst"],"picked":"Crippling Poison","floor":7.0},{"not_picked":["Outmaneuver","Endless Agony"],"picked":"PiercingWail","floor":8.0},{"not_picked":["Dagger Throw","Grand Finale"],"picked":"Dodge and Roll","floor":10.0},{"not_picked":["Leg Sweep","Outmaneuver"],"picked":"Escape Plan","floor":12.0},{"not_picked":["Prepared","Bane","Finisher"],"picked":"SKIP","floor":14.0},{"not_picked":["Grand Finale","A Thousand Cuts"],"picked":"Envenom","floor":16.0},{"not_picked":["Slice","Prepared"],"picked":"Deadly Poison+1","floor":18},{"not_picked":["Backstab","All Out Attack","Acrobatics+1"],"picked":"SKIP","floor":19},{"not_picked":["Prepared+1","Well Laid Plans"],"picked":"Bouncing Flask+1","floor":21},{"not_picked":["Dagger Throw","Concentrate","Prepared"],"picked":"SKIP","floor":22},{"not_picked":["Night Terror","Well Laid Plans"],"picked":"Sucker Punch","floor":24},{"not_picked":["Poisoned Stab","Calculated Gamble"],"picked":"Bouncing Flask","floor":27},{"not_picked":["Quick Slash","PiercingWail+1"],"picked":"Malaise","floor":28},{"not_picked":["Dagger Spray","All Out Attack"],"picked":"Deflect+1","floor":31},{"not_picked":["Unload","Die Die Die"],"picked":"Adrenaline","floor":33},{"not_picked":["Flying Knee+1","Cloak And Dagger+1"],"picked":"Poisoned Stab+1","floor":35},{"not_picked":["Slice+1","Dodge and Roll+1"],"picked":"Footwork+1","floor":36},{"not_picked":["Slice+1","Backflip"],"picked":"Dodge and Roll+1","floor":39},{"not_picked":["Eviscerate+1","Heel Hook","Dash+1"],"picked":"SKIP","floor":41},{"not_picked":["Caltrops","Expertise","Deadly Poison"],"picked":"Singing Bowl","floor":45},{"not_picked":["Calculated Gamble+1","Dagger Spray+1","Doppelganger"],"picked":"Singing Bowl","floor":46}],"player_experience":215270,"relics_obtained":[{"floor":8.0,"key":"Peace Pipe"},{"floor":9.0,"key":"Sundial"},{"floor":12.0,"key":"Shuriken"},{"floor":24,"key":"Meat on the Bone"},{"floor":26,"key":"Centennial Puzzle"},{"floor":28,"key":"Juzu Bracelet"},{"floor":31,"key":"Calipers"},{"floor":31,"key":"Letter Opener"},{"floor":43,"key":"Singing Bowl"},{"floor":46,"key":"PreservedInsect"}],"event_choices":[{"damage_healed":0.0,"max_hp_gain":0.0,"max_hp_loss":0.0,"gold_gain":0.0,"event_name":"Shining Light","player_choice":"Entered Light","floor":5.0,"gold_loss":0.0,"damage_taken":14.0,"cards_upgraded":["Poisoned Stab","Defend_G"]},{"damage_healed":0.0,"max_hp_gain":0.0,"max_hp_loss":0.0,"gold_gain":0.0,"event_name":"The Cleric","player_choice":"Leave","floor":11.0,"gold_loss":0.0,"damage_taken":0.0},{"damage_healed":0,"gold_gain":0,"player_choice":"Shed Blood","damage_taken":18,"max_hp_gain":5,"max_hp_loss":0,"event_name":"Forgotten Altar","floor":20,"gold_loss":0},{"damage_healed":0,"gold_gain":0,"player_choice":"Ignored","damage_taken":0,"max_hp_gain":0,"max_hp_loss":0,"event_name":"Golden Shrine","floor":29,"gold_loss":0},{"damage_healed":0,"gold_gain":0,"cards_transformed":["Strike_G","Strike_G"],"player_choice":"Became Test Subject","damage_taken":0,"max_hp_gain":0,"max_hp_loss":0,"event_name":"Drug Dealer","floor":30,"gold_loss":0,"cards_obtained":["Doppelganger","Bane"]},{"damage_healed":0,"gold_gain":0,"player_choice":"Fight","damage_taken":0,"max_hp_gain":0,"max_hp_loss":0,"event_name":"Colosseum","floor":31,"gold_loss":0},{"damage_healed":0,"gold_gain":0,"player_choice":"Fought Nobs","damage_taken":0,"max_hp_gain":0,"max_hp_loss":0,"event_name":"Colosseum","floor":31,"gold_loss":0},{"damage_healed":0,"gold_gain":0,"player_choice":"Paid","damage_taken":0,"relics_obtained":["Red Mask"],"max_hp_gain":0,"max_hp_loss":0,"event_name":"Tomb of Lord Red Mask","floor":37,"gold_loss":9},{"cards_removed":["Envenom"],"damage_healed":5,"gold_gain":0,"player_choice":"Offered Rare","damage_taken":0,"max_hp_gain":10,"max_hp_loss":0,"event_name":"Bonfire Elementals","floor":38,"gold_loss":0},{"damage_healed":0,"gold_gain":0,"player_choice":"Max HP","damage_taken":0,"max_hp_gain":0,"max_hp_loss":4,"event_name":"Winding Halls","floor":48,"gold_loss":0}],"is_beta":false,"boss_relics":[{"not_picked":["Pandora\u0027s Box","Coffee Dripper"],"picked":"Sozu"},{"not_picked":["Cursed Key","HoveringKite"],"picked":"Lizard Tail"}],"items_purged_floors":[],"is_endless":false,"potions_floor_spawned":[3,7,16,19,22,28,31,31,35,45,46],"ascension_level":1}