{"gold_per_floor":[20,31,106,86,106,106,9,41,108,120,160,187,210,147,159,244,256,236,248,185,197,209,221,265,296,308,320,352,12,23,39,39,110,110,122,122,135,135,135,135,166,182,182,182,182,209,4,16,16,16,16,16,16,44,44],"floor_reached":56,"playtime":2760,"items_purged":["Defend_B"],"score":2349,"play_id":"5d084390-d278-4c1e-947e-d58e8ad579be","local_time":"20190307173215","is_ascension_mode":true,"campfire_choices":[{"data":"Zap","floor":6.0,"key":"SMITH"},{"data":"Dualcast","floor":10.0,"key":"SMITH"},{"data":"Consume","floor":15.0,"key":"SMITH"},{"floor":23.0,"key":"REST"},{"data":"Loop","floor":27.0,"key":"SMITH"},{"data":"Capacitor","floor":32.0,"key":"SMITH"},{"data":"Coolheaded","floor":40.0,"key":"SMITH"},{"floor":44.0,"key":"REST"},{"floor":49,"key":"RECALL"},{"data":"Seek","floor":52,"key":"SMITH"}],"neow_cost":"NO_GOLD","seed_source_timestamp":425076423277906,"circlet_count":0,"master_deck":["AscendersBane","Defend_B+1","Zap+1","Dualcast+1","Leap+1","Rainbow+1","Sunder+1","Glacier+1","Heatsinks+1","Capacitor+1","Hologram+1","Coolheaded+1","Loop+1","Compile Driver+1","Consume+1","Core Surge+1","Go for the Eyes+1","BootSequence+1","Reboot+1","Turbo+1","Impatience+1","Self Repair+1","Biased Cognition+1","Recycle+1","Cold Snap+1","Undo+1","Coolheaded+1","Seek+1"],"special_seed":0,"relics":["FrozenCore","MawBank","Potion Belt","Philosopher\u0027s Stone","Regal Pillow","Blood Vial","ClockworkSouvenir","Juzu Bracelet","Mark of the Bloom","Ancient Tea Set","OrangePellets","Bronze Scales"],"potions_floor_usage":[55,55,55],"damage_taken":[{"damage":0.0,"enemies":"Cultist","floor":1.0,"turns":5.0},{"damage":0.0,"enemies":"Jaw Worm","floor":2.0,"turns":4.0},{"damage":0.0,"enemies":"2 Louse","floor":5.0,"turns":2.0},{"damage":13.0,"enemies":"Lagavulin","floor":8.0,"turns":7.0},{"damage":3.0,"enemies":"3 Sentries","floor":11.0,"turns":10.0},{"damage":17.0,"enemies":"Lots of Slimes","floor":12.0,"turns":4.0},{"damage":0.0,"enemies":"Looter","floor":13.0,"turns":4.0},{"damage":18.0,"enemies":"The Guardian","floor":16.0,"turns":10.0},{"damage":11.0,"enemies":"2 Thieves","floor":18.0,"turns":5.0},{"damage":0.0,"enemies":"3 Byrds","floor":19.0,"turns":1.0},{"damage":20.0,"enemies":"Book of Stabbing","floor":24.0,"turns":8.0},{"damage":7.0,"enemies":"Sentry and Sphere","floor":25.0,"turns":7.0},{"damage":1.0,"enemies":"Centurion and Healer","floor":28.0,"turns":8.0},{"damage":13.0,"enemies":"Snake Plant","floor":30.0,"turns":4.0},{"damage":0.0,"enemies":"Cultist and Chosen","floor":31.0,"turns":4.0},{"damage":0.0,"enemies":"Champ","floor":33.0,"turns":10.0},{"damage":26.0,"enemies":"3 Darklings","floor":35.0,"turns":7.0},{"damage":8.0,"enemies":"3 Shapes","floor":37.0,"turns":7.0},{"damage":48.0,"enemies":"Reptomancer","floor":41.0,"turns":10.0},{"damage":10.0,"enemies":"Jaw Worm Horde","floor":42.0,"turns":7.0},{"damage":0.0,"enemies":"Giant Head","floor":46.0,"turns":8.0},{"damage":0.0,"enemies":"Spire Growth","floor":48.0,"turns":4.0},{"damage":0,"enemies":"Donu and Deca","floor":50,"turns":9},{"damage":20,"enemies":"Shield and Spear","floor":54,"turns":9},{"damage":0,"enemies":"The Heart","floor":55,"turns":9}],"seed_played":"-7181777510264258252","potions_obtained":[{"floor":1.0,"key":"Poison Potion"},{"floor":4.0,"key":"SmokeBomb"},{"floor":12.0,"key":"Strength Potion"},{"floor":13.0,"key":"LiquidBronze"},{"floor":16.0,"key":"Ancient Potion"},{"floor":25.0,"key":"Regen Potion"},{"floor":28.0,"key":"Block Potion"},{"floor":30.0,"key":"SneckoOil"},{"floor":33.0,"key":"SteroidPotion"},{"floor":37.0,"key":"Weak Potion"},{"floor":42.0,"key":"LiquidBronze"},{"floor":46.0,"key":"Swift Potion"},{"floor":48.0,"key":"FocusPotion"}],"is_trial":false,"path_per_floor":["M","M","?","?","M","R","$","E","T","R","E","M","M","?","R","B",null,"M","M","?","?","?","R","E","M","T","R","M","$","M","M","R","B",null,"M","?","M","?","?","R","E","M","T","R","?","E","$","M","R","B",null,"R","$","E","B",null],"character_chosen":"DEFECT","items_purchased":["Capacitor","Hologram","Impatience","ClockworkSouvenir","OrangePellets"],"campfire_rested":2,"item_purchase_floors":[7,7,29,29,47],"current_hp_per_floor":[64,64,53,53,53,53,53,40,40,40,37,20,20,20,20,2,54,43,43,43,23,23,45,25,18,18,18,19,19,20,29,29,38,67,50,50,51,51,51,51,12,11,11,47,47,47,47,47,47,47,47,47,47,27,27],"gold":44,"neow_bonus":"TRANSFORM_TWO_CARDS","is_prod":false,"is_daily":false,"chose_seed":false,"campfire_upgraded":7,"win_rate":0,"timestamp":1551951135,"path_taken":["M","?","?","?","?","R","$","E","T","R","E","M","M","?","R","BOSS","M","M","?","?","?","R","E","M","T","R","M","?","M","?","R","BOSS","M","?","M","?","?","R","E","M","T","R","?","E","$","M","R","BOSS","R","$","E","BOSS"],"build_version":"2019-01-23","purchased_purges":1,"victory":true,"max_hp_per_floor":[71,71,71,71,71,71,71,71,71,71,71,71,71,71,71,71,71,71,71,71,76,76,76,76,76,76,76,76,76,76,76,76,76,76,76,72,72,72,72,72,72,72,72,72,72,72,72,72,72,72,72,72,72,72,72],"card_choices":[{"not_picked":["Doom and Gloom","Stack"],"picked":"Sunder","floor":1.0},{"not_picked":["Force Field","Gash"],"picked":"Glacier","floor":2.0},{"not_picked":["Scrape","Reprogram"],"picked":"Heatsinks","floor":5.0},{"not_picked":["Leap","Glacier"],"picked":"Coolheaded","floor":8.0},{"not_picked":["Meteor Strike","Hologram"],"picked":"Loop","floor":11.0},{"not_picked":["Loop","Doom and Gloom"],"picked":"Compile Driver","floor":12.0},{"not_picked":["Sweeping Beam","Double Energy"],"picked":"Consume","floor":13.0},{"not_picked":["Meteor Strike","Fission"],"picked":"Core Surge","floor":16.0},{"not_picked":["Redo","Gash"],"picked":"Go for the Eyes+1","floor":18.0},{"not_picked":["Go for the Eyes+1","Cold Snap"],"picked":"BootSequence","floor":24.0},{"not_picked":["Beam Cell","Rebound"],"picked":"Reboot","floor":25.0},{"not_picked":["Melter+1","Stack"],"picked":"Turbo","floor":28.0},{"not_picked":["Ball Lightning","Rebound"],"picked":"Self Repair","floor":30.0},{"not_picked":["Barrage","Force Field","Self Repair"],"picked":"SKIP","floor":31.0},{"not_picked":["All For One","Rainbow"],"picked":"Biased Cognition","floor":33.0},{"not_picked":["Defragment","Reprogram"],"picked":"Recycle","floor":35.0},{"not_picked":["Stack+1","Beam Cell+1"],"picked":"Cold Snap","floor":37.0},{"not_picked":["Cold Snap+1","Beam Cell","Barrage"],"picked":"SKIP","floor":41.0},{"not_picked":["Stack+1","Beam Cell"],"picked":"Undo","floor":42.0},{"not_picked":["Redo","Compile Driver"],"picked":"Coolheaded+1","floor":46.0},{"not_picked":["Aggregate+1","Barrage"],"picked":"Seek","floor":48.0},{"not_picked":["Compile Driver","Cold Snap+1","Reinforced Body"],"picked":"SKIP","floor":54}],"player_experience":1151310,"relics_obtained":[{"floor":8.0,"key":"MawBank"},{"floor":9.0,"key":"Potion Belt"},{"floor":24.0,"key":"Regal Pillow"},{"floor":26.0,"key":"Blood Vial"},{"floor":41.0,"key":"Juzu Bracelet"},{"floor":46.0,"key":"Ancient Tea Set"},{"floor":54,"key":"Bronze Scales"}],"event_choices":[{"damage_healed":0.0,"max_hp_gain":0.0,"max_hp_loss":0.0,"gold_gain":75.0,"event_name":"World of Goop","player_choice":"Gather Gold","floor":3.0,"gold_loss":0.0,"damage_taken":11.0},{"damage_healed":0.0,"max_hp_gain":0.0,"max_hp_loss":0.0,"gold_gain":0.0,"event_name":"The Woman in Blue","player_choice":"Bought 1 Potion","floor":4.0,"gold_loss":0.0,"damage_taken":0.0},{"cards_removed":["Strike_B"],"damage_healed":0.0,"max_hp_gain":0.0,"max_hp_loss":0.0,"gold_gain":0.0,"event_name":"The Cleric","player_choice":"Card Removal","floor":14.0,"gold_loss":75.0,"damage_taken":0.0},{"cards_removed":["Strike_B"],"damage_healed":0.0,"max_hp_gain":0.0,"max_hp_loss":0.0,"gold_gain":0.0,"event_name":"Beggar","player_choice":"Gave Gold","floor":20.0,"gold_loss":75.0,"damage_taken":0.0},{"damage_healed":0.0,"max_hp_gain":5.0,"max_hp_loss":0.0,"gold_gain":0.0,"event_name":"Forgotten Altar","player_choice":"Shed Blood","floor":21.0,"gold_loss":0.0,"damage_taken":25.0},{"cards_removed":["Defend_B"],"damage_healed":0.0,"max_hp_gain":0.0,"max_hp_loss":0.0,"gold_gain":0.0,"event_name":"Back to Basics","player_choice":"Elegance","floor":22.0,"gold_loss":0.0,"damage_taken":0.0},{"damage_healed":0.0,"max_hp_gain":0.0,"max_hp_loss":4.0,"gold_gain":0.0,"event_name":"Winding Halls","player_choice":"Max HP","floor":36.0,"gold_loss":0.0,"damage_taken":0.0},{"damage_healed":0.0,"max_hp_gain":0.0,"max_hp_loss":0.0,"gold_gain":0.0,"event_name":"Tomb of Lord Red Mask","player_choice":"Ignored","floor":38.0,"gold_loss":0.0,"damage_taken":0.0},{"cards_removed":["Defend_B"],"damage_healed":0.0,"max_hp_gain":0.0,"max_hp_loss":0.0,"gold_gain":0.0,"event_name":"Falling","player_choice":"Removed Skill","floor":39.0,"gold_loss":0.0,"damage_taken":0.0},{"damage_healed":0.0,"max_hp_gain":0.0,"max_hp_loss":0.0,"gold_gain":0.0,"event_name":"MindBloom","player_choice":"Upgrade","floor":45.0,"gold_loss":0.0,"damage_taken":0.0,"cards_upgraded":["Defend_B","Leap","Rainbow","Sunder","Glacier","Heatsinks","Hologram","Compile Driver","Core Surge","BootSequence","Reboot","Turbo","Impatience","Self Repair","Biased Cognition","Recycle","Cold Snap","Undo"],"relics_obtained":["Mark of the Bloom"]}],"is_beta":false,"boss_relics":[{"not_picked":["Lizard Tail","Black Star"],"picked":"Philosopher\u0027s Stone"},{"not_picked":["Calling Bell","Busted Crown"],"picked":"FrozenCore"}],"items_purged_floors":[29],"is_endless":false,"potions_floor_spawned":[1,12,13,16,25,28,30,33,37,42,46,48,54],"ascension_level":15}