{"gold_per_floor":[111,111,111,131,141,141,158,191,228,266,291,303,349,202,202,278,278,290,290,306,306,231,266,284,317,317,342,342,356,303,334,334,413,413,423,1422,1422,1439,1439,1439,1439,1439,1464,1464,1481,1481,1516,542,542,542,542,542,542,91,119,119],"floor_reached":57,"playtime":2530,"items_purged":["Strike_R","Normality","Normality"],"score":3173,"play_id":"ccd45c98-bb4e-4f4d-872f-75789515afb9","local_time":"20190403223847","is_ascension_mode":true,"campfire_choices":[{"data":"Power Through","floor":6.0,"key":"SMITH"},{"data":"Uppercut","floor":12.0,"key":"SMITH"},{"data":"Dual Wield","floor":15.0,"key":"SMITH"},{"data":"Offering","floor":28.0,"key":"SMITH"},{"data":"Carnage","floor":32.0,"key":"SMITH"},{"data":"Discovery","floor":40.0,"key":"SMITH"},{"floor":49.0,"key":"RECALL"},{"data":"True Grit","floor":53.0,"key":"SMITH"}],"neow_cost":"NONE","seed_source_timestamp":612241852355830,"circlet_count":0,"master_deck":["AscendersBane","Defend_R+1","Defend_R+1","Defend_R+1","Power Through+1","Uppercut+1","Dual Wield+1","Evolve","Offering+1","Dual Wield+1","Disarm+1","Shockwave+1","Ghostly Armor+1","Entrench","Barricade","Discovery+1","True Grit+1","Juggernaut+1","Shrug It Off"],"special_seed":0,"relics":["Snecko Eye","MawBank","War Paint","Bronze Scales","Gambling Chip","Astrolabe","Meat on the Bone","Lantern","Blue Candle","Oddly Smooth Stone","Darkstone Periapt","Mark of Pain","Frozen Egg 2","Regal Pillow","Medical Kit","Strawberry","Question Card","Sundial","Gremlin Horn"],"potions_floor_usage":[56,56],"damage_taken":[{"damage":0.0,"enemies":"Jaw Worm","floor":1.0,"turns":2.0},{"damage":3.0,"enemies":"2 Louse","floor":4.0,"turns":3.0},{"damage":0.0,"enemies":"Cultist","floor":5.0,"turns":3.0},{"damage":0.0,"enemies":"Blue Slaver","floor":7.0,"turns":3.0},{"damage":8.0,"enemies":"Gremlin Nob","floor":8.0,"turns":4.0},{"damage":6.0,"enemies":"Lagavulin","floor":10.0,"turns":9.0},{"damage":0.0,"enemies":"2 Fungi Beasts","floor":11.0,"turns":3.0},{"damage":7.0,"enemies":"3 Sentries","floor":13.0,"turns":5.0},{"damage":12.0,"enemies":"Hexaghost","floor":16.0,"turns":6.0},{"damage":0.0,"enemies":"Spheric Guardian","floor":18.0,"turns":1.0},{"damage":0.0,"enemies":"Chosen","floor":20.0,"turns":3.0},{"damage":6.0,"enemies":"Gremlin Leader","floor":23.0,"turns":3.0},{"damage":6.0,"enemies":"Centurion and Healer","floor":24.0,"turns":2.0},{"damage":11.0,"enemies":"Book of Stabbing","floor":25.0,"turns":7.0},{"damage":6.0,"enemies":"Gremlin Leader","floor":27.0,"turns":4.0},{"damage":15.0,"enemies":"3 Cultists","floor":29.0,"turns":7.0},{"damage":6.0,"enemies":"Book of Stabbing","floor":31.0,"turns":4.0},{"damage":6.0,"enemies":"Collector","floor":33.0,"turns":5.0},{"damage":6.0,"enemies":"Orb Walker","floor":35.0,"turns":3.0},{"damage":8.0,"enemies":"3 Shapes","floor":38.0,"turns":5.0},{"damage":8.0,"enemies":"Spire Growth","floor":45.0,"turns":4.0},{"damage":8.0,"enemies":"Giant Head","floor":47.0,"turns":10.0},{"damage":7.0,"enemies":"Time Eater","floor":50.0,"turns":20.0},{"damage":42.0,"enemies":"Awakened One","floor":51.0,"turns":10.0},{"damage":16,"enemies":"Shield and Spear","floor":55,"turns":6},{"damage":41,"enemies":"The Heart","floor":56,"turns":10}],"seed_played":"-3088510462500269581","potions_obtained":[{"floor":4.0,"key":"Swift Potion"},{"floor":7.0,"key":"Block Potion"},{"floor":8.0,"key":"Poison Potion"},{"floor":29.0,"key":"Dexterity Potion"}],"is_trial":false,"path_per_floor":["M","?","?","M","M","R","M","E","T","E","M","R","E","$","R","B",null,"M","$","M","?","?","E","M","E","T","E","R","M","$","E","R","B",null,"M","?","?","M","?","R","?","?","T","?","M","T","E","$","R","B","B",null,"R","$","E","B",null],"character_chosen":"IRONCLAD","items_purchased":["Evolve","PowerPotion","Medical Kit","Juggernaut+1","Strawberry","Question Card","Swift Potion","Sundial","Energy Potion"],"campfire_rested":0,"item_purchase_floors":[14,30,48,48,48,48,48,54,54],"current_hp_per_floor":[68,68,45,42,42,42,42,34,34,28,28,28,21,21,21,9,59,59,59,59,59,59,53,47,48,48,42,42,39,39,45,45,39,66,60,72,72,64,64,64,64,64,64,64,56,56,48,55,55,48,18,72,72,72,56,27],"gold":119,"neow_bonus":"BOSS_RELIC","is_prod":false,"is_daily":false,"chose_seed":false,"campfire_upgraded":7,"win_rate":0,"timestamp":1554302327,"path_taken":["M","?","?","M","M","R","M","E","T","E","M","R","E","$","R","BOSS","M","$","M","?","?","E","M","E","T","E","R","M","$","E","R","BOSS","M","?","?","?","?","R","?","?","T","?","M","?","E","$","R","BOSS","BOSS","R","$","E","BOSS"],"build_version":"2019-01-23","purchased_purges":3,"victory":true,"max_hp_per_floor":[75,75,75,75,75,75,75,75,75,75,75,75,75,75,75,75,75,75,75,75,75,75,75,75,75,75,75,75,75,75,75,75,75,75,75,87,87,87,87,87,87,87,87,83,83,83,83,90,90,90,90,90,90,90,90,90],"card_choices":[{"not_picked":["Wild Strike","Dropkick","Heavy Blade"],"picked":"SKIP","floor":1.0},{"not_picked":["Warcry","Heavy Blade","Sword Boomerang"],"picked":"SKIP","floor":4.0},{"not_picked":["Cleave","Flex","Bloodletting"],"picked":"SKIP","floor":5.0},{"not_picked":["Flex","Clothesline"],"picked":"Carnage","floor":7.0},{"not_picked":["Rampage","Bloodletting","Intimidate"],"picked":"SKIP","floor":8.0},{"not_picked":["Bloodletting","Wild Strike"],"picked":"Uppercut","floor":10.0},{"not_picked":["Flex","Headbutt","Clothesline"],"picked":"SKIP","floor":11.0},{"not_picked":["Inflame","Burning Pact"],"picked":"Dual Wield","floor":13.0},{"not_picked":["Brutality","Dark Embrace"],"picked":"Offering","floor":16.0},{"not_picked":["Warcry","Power Through+1","Armaments"],"picked":"SKIP","floor":18.0},{"not_picked":["Twin Strike","Body Slam","Armaments"],"picked":"SKIP","floor":20.0},{"not_picked":["Twin Strike","Body Slam","Armaments"],"picked":"SKIP","floor":20.0},{"not_picked":["Body Slam","Spot Weakness+1","Wild Strike"],"picked":"SKIP","floor":23.0},{"not_picked":["Clothesline","Shrug It Off"],"picked":"Ghostly Armor+1","floor":24.0},{"not_picked":["Clothesline","Entrench","Flex"],"picked":"SKIP","floor":25.0},{"not_picked":["Clothesline","Flex"],"picked":"Entrench","floor":25.0},{"not_picked":["Blood for Blood","Reckless Charge","Corruption"],"picked":"SKIP","floor":27.0},{"not_picked":["Intimidate","Perfected Strike","Rupture"],"picked":"SKIP","floor":29.0},{"not_picked":["Headbutt+1","Brutality","Heavy Blade"],"picked":"SKIP","floor":31.0},{"not_picked":["Dark Embrace","Impervious"],"picked":"Barricade","floor":33.0},{"not_picked":["Pommel Strike","Hemokinesis","Spot Weakness+1"],"picked":"SKIP","floor":35.0},{"not_picked":["Rage","Flex","Clothesline"],"picked":"SKIP","floor":38.0},{"not_picked":["Dramatic Entrance","Purity"],"picked":"Discovery","floor":39.0},{"not_picked":["Flex","Corruption"],"picked":"True Grit","floor":45.0},{"not_picked":["Anger","Headbutt","Twin Strike+1"],"picked":"SKIP","floor":47.0},{"not_picked":["Armaments","Uppercut","Barricade+1"],"picked":"Shrug It Off","floor":55}],"player_experience":1317204,"relics_obtained":[{"floor":8.0,"key":"MawBank"},{"floor":9.0,"key":"War Paint"},{"floor":10.0,"key":"Bronze Scales"},{"floor":13.0,"key":"Gambling Chip"},{"floor":23.0,"key":"Meat on the Bone"},{"floor":25.0,"key":"Lantern"},{"floor":26.0,"key":"Blue Candle"},{"floor":27.0,"key":"Oddly Smooth Stone"},{"floor":31.0,"key":"Darkstone Periapt"},{"floor":46.0,"key":"Frozen Egg 2"},{"floor":47.0,"key":"Regal Pillow"},{"floor":55,"key":"Gremlin Horn"}],"event_choices":[{"damage_healed":0.0,"max_hp_gain":0.0,"max_hp_loss":0.0,"gold_gain":0.0,"cards_transformed":["Strike_R"],"event_name":"Living Wall","player_choice":"Change","floor":2.0,"gold_loss":0.0,"damage_taken":0.0,"cards_obtained":["Power Through"]},{"damage_healed":0.0,"max_hp_gain":0.0,"max_hp_loss":0.0,"gold_gain":0.0,"event_name":"Shining Light","player_choice":"Entered Light","floor":3.0,"gold_loss":0.0,"damage_taken":23.0,"cards_upgraded":["Defend_R","Strike_R"]},{"cards_removed":["Strike_R"],"damage_healed":0.0,"max_hp_gain":0.0,"max_hp_loss":0.0,"gold_gain":0.0,"event_name":"Back to Basics","player_choice":"Elegance","floor":21.0,"gold_loss":0.0,"damage_taken":0.0},{"cards_removed":["Bash"],"damage_healed":0.0,"max_hp_gain":0.0,"max_hp_loss":0.0,"gold_gain":0.0,"event_name":"Beggar","player_choice":"Gave Gold","floor":22.0,"gold_loss":75.0,"damage_taken":0.0},{"damage_healed":0.0,"max_hp_gain":0.0,"max_hp_loss":0.0,"gold_gain":999.0,"event_name":"MindBloom","player_choice":"Gold","floor":36.0,"gold_loss":0.0,"damage_taken":0.0,"cards_obtained":["Normality","Normality"]},{"damage_healed":0.0,"max_hp_gain":0.0,"max_hp_loss":0.0,"gold_gain":0.0,"event_name":"Lab","player_choice":"Got Potions","floor":37.0,"gold_loss":0.0,"damage_taken":0.0},{"damage_healed":0.0,"max_hp_gain":0.0,"max_hp_loss":0.0,"gold_gain":0.0,"event_name":"SensoryStone","player_choice":"Memory 1","floor":39.0,"gold_loss":0.0,"damage_taken":0.0},{"damage_healed":0.0,"max_hp_gain":0.0,"max_hp_loss":0.0,"gold_gain":0.0,"event_name":"Tomb of Lord Red Mask","player_choice":"Ignored","floor":41.0,"gold_loss":0.0,"damage_taken":0.0},{"cards_removed":["Carnage"],"damage_healed":0.0,"max_hp_gain":0.0,"max_hp_loss":0.0,"gold_gain":0.0,"event_name":"Falling","player_choice":"Removed Attack","floor":42.0,"gold_loss":0.0,"damage_taken":0.0},{"damage_healed":0.0,"max_hp_gain":0.0,"max_hp_loss":4.0,"gold_gain":0.0,"event_name":"Winding Halls","player_choice":"Max HP","floor":44.0,"gold_loss":0.0,"damage_taken":0.0}],"is_beta":false,"boss_relics":[{"not_picked":["Lizard Tail","Runic Cube"],"picked":"Astrolabe"},{"not_picked":["White Beast Statue","Eternal Feather"],"picked":"Mark of Pain"}],"items_purged_floors":[14,48,54],"is_endless":false,"potions_floor_spawned":[4,7,8,10,23,27,29,33,45],"ascension_level":20}