{"gold_per_floor":[112,112,35,49,49,49,81,111,141,156,156,169,169,180,180,280,280,292,292,292,312,325,325,339,370,425,425,20,20,20,20,20,116,116,134,34,51,51,51],"floor_reached":39,"playtime":1492,"items_purged":[],"score":560,"play_id":"22ef6569-3cdd-4dbc-892e-2cb51ad950af","local_time":"20180828111946","is_ascension_mode":true,"campfire_choices":[{"data":"Turbo","floor":6.0,"key":"SMITH"},{"data":"Barrage","floor":11.0,"key":"SMITH"},{"data":"Tempest","floor":15.0,"key":"SMITH"},{"data":"Tempest","floor":23.0,"key":"SMITH"},{"floor":27.0,"key":"REST"},{"data":"Thunder Strike","floor":30.0,"key":"SMITH"},{"data":"Glacier","floor":32.0,"key":"SMITH"}],"neow_cost":"NONE","seed_source_timestamp":0,"circlet_count":0,"master_deck":["Strike_B","Strike_B","Defend_B","Defend_B","Defend_B","Defend_B","Zap","Dualcast","Steam Power","Coolheaded+1","Turbo+1","Cold Snap","Compile Driver","Glacier+1","Self Repair","Barrage+1","BootSequence","Tempest+1","Thunder Strike+1","Tempest+1","Necronomicurse","Leap","Capacitor","Violence","Electrodynamics","Trip","Undo+1"],"special_seed":0,"relics":["Orrery","CultistMask","Bronze Scales","Bag of Marbles","Tiny Chest","Nuclear Battery","Necronomicon","Blood Vial","Nunchaku","Regal Pillow","Runic Capacitor","Empty Cage"],"potions_floor_usage":[33,39],"damage_taken":[{"damage":0.0,"enemies":"Small Slimes","floor":1.0,"turns":3.0},{"damage":1.0,"enemies":"Cultist","floor":4.0,"turns":4.0},{"damage":32.0,"enemies":"3 Sentries","floor":7.0,"turns":9.0},{"damage":0.0,"enemies":"2 Louse","floor":10.0,"turns":2.0},{"damage":1.0,"enemies":"Large Slime","floor":12.0,"turns":4.0},{"damage":0.0,"enemies":"Red Slaver","floor":14.0,"turns":3.0},{"damage":40.0,"enemies":"The Guardian","floor":16.0,"turns":12.0},{"damage":0.0,"enemies":"Shell Parasite","floor":18.0,"turns":2.0},{"damage":0.0,"enemies":"Chosen","floor":21.0,"turns":4.0},{"damage":13.0,"enemies":"Centurion and Healer","floor":22.0,"turns":5.0},{"damage":3.0,"enemies":"Snecko","floor":24.0,"turns":3.0},{"damage":21.0,"enemies":"Book of Stabbing","floor":25.0,"turns":3.0},{"damage":31.0,"enemies":"Slavers","floor":29.0,"turns":3.0},{"damage":0,"enemies":"Champ","floor":33,"turns":5},{"damage":5,"enemies":"Orb Walker","floor":35,"turns":2},{"damage":44,"enemies":"Flame Bruiser 1 Orb","floor":37,"turns":4},{"damage":38,"enemies":"4 Shapes","floor":39,"turns":3}],"seed_played":"2209394422352864331","potions_obtained":[{"floor":4.0,"key":"Weak Potion"},{"floor":10.0,"key":"SpeedPotion"},{"floor":16.0,"key":"Fire Potion"},{"floor":18.0,"key":"SmokeBomb"},{"floor":21.0,"key":"FearPotion"},{"floor":37,"key":"Weak Potion"}],"is_trial":false,"path_per_floor":["M","?","$","M","?","R","E","?","T","M","R","M","?","M","R","B",null,"M","?","T","M","M","R","M","E","T","R","$","E","R","$","R","B",null,"M","$","M","?"],"character_chosen":"DEFECT","items_purchased":["Self Repair","Runic Capacitor","Violence","Trip"],"campfire_rested":1,"item_purchase_floors":[3,28,28,36],"current_hp_per_floor":[75,75,75,75,63,63,38,38,38,45,45,51,51,51,51,18,75,75,59,59,61,57,57,63,44,44,75,75,51,51,51,51,60,75,70,70,35,35,0],"gold":51,"neow_bonus":"BOSS_RELIC","is_prod":false,"is_daily":false,"chose_seed":false,"campfire_upgraded":6,"win_rate":0,"timestamp":1535469586,"path_taken":["M","?","$","M","?","R","E","?","T","?","R","M","?","M","R","BOSS","M","?","?","M","M","R","M","E","T","R","?","E","R","$","R","BOSS","M","$","M","?","M"],"build_version":"2018-08-23v2","purchased_purges":0,"victory":false,"max_hp_per_floor":[75,75,75,75,75,75,75,75,75,75,75,75,75,75,75,75,75,75,75,75,75,75,75,75,75,75,75,75,75,75,75,75,75,75,75,75,75,75,75],"card_choices":[{"not_picked":["Go for the Eyes","FTL"],"picked":"Steam Power","floor":0.0},{"not_picked":["Skim","Reprogram"],"picked":"Coolheaded","floor":0.0},{"not_picked":["Defragment","Cold Snap"],"picked":"Turbo","floor":0.0},{"not_picked":["Steam","Fusion"],"picked":"Cold Snap","floor":0.0},{"not_picked":["Steam","Reinforced Body"],"picked":"Compile Driver","floor":0.0},{"not_picked":["Turbo","Reprogram"],"picked":"Glacier","floor":1.0},{"not_picked":["Hello World","Stack","Reprogram"],"picked":"SKIP","floor":4.0},{"not_picked":["Hyperbeam","Steam"],"picked":"Barrage","floor":7.0},{"not_picked":["Ball Lightning","Streamline","Steam Power"],"picked":"SKIP","floor":10.0},{"not_picked":["Conserve Battery","Streamline"],"picked":"BootSequence","floor":12.0},{"not_picked":["Scrape","Steam"],"picked":"Tempest","floor":14.0},{"not_picked":["Machine Learning","Biased Cognition"],"picked":"Thunder Strike","floor":16.0},{"not_picked":["Cold Snap+1","Gash"],"picked":"Tempest","floor":18.0},{"not_picked":["Cold Snap","Gash"],"picked":"Leap","floor":21.0},{"not_picked":["Cold Snap+1","Leap","Genetic Algorithm"],"picked":"SKIP","floor":22.0},{"not_picked":["Streamline","Compile Driver","Steam"],"picked":"SKIP","floor":24.0},{"not_picked":["Genetic Algorithm","Redo"],"picked":"Capacitor","floor":25.0},{"not_picked":["Reboot","Buffer"],"picked":"Electrodynamics","floor":33},{"not_picked":["Steam","Steam Power","Go for the Eyes"],"picked":"SKIP","floor":35},{"not_picked":["BootSequence","Steam Power+1"],"picked":"Undo+1","floor":37}],"player_experience":471167,"relics_obtained":[{"floor":7.0,"key":"Bag of Marbles"},{"floor":9.0,"key":"Tiny Chest"},{"floor":19.0,"key":"Necronomicon"},{"floor":20.0,"key":"Blood Vial"},{"floor":25.0,"key":"Nunchaku"},{"floor":26.0,"key":"Regal Pillow"}],"event_choices":[{"event_name":"FaceTrader","player_choice":"Trade","floor":2.0,"damage_taken":0.0},{"event_name":"Scrap Ooze","player_choice":"success","floor":5.0,"damage_taken":12.0},{"event_name":"Dead Adventurer","player_choice":"Searched \u00271\u0027 times","floor":8.0,"damage_taken":0.0},{"event_name":"Accursed Blacksmith","player_choice":"Forge","floor":13.0,"damage_taken":0.0},{"event_name":"Cursed Tome","player_choice":"Obtained Book","floor":19.0,"damage_taken":0.0},{"event_name":"Mysterious Sphere","player_choice":"Ignore","floor":38,"damage_taken":0}],"is_beta":false,"boss_relics":[{"not_picked":["White Beast Statue","Pandora\u0027s Box"],"picked":"Nuclear Battery"},{"not_picked":["Black Star","Velvet Choker"],"picked":"Empty Cage"}],"items_purged_floors":[],"is_endless":false,"potions_floor_spawned":[4,10,16,18,21,22,37],"killed_by":"4 Shapes","ascension_level":4}