{"gold_per_floor":[113,113,124,199,219,249,249,263,336,336,371,371,371,400,400,495,495,508,230,246,246,171,171,200,219,219,134,134,134,153,166,166,166],"floor_reached":33,"playtime":1572,"items_purged":[],"score":350,"play_id":"4c0e143a-05fb-4633-8846-642b2f25742b","local_time":"20190319092826","is_ascension_mode":true,"campfire_choices":[{"floor":7,"key":"REST"},{"floor":10,"key":"REST"},{"data":"Glass Knife","floor":13,"key":"SMITH"},{"floor":15,"key":"REST"},{"data":"Choke","floor":23,"key":"SMITH"},{"data":"Cloak And Dagger","floor":29,"key":"SMITH"},{"data":"Prepared","floor":32,"key":"SMITH"}],"neow_cost":"NONE","seed_source_timestamp":519979185815977,"circlet_count":0,"master_deck":["Defend_G","Defend_G","Defend_G","Defend_G+1","Defend_G","Survivor","Neutralize","Choke+1","Blade Dance","Glass Knife+1","All Out Attack","Backstab","Backflip","Cloak And Dagger+1","A Thousand Cuts+1","Blade Dance","Bandage Up","Escape Plan","Prepared+1","Flying Knee+1","Dodge and Roll","Bite","Bite","Bite","Bite","Bite","Dodge and Roll","Eviscerate+1"],"relics":["Ring of the Snake","Vajra","Torii","Dodecahedron","Regal Pillow","Gremlin Horn","Sozu","Juzu Bracelet","Pear","Sundial","Happy Flower"],"potions_floor_usage":[6,11],"damage_taken":[{"damage":0,"enemies":"Small Slimes","floor":1,"turns":3},{"damage":1,"enemies":"Jaw Worm","floor":3,"turns":5},{"damage":0,"enemies":"Cultist","floor":5,"turns":3},{"damage":23,"enemies":"Lagavulin","floor":6,"turns":7},{"damage":8,"enemies":"Large Slime","floor":8,"turns":3},{"damage":1,"enemies":"3 Sentries","floor":11,"turns":4},{"damage":20,"enemies":"Lagavulin","floor":14,"turns":5},{"damage":51,"enemies":"The Guardian","floor":16,"turns":15},{"damage":0,"enemies":"Spheric Guardian","floor":18,"turns":2},{"damage":0,"enemies":"3 Byrds","floor":20,"turns":2},{"damage":39,"enemies":"Book of Stabbing","floor":24,"turns":6},{"damage":7,"enemies":"Centurion and Healer","floor":25,"turns":4},{"damage":7,"enemies":"Snake Plant","floor":30,"turns":4},{"damage":14,"enemies":"Snecko","floor":31,"turns":3},{"damage":90,"enemies":"Automaton","floor":33,"turns":8}],"seed_played":"3809317757165099471","potions_obtained":[{"floor":5,"key":"Weak Potion"},{"floor":8,"key":"Block Potion"},{"floor":11,"key":"FairyPotion"}],"is_trial":false,"path_per_floor":["M","?","M","?","M","E","R","M","T","R","E","?","R","E","R","B",null,"M","$","M","?","?","R","E","M","T","?","?","R","M","M","R","B"],"character_chosen":"THE_SILENT","items_purchased":["Bandage Up","Juzu Bracelet","Escape Plan"],"campfire_rested":3,"item_purchase_floors":[19,19,19],"current_hp_per_floor":[70,56,55,44,44,21,42,34,34,55,54,54,54,34,70,19,70,70,70,70,70,70,70,45,42,42,42,42,42,47,43,43,0],"gold":166,"neow_bonus":"RANDOM_COMMON_RELIC","is_prod":false,"is_daily":false,"chose_seed":false,"campfire_upgraded":4,"win_rate":0,"timestamp":1553012906,"path_taken":["M","?","M","?","M","E","R","M","T","R","E","?","R","E","R","BOSS","M","$","M","?","?","R","E","M","T","?","?","R","M","M","R","BOSS"],"build_version":"2019-01-23","purchased_purges":0,"victory":false,"max_hp_per_floor":[70,70,70,70,70,70,70,70,70,70,70,70,70,70,70,70,70,70,70,70,70,70,70,80,80,80,80,56,56,56,56,56,56],"card_choices":[{"not_picked":["Deadly Poison","Backflip"],"picked":"Choke","floor":1},{"not_picked":["Poisoned Stab","Flying Knee"],"picked":"Blade Dance","floor":3},{"not_picked":["Bane","Leg Sweep"],"picked":"Glass Knife","floor":5},{"not_picked":["Escape Plan","Terror"],"picked":"All Out Attack","floor":6},{"not_picked":["Cloak And Dagger","Acrobatics"],"picked":"Backstab","floor":8},{"not_picked":["Predator","Deadly Poison"],"picked":"Backflip","floor":11},{"not_picked":["PiercingWail","Bane"],"picked":"Cloak And Dagger","floor":14},{"not_picked":["Doppelganger","Envenom"],"picked":"A Thousand Cuts","floor":16},{"not_picked":["Calculated Gamble","Bane"],"picked":"Blade Dance","floor":18},{"not_picked":["Sucker Punch","Blade Dance"],"picked":"Prepared","floor":20},{"not_picked":["Terror","PiercingWail"],"picked":"Flying Knee+1","floor":24},{"not_picked":["Leg Sweep","Prepared+1"],"picked":"Dodge and Roll","floor":25},{"not_picked":["Skewer","Masterful Stab"],"picked":"Dodge and Roll","floor":30},{"not_picked":["Crippling Poison","Masterful Stab"],"picked":"Eviscerate+1","floor":31}],"player_experience":310955,"relics_obtained":[{"floor":6,"key":"Torii"},{"floor":9,"key":"Dodecahedron"},{"floor":11,"key":"Regal Pillow"},{"floor":14,"key":"Gremlin Horn"},{"floor":24,"key":"Pear"},{"floor":26,"key":"Sundial"}],"event_choices":[{"damage_healed":0,"gold_gain":0,"player_choice":"Entered Light","damage_taken":14,"max_hp_gain":0,"max_hp_loss":0,"event_name":"Shining Light","floor":2,"gold_loss":0,"cards_upgraded":["Strike_G","Defend_G"]},{"damage_healed":0,"gold_gain":75,"player_choice":"Gather Gold","damage_taken":11,"max_hp_gain":0,"max_hp_loss":0,"event_name":"World of Goop","floor":4,"gold_loss":0},{"damage_healed":0,"gold_gain":0,"player_choice":"Ignored","damage_taken":0,"max_hp_gain":0,"max_hp_loss":0,"event_name":"Liars Game","floor":12,"gold_loss":0},{"damage_healed":0,"gold_gain":0,"player_choice":"Forge","damage_taken":0,"max_hp_gain":0,"max_hp_loss":0,"event_name":"Accursed Blacksmith","floor":21,"gold_loss":0,"cards_upgraded":["A Thousand Cuts"]},{"cards_removed":["Strike_G"],"damage_healed":0,"gold_gain":0,"player_choice":"Gave Gold","damage_taken":0,"max_hp_gain":0,"max_hp_loss":0,"event_name":"Beggar","floor":22,"gold_loss":75},{"damage_healed":0,"gold_gain":0,"player_choice":"Obtained Relic","damage_taken":0,"relics_obtained":["Happy Flower"],"max_hp_gain":0,"max_hp_loss":0,"event_name":"Addict","floor":27,"gold_loss":85},{"damage_healed":0,"gold_gain":0,"player_choice":"Became a vampire","damage_taken":0,"max_hp_gain":0,"max_hp_loss":24,"event_name":"Vampires","floor":28,"gold_loss":0,"cards_obtained":["Bite","Bite","Bite","Bite","Bite"]}],"is_beta":false,"boss_relics":[{"not_picked":["Tiny House","HoveringKite"],"picked":"Sozu"}],"items_purged_floors":[],"is_endless":false,"potions_floor_spawned":[5,8,11,20,24,25,31],"killed_by":"Automaton","ascension_level":3}