{"gold_per_floor":[117,18,36,36,53,53,71,87,87,87,106,106,135,135,135,135],"floor_reached":16,"playtime":359,"items_purged":[],"score":102,"play_id":"1900df13-0247-4c50-8f0f-ab3df1da6ef5","local_time":"20190309074552","is_ascension_mode":false,"campfire_choices":[{"data":"Spot Weakness","floor":6,"key":"SMITH"},{"floor":10,"key":"REST"},{"data":"Whirlwind","floor":12,"key":"SMITH"},{"data":"Twin Strike","floor":15,"key":"SMITH"}],"neow_cost":"NONE","seed_source_timestamp":655673931919023,"circlet_count":0,"master_deck":["Strike_R","Strike_R","Strike_R","Strike_R","Strike_R","Defend_R","Defend_R","Defend_R","Defend_R","Bash","Second Wind","Corruption+1","Flex+1","Spot Weakness+1","Twin Strike+1","Ghostly Armor","Whirlwind+1"],"relics":["Runic Cube","Mummified Hand","Pear"],"potions_floor_usage":[13],"damage_taken":[{"damage":2,"enemies":"2 Louse","floor":1,"turns":3},{"damage":1,"enemies":"Cultist","floor":3,"turns":4},{"damage":14,"enemies":"Jaw Worm","floor":5,"turns":4},{"damage":4,"enemies":"Gremlin Gang","floor":7,"turns":5},{"damage":12,"enemies":"Exordium Wildlife","floor":8,"turns":4},{"damage":2,"enemies":"2 Fungi Beasts","floor":11,"turns":3},{"damage":16,"enemies":"Lagavulin","floor":13,"turns":6},{"damage":0,"enemies":"Slime Boss","floor":16,"turns":1}],"seed_played":"4897087368797043930","potions_obtained":[{"floor":1,"key":"Strength Potion"},{"floor":3,"key":"SkillPotion"},{"floor":11,"key":"Dexterity Potion"}],"is_trial":false,"path_per_floor":["M","$","M","?","M","R","M","M","T","R","M","R","E","?","R","B"],"character_chosen":"IRONCLAD","items_purchased":["Corruption","Flex"],"campfire_rested":1,"item_purchase_floors":[2,2],"current_hp_per_floor":[78,78,77,77,63,63,59,47,47,71,69,69,63,63,63,63],"gold":135,"neow_bonus":"BOSS_RELIC","is_prod":false,"is_daily":false,"chose_seed":false,"campfire_upgraded":3,"win_rate":0,"timestamp":1552135552,"path_taken":["M","$","M","?","M","R","M","M","T","R","M","R","E","?","R","BOSS"],"build_version":"2019-01-23","purchased_purges":0,"victory":false,"max_hp_per_floor":[80,80,80,80,80,80,80,80,80,80,80,80,90,90,90,90],"card_choices":[{"not_picked":["Fire Breathing","Wild Strike"],"picked":"Second Wind","floor":1},{"not_picked":["True Grit","Wild Strike","Body Slam"],"picked":"SKIP","floor":3},{"not_picked":["Wild Strike","Battle Trance"],"picked":"Spot Weakness","floor":5},{"not_picked":["Pommel Strike","Bloodletting"],"picked":"Twin Strike","floor":7},{"not_picked":["Anger","Iron Wave"],"picked":"Ghostly Armor","floor":8},{"not_picked":["Twin Strike","Clash"],"picked":"Whirlwind","floor":11},{"not_picked":["Metallicize","Blood for Blood","Rampage"],"picked":"SKIP","floor":13}],"player_experience":858308,"relics_obtained":[{"floor":9,"key":"Mummified Hand"},{"floor":13,"key":"Pear"}],"event_choices":[{"damage_healed":0,"gold_gain":0,"player_choice":"Grow","damage_taken":0,"max_hp_gain":0,"max_hp_loss":0,"event_name":"Living Wall","floor":4,"gold_loss":0,"cards_upgraded":["Flex"]},{"damage_healed":0,"gold_gain":0,"player_choice":"Forge","damage_taken":0,"max_hp_gain":0,"max_hp_loss":0,"event_name":"Accursed Blacksmith","floor":14,"gold_loss":0,"cards_upgraded":["Corruption"]}],"is_beta":false,"boss_relics":[],"items_purged_floors":[],"is_endless":false,"potions_floor_spawned":[1,3,11],"killed_by":"Slime Boss","ascension_level":0}