{"gold_per_floor":[116,74,74,94,59,74,74,15,15,90,124,139,152,172,172,172],"floor_reached":16,"playtime":487,"items_purged":[],"score":204,"play_id":"250e1633-12e4-40c3-8965-cdd0e6664998","local_time":"20190410072957","is_ascension_mode":true,"campfire_choices":[{"data":"Masterful Stab","floor":7,"key":"SMITH"},{"floor":15,"key":"REST"}],"neow_cost":"NONE","seed_source_timestamp":395039097526474,"circlet_count":0,"master_deck":["AscendersBane","Defend_G","Defend_G","Defend_G","Defend_G","Strike_G","Strike_G","Strike_G","Survivor","Neutralize","Prepared+1","Prepared+1","PiercingWail+1","Slice","Masterful Stab+1","Regret","Slice","Underhanded Strike","Eviscerate","Deadly Poison","After Image"],"relics":["Astrolabe","Potion Belt","Snake Skull","Pear"],"potions_floor_usage":[11,11,12],"damage_taken":[{"damage":3,"enemies":"Cultist","floor":1,"turns":5},{"damage":0,"enemies":"2 Louse","floor":4,"turns":2},{"damage":5,"enemies":"Small Slimes","floor":6,"turns":3},{"damage":36,"enemies":"3 Sentries","floor":11,"turns":13},{"damage":8,"enemies":"Exordium Wildlife","floor":12,"turns":4},{"damage":6,"enemies":"3 Louse","floor":13,"turns":4},{"damage":6,"enemies":"Looter","floor":14,"turns":3},{"damage":2,"enemies":"Slime Boss","floor":16,"turns":4}],"seed_played":"-8034371145429738759","potions_obtained":[{"floor":4,"key":"Weak Potion"},{"floor":6,"key":"SteroidPotion"},{"floor":11,"key":"Swift Potion"}],"is_trial":false,"path_per_floor":["M","$","?","M","?","M","R","$","T","?","E","M","M","M","R","B"],"character_chosen":"THE_SILENT","items_purchased":["Masterful Stab","Slice"],"campfire_rested":1,"item_purchase_floors":[2,8],"current_hp_per_floor":[56,56,56,56,66,61,61,61,61,50,24,16,10,4,26,24],"gold":172,"neow_bonus":"BOSS_RELIC","is_prod":false,"is_daily":false,"chose_seed":false,"campfire_upgraded":1,"win_rate":0,"timestamp":1554895797,"path_taken":["M","?","?","M","?","?","R","$","T","?","E","M","M","M","R","BOSS"],"build_version":"2019-01-23","purchased_purges":0,"victory":false,"max_hp_per_floor":[66,66,66,66,66,66,66,66,66,66,76,76,76,76,76,76],"card_choices":[{"not_picked":["Dodge and Roll","Prepared"],"picked":"Slice","floor":1},{"not_picked":["Leg Sweep","All Out Attack","Well Laid Plans"],"picked":"SKIP","floor":4},{"not_picked":["Sucker Punch","Flying Knee","Leg Sweep"],"picked":"SKIP","floor":6},{"not_picked":["Tactician","Blade Dance"],"picked":"Underhanded Strike","floor":11},{"not_picked":["Riddle With Holes","Poisoned Stab"],"picked":"Eviscerate","floor":12},{"not_picked":["Reflex","All Out Attack"],"picked":"Deadly Poison","floor":13},{"not_picked":["Backflip","Prepared"],"picked":"After Image","floor":14}],"player_experience":889280,"relics_obtained":[{"floor":9,"key":"Snake Skull"},{"floor":11,"key":"Pear"}],"event_choices":[{"damage_healed":0,"gold_gain":0,"player_choice":"Box","damage_taken":0,"relics_obtained":["Potion Belt"],"max_hp_gain":0,"max_hp_loss":0,"event_name":"Big Fish","floor":3,"gold_loss":0,"cards_obtained":["Regret"]},{"damage_healed":16,"gold_gain":0,"player_choice":"Healed","damage_taken":0,"max_hp_gain":0,"max_hp_loss":0,"event_name":"The Cleric","floor":5,"gold_loss":35},{"damage_healed":0,"gold_gain":75,"player_choice":"Gather Gold","damage_taken":11,"max_hp_gain":0,"max_hp_loss":0,"event_name":"World of Goop","floor":10,"gold_loss":0}],"is_beta":false,"boss_relics":[],"items_purged_floors":[],"is_endless":false,"potions_floor_spawned":[4,6,11],"killed_by":"Slime Boss","ascension_level":20}