{"gold_per_floor":[114,133,58,133,133,133,133,144,216,216,45,62,82,182,182,279,279,291,305,180,0,16,16,16,16],"floor_reached":25,"playtime":699,"items_purged":["Defend_R","Strike_R","Strike_R"],"score":191,"play_id":"e0c50faf-7915-49d6-b63e-461679507105","local_time":"20180731145547","is_ascension_mode":false,"campfire_choices":[{"data":"Armaments","floor":7,"key":"SMITH"},{"data":"Sword Boomerang","floor":10,"key":"SMITH"},{"data":"Rupture","floor":15,"key":"SMITH"},{"floor":23,"key":"REST"}],"neow_cost":"NONE","seed_source_timestamp":70635812642871,"circlet_count":0,"master_deck":["Strike_R","Strike_R","Strike_R","Defend_R","Defend_R","Defend_R","Bash","Sword Boomerang+1","Armaments+1","Shrug It Off","Thunderclap","Rupture+1","Shrug It Off","Spot Weakness","Hemokinesis","Bloodletting","Feed","Battle Trance"],"relics":["Orrery"],"potions_floor_usage":[16,16,16,16,22,25],"damage_taken":[{"damage":0,"enemies":"2 Louse","floor":1,"turns":3},{"damage":8,"enemies":"Jaw Worm","floor":2,"turns":3},{"damage":0,"enemies":"Small Slimes","floor":8,"turns":3},{"damage":10,"enemies":"2 Fungi Beasts","floor":12,"turns":3},{"damage":6,"enemies":"Large Slime","floor":13,"turns":3},{"damage":25,"enemies":"Slime Boss","floor":16,"turns":7},{"damage":28,"enemies":"Spheric Guardian","floor":18,"turns":4},{"damage":16,"enemies":"3 Byrds","floor":19,"turns":4},{"damage":37,"enemies":"Snake Plant","floor":22,"turns":4},{"damage":30,"enemies":"3 Cultists","floor":25,"turns":4}],"seed_played":"-6789445334395643228","potions_obtained":[{"floor":2,"key":"Swift Potion"},{"floor":12,"key":"EntropicBrew"},{"floor":16,"key":"SteroidPotion"}],"is_trial":false,"path_per_floor":["M","M","$","?","?","?","R","M","T","R","$","M","M","?","R","B",null,"M","M","$","?","M","R","?"],"character_chosen":"IRONCLAD","items_purchased":["Hemokinesis"],"campfire_rested":1,"item_purchase_floors":[11],"current_hp_per_floor":[80,72,72,61,61,61,61,61,61,61,61,51,45,45,45,20,80,52,39,39,39,2,26,26,0],"gold":16,"neow_bonus":"BOSS_RELIC","is_prod":false,"is_daily":false,"chose_seed":false,"campfire_upgraded":3,"win_rate":0,"timestamp":1533020147,"path_taken":["M","M","$","?","?","?","R","M","T","R","$","M","M","?","R","BOSS","M","M","$","?","?","R","?","M"],"build_version":"2018-07-26","purchased_purges":3,"victory":false,"max_hp_per_floor":[80,80,80,80,80,80,80,80,80,80,80,80,80,80,80,80,80,80,83,83,83,83,83,83,86],"card_choices":[{"not_picked":["Shrug It Off","True Grit"],"picked":"Sword Boomerang","floor":0},{"not_picked":["Twin Strike","Dropkick"],"picked":"Armaments","floor":0},{"not_picked":["Headbutt","Evolve"],"picked":"Shrug It Off","floor":0},{"not_picked":["Heavy Blade","Flame Barrier"],"picked":"Thunderclap","floor":0},{"not_picked":["Sentinel","Cleave"],"picked":"Rupture","floor":0},{"not_picked":["True Grit","Dual Wield","Disarm"],"picked":"SKIP","floor":1},{"not_picked":["Havoc","Metallicize"],"picked":"Shrug It Off","floor":2},{"not_picked":["Feel No Pain","Wild Strike"],"picked":"Spot Weakness","floor":8},{"not_picked":["Pommel Strike","Sever Soul"],"picked":"Bloodletting","floor":12},{"not_picked":["Headbutt","Body Slam","Rampage"],"picked":"SKIP","floor":13},{"not_picked":["Juggernaut","Barricade"],"picked":"Feed","floor":16},{"not_picked":["Hemokinesis","Sentinel+1"],"picked":"Battle Trance","floor":18},{"not_picked":["Sentinel","True Grit","Burning Pact+1"],"picked":"SKIP","floor":19},{"not_picked":["Headbutt","Iron Wave","Clothesline"],"picked":"SKIP","floor":22}],"player_experience":327668,"relics_obtained":[],"event_choices":[{"event_name":"World of Goop","player_choice":"Gather Gold","floor":4,"damage_taken":0},{"event_name":"Golden Idol","player_choice":"Ignored","floor":5,"damage_taken":0},{"event_name":"Scrap Ooze","player_choice":"unsuccessful","floor":6,"damage_taken":0},{"event_name":"Wheel of Change","player_choice":"Gold","floor":14,"damage_taken":0},{"event_name":"Masked Bandits","player_choice":"Paid Bandits 180 gold","floor":21,"damage_taken":0},{"event_name":"Beggar","player_choice":"Ignored","floor":24,"damage_taken":0}],"is_beta":false,"boss_relics":[{"not_picked":["Lizard Tail","White Beast Statue","Busted Crown"]}],"items_purged_floors":[3,11,20],"is_endless":false,"potions_floor_spawned":[2,12,16],"killed_by":"3 Cultists","ascension_level":0}