{"gold_per_floor":[119,139,154,172,185,185,216,227,253,265,340,174,192,217,217,314,314,334,349,368,65,81,81,112,112,190,190,200,30,41,41,41,136,136,154,168,118,118,133,133,143,143,143,162,162,172,200,217,217,217],"floor_reached":51,"playtime":6810,"items_purged":[],"score":742,"play_id":"bf4438b9-06cd-404a-9f0c-5a4d9b49efaa","local_time":"20190415223014","is_ascension_mode":false,"campfire_choices":[{"data":"Feed","floor":6.0,"key":"SMITH"},{"data":"Searing Blow","floor":15,"key":"SMITH"},{"floor":23,"key":"REST"},{"data":"Searing Blow+1","floor":25,"key":"SMITH"},{"data":"Searing Blow+2","floor":27,"key":"SMITH"},{"data":"Reaper","floor":32,"key":"SMITH"},{"data":"Cleave","floor":40,"key":"SMITH"},{"data":"Seeing Red","floor":42,"key":"SMITH"},{"data":"Metallicize","floor":45,"key":"SMITH"},{"floor":49,"key":"REST"}],"neow_cost":"NONE","seed_source_timestamp":0,"circlet_count":0,"master_deck":["Strike_R","Strike_R","Strike_R","Strike_R","Strike_R","Defend_R","Defend_R","Defend_R","Defend_R","Bash","Perfected Strike","Anger","Feed+1","Shrug It Off","Headbutt","Inflame","Searing Blow+3","Clothesline","Wild Strike","Intimidate","Offering","Reaper+1","Spot Weakness+1","Dropkick","Shrug It Off","Ghostly Armor","Rampage","Brutality","Second Wind","Rupture","Cleave+1","Impervious","Armaments+1","Infernal Blade","Seeing Red+1","Thunderclap+1","Metallicize+1","Shockwave","Shrug It Off","Pommel Strike","Reckless Charge+1"],"special_seed":0,"relics":["Burning Blood","NeowsBlessing","Bottled Flame","Anchor","Bag of Preparation","Paper Frog","Velvet Choker","Membership Card","Dream Catcher","Bronze Scales","Mummified Hand","Ancient Tea Set","Lizard Tail","Kunai","Blood Vial"],"potions_floor_usage":[10,14,24,28,33,41,46,47,47],"damage_taken":[{"damage":0.0,"enemies":"2 Louse","floor":1.0,"turns":1.0},{"damage":0.0,"enemies":"Jaw Worm","floor":2.0,"turns":1.0},{"damage":0.0,"enemies":"Cultist","floor":3.0,"turns":1.0},{"damage":10.0,"enemies":"Looter","floor":4.0,"turns":3.0},{"damage":10.0,"enemies":"Exordium Wildlife","floor":5.0,"turns":3.0},{"damage":22.0,"enemies":"3 Sentries","floor":7.0,"turns":7.0},{"damage":0,"enemies":"3 Louse","floor":8,"turns":3},{"damage":0,"enemies":"Looter","floor":10,"turns":2},{"damage":3,"enemies":"2 Fungi Beasts","floor":13,"turns":3},{"damage":23,"enemies":"Lagavulin","floor":14,"turns":5},{"damage":28,"enemies":"Slime Boss","floor":16,"turns":11},{"damage":11,"enemies":"Spheric Guardian","floor":18,"turns":3},{"damage":18,"enemies":"Shell Parasite","floor":19,"turns":4},{"damage":27,"enemies":"Snake Plant","floor":20,"turns":4},{"damage":10,"enemies":"Snecko","floor":22,"turns":4},{"damage":37,"enemies":"Book of Stabbing","floor":24,"turns":5},{"damage":23,"enemies":"Sentry and Sphere","floor":28,"turns":5},{"damage":3,"enemies":"Cultist and Chosen","floor":30,"turns":4},{"damage":95,"enemies":"Collector","floor":33,"turns":8},{"damage":38,"enemies":"3 Darklings","floor":35,"turns":5},{"damage":13,"enemies":"3 Shapes","floor":36,"turns":2},{"damage":44,"enemies":"Sphere and 2 Shapes","floor":39,"turns":5},{"damage":44,"enemies":"Writhing Mass","floor":41,"turns":5},{"damage":18,"enemies":"Spire Growth","floor":44,"turns":5},{"damage":36,"enemies":"4 Shapes","floor":46,"turns":6},{"damage":34,"enemies":"Reptomancer","floor":47,"turns":5},{"damage":28,"enemies":"Sphere and 2 Shapes","floor":48,"turns":6},{"damage":157,"enemies":"Time Eater","floor":50,"turns":13}],"seed_played":"1242844746616930290","potions_obtained":[{"floor":4.0,"key":"LiquidBronze"},{"floor":5.0,"key":"SneckoOil"},{"floor":8,"key":"Fruit Juice"},{"floor":10,"key":"FearPotion"},{"floor":24,"key":"LiquidBronze"},{"floor":28,"key":"FearPotion"},{"floor":36,"key":"Weak Potion"},{"floor":44,"key":"Dexterity Potion"}],"is_trial":false,"path_per_floor":["M","M","M","M","M","R","E","M","T","M","?","$","M","E","R","B",null,"M","M","M","$","M","R","E","R","T","R","M","$","M","?","R","B",null,"M","M","$","?","M","R","M","R","T","M","R","M","E","M","R","B",null],"character_chosen":"IRONCLAD","items_purchased":["Wild Strike","Bag of Preparation","Membership Card","Dream Catcher","Energy Potion","Second Wind","Ancient Tea Set","Flash of Steel","Rupture","Swift Potion","Block Potion"],"campfire_rested":2,"item_purchase_floors":[12,12,21,21,21,29,29,29,29,37,37],"current_hp_per_floor":[80,80,80,79,78,78,66,76,76,91,80,80,87,70,70,52,111,106,94,73,73,73,107,90,90,90,90,77,77,84,84,84,21,123,112,123,123,123,115,115,85,85,85,85,85,79,70,65,104,32],"gold":217,"neow_bonus":"THREE_ENEMY_KILL","is_prod":false,"is_daily":false,"chose_seed":false,"campfire_upgraded":8,"win_rate":0.0,"timestamp":1555360214,"path_taken":["M","M","M","M","M","R","E","M","T","M","?","?","M","E","R","BOSS","M","M","M","$","M","R","E","R","T","R","M","$","M","?","R","BOSS","M","M","$","?","M","R","M","R","T","M","R","M","E","M","R","BOSS"],"build_version":"2019-01-23","purchased_purges":0,"victory":true,"max_hp_per_floor":[80,80,80,83,86,86,90,94,94,103,103,103,107,107,107,111,111,111,111,111,111,115,115,115,115,115,115,119,119,123,123,123,123,123,123,123,123,123,123,123,123,123,123,123,123,127,127,131,131,131],"card_choices":[{"not_picked":["Sword Boomerang","Armaments"],"picked":"Perfected Strike","floor":1.0},{"not_picked":["Iron Wave","Sever Soul"],"picked":"Anger","floor":2.0},{"not_picked":["Heavy Blade","Second Wind"],"picked":"Feed","floor":3.0},{"not_picked":["Thunderclap","Clash"],"picked":"Shrug It Off","floor":4.0},{"not_picked":["Iron Wave","Heavy Blade"],"picked":"Headbutt","floor":5.0},{"not_picked":["Perfected Strike","Heavy Blade"],"picked":"Inflame","floor":7.0},{"not_picked":["Headbutt","Metallicize"],"picked":"Searing Blow","floor":8},{"not_picked":["True Grit","Headbutt"],"picked":"Clothesline","floor":10},{"not_picked":["Sword Boomerang","Warcry"],"picked":"Intimidate","floor":13},{"not_picked":["Rupture","Battle Trance"],"picked":"Offering","floor":14},{"not_picked":["Immolate","Exhume"],"picked":"Reaper","floor":16},{"not_picked":["Pommel Strike","Shrug It Off"],"picked":"Spot Weakness+1","floor":18},{"not_picked":["Dual Wield","Sword Boomerang"],"picked":"Dropkick","floor":19},{"not_picked":["Havoc","Warcry"],"picked":"Shrug It Off","floor":20},{"not_picked":["Armaments","Spot Weakness"],"picked":"Ghostly Armor","floor":22},{"not_picked":["Dropkick+1","Metallicize"],"picked":"Rampage","floor":23},{"not_picked":["Warcry","Entrench"],"picked":"Brutality","floor":24},{"not_picked":["Havoc","True Grit","Warcry"],"picked":"SKIP","floor":28},{"not_picked":["Burning Pact","Anger+1"],"picked":"Cleave","floor":30},{"not_picked":["Offering","Reaper"],"picked":"Impervious","floor":33},{"not_picked":["Rampage","Sever Soul+1"],"picked":"Armaments+1","floor":35},{"not_picked":["Corruption","Sword Boomerang+1"],"picked":"Infernal Blade","floor":36},{"not_picked":["Dropkick+1","Sword Boomerang+1"],"picked":"Seeing Red","floor":39},{"not_picked":["Blood for Blood","Headbutt"],"picked":"Thunderclap+1","floor":41},{"not_picked":["Clash","Armaments"],"picked":"Metallicize","floor":44},{"not_picked":["Carnage","Bloodletting"],"picked":"Shockwave","floor":46},{"not_picked":["Twin Strike","Burning Pact"],"picked":"Shrug It Off","floor":47},{"not_picked":["Armaments","Barricade"],"picked":"Pommel Strike","floor":48},{"not_picked":["Warcry","Body Slam"],"picked":"Reckless Charge+1","floor":49}],"player_experience":58037,"relics_obtained":[{"floor":7.0,"key":"Bottled Flame"},{"floor":9,"key":"Anchor"},{"floor":14,"key":"Paper Frog"},{"floor":24,"key":"Bronze Scales"},{"floor":26,"key":"Mummified Hand"},{"floor":43,"key":"Kunai"},{"floor":47,"key":"Blood Vial"}],"event_choices":[{"damage_healed":0,"gold_gain":75,"player_choice":"Gather Gold","damage_taken":11,"max_hp_gain":0,"max_hp_loss":0,"event_name":"World of Goop","floor":11,"gold_loss":0},{"damage_healed":0,"gold_gain":0,"player_choice":"Ignored","damage_taken":0,"max_hp_gain":0,"max_hp_loss":0,"event_name":"Beggar","floor":31,"gold_loss":0},{"cards_removed":["Flash of Steel"],"damage_healed":0,"gold_gain":0,"player_choice":"Offered Uncommon","damage_taken":0,"max_hp_gain":0,"max_hp_loss":0,"event_name":"Bonfire Elementals","floor":38,"gold_loss":0}],"is_beta":false,"boss_relics":[{"not_picked":["Calling Bell","Coffee Dripper"],"picked":"Velvet Choker"},{"not_picked":["Eternal Feather","Mark of Pain"],"picked":"Lizard Tail"}],"items_purged_floors":[],"is_endless":false,"potions_floor_spawned":[4,5,8,10,24,28,36,44],"ascension_level":0}