{"gold_per_floor":[118,118,118,135,115,148,148,174,198,31,31,47,47,74,74,151,151,163,163,213,213,313,345,345,376,376,391,403,434,41,70,70,142,142,161,161,161,89,89,89,100,100,100,100,100,100,12,39,39,39,39,39,39,5,36,36],"floor_reached":57,"playtime":2322,"items_purged":["Strike_B","Barrage+1"],"score":2882,"play_id":"e465ca7a-28e7-4617-a580-042ab0a8c92c","local_time":"20190505160022","is_ascension_mode":true,"campfire_choices":[{"data":"Zap","floor":7.0,"key":"SMITH"},{"data":"Darkness","floor":11.0,"key":"SMITH"},{"data":"Dualcast","floor":13.0,"key":"SMITH"},{"data":"Defragment","floor":15.0,"key":"SMITH"},{"floor":24.0,"key":"REST"},{"data":"Turbo","floor":32.0,"key":"SMITH"},{"data":"Fusion","floor":40.0,"key":"SMITH"},{"data":"Recycle","floor":42.0,"key":"SMITH"},{"data":"Coolheaded","floor":44.0,"key":"SMITH"},{"data":"Double Energy","floor":46.0,"key":"SMITH"},{"floor":49.0,"key":"RECALL"},{"data":"Hologram","floor":53,"key":"SMITH"}],"neow_cost":"NONE","seed_source_timestamp":922750363689345,"circlet_count":0,"master_deck":["AscendersBane","Defend_B","Defend_B","Zap+1","Dualcast+1","Self Repair","Electrodynamics","Go for the Eyes","Hologram","Double Energy+1","Defragment+1","Darkness+1","Redo","Cold Snap","Multi-Cast","Steam Power+1","Lockon+1","Defragment+1","Turbo+1","Glacier","Echo Form","Compile Driver","Cold Snap","Echo Form","Fusion+1","Capacitor","Ball Lightning","Meteor Strike","Conserve Battery","Hologram+1","Recycle+1","Reboot","Echo Form","Turbo","Secret Technique","Finesse","Coolheaded+1","Heatsinks+1","Skim+1","Loop+1"],"special_seed":0,"relics":["Cracked Core","NeowsBlessing","DataDisk","Bag of Marbles","Vajra","Astrolabe","Mercury Hourglass","Incense Burner","Blue Candle","The Courier","Happy Flower","Shovel","Mango","Membership Card","Pantograph","Empty Cage","Bag of Preparation","Medical Kit","Bird Faced Urn","Bronze Scales"],"potions_floor_usage":[56,56],"damage_taken":[{"damage":0.0,"enemies":"2 Louse","floor":1.0,"turns":1.0},{"damage":0.0,"enemies":"Cultist","floor":4.0,"turns":1.0},{"damage":0.0,"enemies":"3 Sentries","floor":6.0,"turns":1.0},{"damage":12.0,"enemies":"Lagavulin","floor":8.0,"turns":7.0},{"damage":4.0,"enemies":"Jaw Worm","floor":12.0,"turns":2.0},{"damage":17.0,"enemies":"3 Sentries","floor":14.0,"turns":4.0},{"damage":19.0,"enemies":"Hexaghost","floor":16.0,"turns":7.0},{"damage":1.0,"enemies":"Chosen","floor":18.0,"turns":3.0},{"damage":15.0,"enemies":"Colosseum Slavers","floor":22.0,"turns":3.0},{"damage":38.0,"enemies":"Colosseum Nobs","floor":22.0,"turns":3.0},{"damage":21.0,"enemies":"Slavers","floor":23.0,"turns":3.0},{"damage":0.0,"enemies":"Book of Stabbing","floor":25.0,"turns":5.0},{"damage":6.0,"enemies":"Spheric Guardian","floor":27.0,"turns":5.0},{"damage":11.0,"enemies":"Shelled Parasite and Fungi","floor":28.0,"turns":4.0},{"damage":6.0,"enemies":"Gremlin Leader","floor":29.0,"turns":5.0},{"damage":16.0,"enemies":"Book of Stabbing","floor":31.0,"turns":4.0},{"damage":36.0,"enemies":"Champ","floor":33.0,"turns":9.0},{"damage":13.0,"enemies":"3 Shapes","floor":35.0,"turns":3.0},{"damage":37.0,"enemies":"3 Darklings","floor":41.0,"turns":6.0},{"damage":7.0,"enemies":"Giant Head","floor":48.0,"turns":6.0},{"damage":48,"enemies":"Time Eater","floor":50,"turns":5},{"damage":4,"enemies":"Awakened One","floor":51,"turns":8},{"damage":7,"enemies":"Shield and Spear","floor":55,"turns":4},{"damage":92,"enemies":"The Heart","floor":56,"turns":11}],"seed_played":"-7682073957832036842","potions_obtained":[{"floor":4.0,"key":"Explosive Potion"},{"floor":5.0,"key":"Fruit Juice"},{"floor":6.0,"key":"Swift Potion"},{"floor":23.0,"key":"AttackPotion"},{"floor":25.0,"key":"Block Potion"},{"floor":29.0,"key":"Swift Potion"},{"floor":33.0,"key":"Dexterity Potion"},{"floor":35.0,"key":"SmokeBomb"}],"is_trial":false,"path_per_floor":["M","?","?","M","?","E","R","E","T","$","R","M","R","E","R","B",null,"M","?","?","T","?","E","R","E","T","M","M","E","$","E","R","B",null,"M","?","?","$","?","R","M","R","T","R","?","R","$","E","R","B","B",null,"R","$","E","B",null],"character_chosen":"DEFECT","items_purchased":["Darkness","Redo","Membership Card","Fusion","Capacitor","Ball Lightning","Ball Lightning","Meteor Strike","Conserve Battery","Hologram","Recycle","Coolheaded","Medical Kit","FocusPotion"],"campfire_rested":1,"item_purchase_floors":[10,10,30,30,30,30,30,30,30,30,30,38,47,54],"current_hp_per_floor":[64,64,64,64,69,69,69,64,64,64,64,60,60,50,50,38,67,73,73,73,73,27,13,35,42,42,50,46,54,54,45,45,41,78,72,62,62,62,62,62,39,39,39,39,39,39,39,32,32,36,85,85,85,85,85,24],"gold":36,"neow_bonus":"THREE_ENEMY_KILL","is_prod":false,"is_daily":false,"chose_seed":false,"campfire_upgraded":10,"win_rate":0,"timestamp":1557043222,"path_taken":["M","?","?","?","?","E","R","E","T","$","R","?","R","E","R","BOSS","M","?","?","?","?","E","R","E","T","?","M","E","?","E","R","BOSS","M","?","?","$","?","R","M","R","T","R","?","R","$","E","R","BOSS","BOSS","R","$","E","BOSS"],"build_version":"2019-01-23","purchased_purges":2,"victory":true,"max_hp_per_floor":[71,71,71,71,76,76,76,76,76,76,76,76,76,76,76,76,76,76,76,76,76,76,76,76,76,76,76,76,90,90,90,90,90,90,90,90,90,90,85,85,85,85,85,85,85,85,85,85,85,85,85,85,85,85,85,85],"card_choices":[{"not_picked":["Leap","Doom and Gloom"],"picked":"Self Repair","floor":1.0},{"not_picked":["Redo","Steam"],"picked":"Hologram","floor":4.0},{"not_picked":["Barrage","Compile Driver"],"picked":"Double Energy","floor":6.0},{"not_picked":["Undo","Self Repair"],"picked":"Defragment","floor":8.0},{"not_picked":["Gash","Leap"],"picked":"Cold Snap","floor":12.0},{"not_picked":["Rebound","Consume","Stack"],"picked":"SKIP","floor":14.0},{"not_picked":["Meteor Strike","Reboot"],"picked":"Multi-Cast","floor":16.0},{"not_picked":["Reprogram","Self Repair"],"picked":"Defragment+1","floor":18.0},{"not_picked":["Gash","Compile Driver"],"picked":"Turbo","floor":22.0},{"not_picked":["White Noise+1","Ball Lightning"],"picked":"Glacier","floor":23.0},{"not_picked":["Barrage","Force Field"],"picked":"Echo Form","floor":25.0},{"not_picked":["Beam Cell","Go for the Eyes"],"picked":"Compile Driver","floor":27.0},{"not_picked":["Rebound","Self Repair"],"picked":"Cold Snap","floor":28.0},{"not_picked":["Redo","Stack"],"picked":"Echo Form","floor":29.0},{"not_picked":["Darkness","Lockon"],"picked":"Reboot","floor":31.0},{"not_picked":["Buffer","Creative AI"],"picked":"Echo Form","floor":33.0},{"not_picked":["Genetic Algorithm+1","Self Repair"],"picked":"Turbo","floor":35.0},{"not_picked":["Secret Weapon","Good Instincts"],"picked":"Secret Technique","floor":36.0},{"not_picked":["Flash of Steel","Transmutation"],"picked":"Finesse","floor":36.0},{"not_picked":["Streamline+1","Conserve Battery"],"picked":"Heatsinks+1","floor":41.0},{"not_picked":["Beam Cell","Buffer"],"picked":"Skim+1","floor":48.0},{"not_picked":["Beam Cell","Coolheaded"],"picked":"Loop+1","floor":55}],"player_experience":1552461,"relics_obtained":[{"floor":6.0,"key":"DataDisk"},{"floor":8.0,"key":"Bag of Marbles"},{"floor":14.0,"key":"Vajra"},{"floor":21.0,"key":"Mercury Hourglass"},{"floor":22.0,"key":"Incense Burner"},{"floor":22.0,"key":"Blue Candle"},{"floor":23.0,"key":"The Courier"},{"floor":25.0,"key":"Happy Flower"},{"floor":26.0,"key":"Shovel"},{"floor":29.0,"key":"Mango"},{"floor":31.0,"key":"Pantograph"},{"floor":43.0,"key":"Bag of Preparation"},{"floor":48.0,"key":"Bird Faced Urn"},{"floor":55,"key":"Bronze Scales"}],"event_choices":[{"damage_healed":0.0,"max_hp_gain":0.0,"max_hp_loss":0.0,"gold_gain":0.0,"event_name":"Liars Game","player_choice":"Ignored","floor":2.0,"gold_loss":0.0,"damage_taken":0.0},{"damage_healed":0.0,"max_hp_gain":0.0,"max_hp_loss":0.0,"gold_gain":0.0,"event_name":"Match and Keep!","player_choice":"2 cards matched","floor":3.0,"gold_loss":0.0,"damage_taken":0.0,"cards_obtained":["Electrodynamics","Go for the Eyes"]},{"damage_healed":0.0,"max_hp_gain":0.0,"max_hp_loss":0.0,"gold_gain":0.0,"event_name":"The Woman in Blue","player_choice":"Bought 1 Potion","floor":5.0,"gold_loss":0.0,"damage_taken":0.0},{"damage_healed":0.0,"max_hp_gain":0.0,"max_hp_loss":0.0,"gold_gain":0.0,"event_name":"Ghosts","player_choice":"Ignored","floor":19.0,"gold_loss":0.0,"damage_taken":0.0},{"damage_healed":0.0,"max_hp_gain":0.0,"max_hp_loss":0.0,"gold_gain":50.0,"event_name":"Nest","player_choice":"Stole From Cult","floor":20.0,"gold_loss":0.0,"damage_taken":0.0},{"damage_healed":0.0,"max_hp_gain":0.0,"max_hp_loss":0.0,"gold_gain":0.0,"event_name":"Colosseum","player_choice":"Fight","floor":22.0,"gold_loss":0.0,"damage_taken":0.0},{"damage_healed":0.0,"max_hp_gain":0.0,"max_hp_loss":0.0,"gold_gain":0.0,"event_name":"Colosseum","player_choice":"Fought Nobs","floor":22.0,"gold_loss":0.0,"damage_taken":0.0},{"damage_healed":0.0,"max_hp_gain":0.0,"max_hp_loss":0.0,"gold_gain":0.0,"event_name":"SensoryStone","player_choice":"Memory 3","floor":36.0,"gold_loss":0.0,"damage_taken":10.0},{"cards_removed":["Defend_B"],"damage_healed":0.0,"max_hp_gain":0.0,"max_hp_loss":0.0,"gold_gain":0.0,"event_name":"Falling","player_choice":"Removed Skill","floor":37.0,"gold_loss":0.0,"damage_taken":0.0},{"damage_healed":0.0,"max_hp_gain":0.0,"max_hp_loss":5.0,"gold_gain":0.0,"event_name":"Winding Halls","player_choice":"Max HP","floor":39.0,"gold_loss":0.0,"damage_taken":0.0},{"damage_healed":0.0,"max_hp_gain":0.0,"max_hp_loss":0.0,"gold_gain":0.0,"event_name":"Tomb of Lord Red Mask","player_choice":"Ignored","floor":45.0,"gold_loss":0.0,"damage_taken":0.0}],"is_beta":false,"boss_relics":[{"not_picked":["Inserter","Runic Dome"],"picked":"Astrolabe"},{"not_picked":["FrozenCore","Tiny House"],"picked":"Empty Cage"}],"items_purged_floors":[10,38],"is_endless":false,"potions_floor_spawned":[4,6,12,23,25,29,33,35],"ascension_level":20}