{"gold_per_floor":[115,134,134,151,166,166,181,209,209,209,220,252,33,52,52,155,155,172,183,202,0,19,19,53,73,73,73,108,127,144,144,144,244,244,259,259,259,275,293,293,307,307,307,326,326,326,326],"floor_reached":47,"playtime":3057,"items_purged":["Strike_R"],"score":652,"play_id":"e3c42c5c-4e87-456c-b5c1-09d762bd6f80","local_time":"20190407015419","is_ascension_mode":true,"campfire_choices":[{"data":"Juggernaut","floor":6.0,"key":"SMITH"},{"data":"Body Slam","floor":15.0,"key":"SMITH"},{"data":"Barricade","floor":23.0,"key":"SMITH"},{"floor":32.0,"key":"REST"},{"data":"Entrench","floor":40.0,"key":"SMITH"},{"data":"Armaments","floor":42,"key":"SMITH"}],"neow_cost":"NONE","seed_source_timestamp":1942944809129500,"circlet_count":0,"master_deck":["Strike_R","Strike_R","Strike_R","Defend_R+1","Defend_R","Defend_R+1","Defend_R","Bash","Juggernaut+1","Shrug It Off","Iron Wave","Body Slam+1","Twin Strike","Body Slam","Feel No Pain","Immolate","Clothesline","Barricade+1","Shrug It Off","Power Through","Entrench+1","Armaments+1","Metallicize","Shockwave+1","Impervious","The Bomb","Disarm","Body Slam+1","Warcry+1","Pommel Strike+1","Madness","Madness","Reaper"],"special_seed":0,"relics":["Burning Blood","Pear","Bottled Flame","Red Skull","Bronze Scales","Sozu","Letter Opener","Gremlin Horn","Sundial","Eternal Feather","Boot"],"potions_floor_usage":[],"damage_taken":[{"damage":4.0,"enemies":"Small Slimes","floor":1.0,"turns":4.0},{"damage":3.0,"enemies":"2 Louse","floor":2.0,"turns":3.0},{"damage":2.0,"enemies":"Jaw Worm","floor":4.0,"turns":4.0},{"damage":10.0,"enemies":"Exordium Wildlife","floor":5.0,"turns":5.0},{"damage":5.0,"enemies":"Large Slime","floor":7.0,"turns":5.0},{"damage":19.0,"enemies":"Gremlin Nob","floor":8.0,"turns":4.0},{"damage":8.0,"enemies":"Blue Slaver","floor":11.0,"turns":4.0},{"damage":2.0,"enemies":"3 Sentries","floor":12.0,"turns":6.0},{"damage":0.0,"enemies":"Exordium Thugs","floor":14.0,"turns":4.0},{"damage":35.0,"enemies":"Slime Boss","floor":16.0,"turns":9.0},{"damage":22.0,"enemies":"Spheric Guardian","floor":18.0,"turns":4.0},{"damage":1.0,"enemies":"Chosen","floor":19.0,"turns":4.0},{"damage":21.0,"enemies":"3 Cultists","floor":20.0,"turns":4.0},{"damage":19.0,"enemies":"Snake Plant","floor":22.0,"turns":3.0},{"damage":2.0,"enemies":"Gremlin Leader","floor":24.0,"turns":8.0},{"damage":0.0,"enemies":"Snecko","floor":25.0,"turns":3.0},{"damage":41.0,"enemies":"Slavers","floor":28.0,"turns":5.0},{"damage":6.0,"enemies":"Cultist and Chosen","floor":29.0,"turns":5.0},{"damage":1.0,"enemies":"Chosen and Byrds","floor":30.0,"turns":3.0},{"damage":47.0,"enemies":"Automaton","floor":33.0,"turns":9.0},{"damage":14.0,"enemies":"3 Darklings","floor":35.0,"turns":5.0},{"damage":11.0,"enemies":"Orb Walker","floor":38.0,"turns":5.0},{"damage":45.0,"enemies":"Writhing Mass","floor":39.0,"turns":6.0},{"damage":5,"enemies":"Spire Growth","floor":41,"turns":5},{"damage":10,"enemies":"Jaw Worm Horde","floor":44,"turns":5},{"damage":33,"enemies":"Writhing Mass","floor":47,"turns":3}],"seed_played":"8558493845296256190","potions_obtained":[{"floor":1.0,"key":"LiquidBronze"},{"floor":4.0,"key":"Block Potion"},{"floor":5.0,"key":"Regen Potion"},{"floor":12.0,"key":"Poison Potion"},{"floor":16.0,"key":"SteroidPotion"}],"is_trial":false,"path_per_floor":["M","M","?","M","M","R","M","E","T","?","M","E","$","M","R","B",null,"M","M","M","?","M","R","E","M","T","?","E","M","M","$","R","B",null,"M","?","?","M","M","R","M","R","T","M","?","?","M"],"character_chosen":"IRONCLAD","items_purchased":["Bronze Scales"],"campfire_rested":1,"item_purchase_floors":[13],"current_hp_per_floor":[74,77,61,65,61,61,62,71,71,71,69,73,73,79,79,50,80,64,69,54,54,41,41,45,51,51,51,16,16,21,21,48,7,69,61,61,61,56,17,32,33,48,48,44,33,33,0],"gold":326,"neow_bonus":"ONE_RANDOM_RARE_CARD","is_prod":false,"is_daily":false,"chose_seed":false,"campfire_upgraded":5,"win_rate":0,"timestamp":1554616459,"path_taken":["M","M","?","M","M","R","M","E","T","?","M","E","?","?","R","BOSS","M","M","M","?","M","R","E","M","T","?","E","M","M","$","R","BOSS","M","?","?","M","M","R","M","R","T","M","?","?","M"],"build_version":"2019-01-23","purchased_purges":1,"victory":false,"max_hp_per_floor":[80,80,80,80,80,80,80,90,90,90,90,90,90,90,90,90,90,90,90,90,90,90,90,90,90,90,90,90,90,90,90,90,90,90,90,90,90,90,90,90,90,90,90,90,90,90,90],"card_choices":[{"not_picked":["Clothesline","Flame Barrier"],"picked":"Shrug It Off","floor":1.0},{"not_picked":["Spot Weakness","Burning Pact"],"picked":"Iron Wave","floor":2.0},{"not_picked":["Anger","Pommel Strike"],"picked":"Body Slam","floor":4.0},{"not_picked":["True Grit","Blood for Blood"],"picked":"Twin Strike","floor":5.0},{"not_picked":["Sword Boomerang","Wild Strike","Anger"],"picked":"SKIP","floor":7.0},{"not_picked":["Havoc","Anger"],"picked":"Body Slam","floor":8.0},{"not_picked":["Dropkick","Pommel Strike"],"picked":"Immolate","floor":11.0},{"not_picked":["Battle Trance","Bloodletting","Hemokinesis"],"picked":"SKIP","floor":12.0},{"not_picked":["Perfected Strike","Whirlwind"],"picked":"Clothesline","floor":14.0},{"not_picked":["Exhume","Immolate"],"picked":"Barricade","floor":16.0},{"not_picked":["Shockwave","Pummel+1"],"picked":"Shrug It Off","floor":18.0},{"not_picked":["Whirlwind","Reckless Charge"],"picked":"Power Through","floor":19.0},{"not_picked":["Heavy Blade","Anger"],"picked":"Entrench","floor":20.0},{"not_picked":["Cleave","Heavy Blade","Combust"],"picked":"SKIP","floor":22.0},{"not_picked":["Dropkick","Flex","Perfected Strike+1"],"picked":"SKIP","floor":24.0},{"not_picked":["Twin Strike","Flex+1"],"picked":"Armaments","floor":25.0},{"not_picked":["Sword Boomerang+1","Body Slam"],"picked":"Shockwave+1","floor":28.0},{"not_picked":["Sword Boomerang+1","Heavy Blade+1","Clothesline"],"picked":"SKIP","floor":29.0},{"not_picked":["Armaments","Wild Strike","Sword Boomerang"],"picked":"SKIP","floor":30.0},{"not_picked":["Barricade","Exhume"],"picked":"Impervious","floor":33.0},{"not_picked":["Sword Boomerang+1","Feel No Pain+1","Pummel+1"],"picked":"SKIP","floor":35.0},{"not_picked":["Magnetism","Madness"],"picked":"The Bomb","floor":37.0},{"not_picked":["Perfected Strike+1","Flex"],"picked":"Disarm","floor":38.0},{"not_picked":["Spot Weakness","Havoc"],"picked":"Body Slam+1","floor":39.0},{"not_picked":["Anger","Rage+1"],"picked":"Warcry+1","floor":41},{"not_picked":["Whirlwind+1","Heavy Blade"],"picked":"Pommel Strike+1","floor":44}],"player_experience":293333,"relics_obtained":[{"floor":8.0,"key":"Pear"},{"floor":9.0,"key":"Bottled Flame"},{"floor":12.0,"key":"Red Skull"},{"floor":24.0,"key":"Letter Opener"},{"floor":26.0,"key":"Gremlin Horn"},{"floor":28.0,"key":"Sundial"},{"floor":43,"key":"Boot"}],"event_choices":[{"damage_healed":0.0,"max_hp_gain":0.0,"max_hp_loss":0.0,"gold_gain":0.0,"event_name":"Shining Light","player_choice":"Entered Light","floor":3.0,"gold_loss":0.0,"damage_taken":16.0,"cards_upgraded":["Defend_R","Defend_R"]},{"damage_healed":0.0,"max_hp_gain":0.0,"max_hp_loss":0.0,"gold_gain":0.0,"cards_transformed":["Strike_R"],"event_name":"Living Wall","player_choice":"Change","floor":10.0,"gold_loss":0.0,"damage_taken":0.0,"cards_obtained":["Feel No Pain"]},{"damage_healed":0.0,"max_hp_gain":0.0,"max_hp_loss":0.0,"gold_gain":0.0,"event_name":"Masked Bandits","player_choice":"Paid Fearfully","floor":21.0,"gold_loss":202.0,"damage_taken":0.0},{"damage_healed":0.0,"max_hp_gain":0.0,"max_hp_loss":0.0,"gold_gain":0.0,"event_name":"The Library","player_choice":"Read","floor":27.0,"gold_loss":0.0,"damage_taken":0.0,"cards_obtained":["Metallicize"]},{"damage_healed":0.0,"max_hp_gain":0.0,"max_hp_loss":0.0,"gold_gain":0.0,"event_name":"Mysterious Sphere","player_choice":"Ignored","floor":36.0,"gold_loss":0.0,"damage_taken":0.0},{"damage_healed":0.0,"max_hp_gain":0.0,"max_hp_loss":0.0,"gold_gain":0.0,"event_name":"SensoryStone","player_choice":"Memory 1","floor":37.0,"gold_loss":0.0,"damage_taken":0.0},{"damage_healed":0,"gold_gain":0,"player_choice":"Embrace Madness","damage_taken":11,"max_hp_gain":0,"max_hp_loss":0,"event_name":"Winding Halls","floor":45,"gold_loss":0,"cards_obtained":["Madness","Madness"]},{"damage_healed":0,"gold_gain":0,"player_choice":"1 cards matched","damage_taken":0,"max_hp_gain":0,"max_hp_loss":0,"event_name":"Match and Keep!","floor":46,"gold_loss":0,"cards_obtained":["Reaper"]}],"is_beta":false,"boss_relics":[{"not_picked":["Black Blood","Coffee Dripper"],"picked":"Sozu"},{"not_picked":["Runic Pyramid","Runic Dome"],"picked":"Eternal Feather"}],"items_purged_floors":[13],"is_endless":false,"potions_floor_spawned":[1,4,5,12,16,19,24,25,29,33,39],"killed_by":"Writhing Mass","ascension_level":7}