{"gold_per_floor":[118,118,135,135,310,310,340,355,379,399,369],"floor_reached":11,"playtime":479,"items_purged":[],"score":73,"play_id":"a0f9b9e3-ca6e-4b7c-81e2-0cc00bfdc330","local_time":"20181230233622","is_ascension_mode":false,"campfire_choices":[{"data":"Sunder","floor":6,"key":"SMITH"}],"neow_cost":"NONE","seed_source_timestamp":204198761146345,"circlet_count":0,"master_deck":["Strike_B","Strike_B","Strike_B","Strike_B","Defend_B","Defend_B","Defend_B","Zap","Dualcast","Multi-Cast","Sunder+1","Steam Power","Tempest","Regret","Doubt","Storm","White Noise","Darkness"],"relics":["Cracked Core","Oddly Smooth Stone","Happy Flower","Pen Nib"],"potions_floor_usage":[11],"damage_taken":[{"damage":8,"enemies":"Small Slimes","floor":1,"turns":2},{"damage":6,"enemies":"Jaw Worm","floor":3,"turns":2},{"damage":54,"enemies":"3 Sentries","floor":7,"turns":8},{"damage":0,"enemies":"2 Louse","floor":8,"turns":1},{"damage":2,"enemies":"Blue Slaver","floor":10,"turns":2},{"damage":8,"enemies":"Exordium Thugs","floor":11,"turns":2}],"seed_played":"771480869764814539","potions_obtained":[{"floor":8,"key":"Poison Potion"},{"floor":10,"key":"Poison Potion"}],"is_trial":false,"path_per_floor":["M","?","M","?","?","R","E","M","T","M","M"],"character_chosen":"DEFECT","items_purchased":[],"campfire_rested":0,"item_purchase_floors":[],"current_hp_per_floor":[67,67,61,61,61,61,7,7,7,5,0],"gold":369,"neow_bonus":"ONE_RANDOM_RARE_CARD","is_prod":false,"is_daily":false,"chose_seed":false,"campfire_upgraded":1,"win_rate":0.0,"timestamp":1546241782,"path_taken":["M","?","M","?","?","R","E","M","T","M","M"],"build_version":"2018-12-20","purchased_purges":0,"victory":false,"max_hp_per_floor":[75,75,75,75,75,75,75,75,75,75,75],"card_choices":[{"not_picked":["Steam","Stack"],"picked":"Sunder","floor":1},{"not_picked":["Sweeping Beam","Redo"],"picked":"Tempest","floor":3},{"not_picked":["Ball Lightning","Consume"],"picked":"Storm","floor":7},{"not_picked":["Go for the Eyes","Rebound"],"picked":"White Noise","floor":8},{"not_picked":["Genetic Algorithm","Tempest"],"picked":"Darkness","floor":10}],"player_experience":171976,"relics_obtained":[{"floor":7,"key":"Happy Flower"},{"floor":9,"key":"Pen Nib"}],"event_choices":[{"damage_healed":0,"gold_gain":0,"cards_transformed":["Defend_B"],"player_choice":"Change","damage_taken":0,"max_hp_gain":0,"max_hp_loss":0,"event_name":"Living Wall","floor":2,"gold_loss":0,"cards_obtained":["Steam Power"]},{"damage_healed":0,"gold_gain":0,"player_choice":"Box","damage_taken":0,"relics_obtained":["Oddly Smooth Stone"],"max_hp_gain":0,"max_hp_loss":0,"event_name":"Big Fish","floor":4,"gold_loss":0,"cards_obtained":["Regret"]},{"damage_healed":0,"gold_gain":175,"player_choice":"AGREE","damage_taken":0,"max_hp_gain":0,"max_hp_loss":0,"event_name":"Liars Game","floor":5,"gold_loss":0,"cards_obtained":["Doubt"]}],"is_beta":false,"boss_relics":[],"items_purged_floors":[],"is_endless":false,"potions_floor_spawned":[8,10],"killed_by":"Exordium Thugs","ascension_level":0}