{"gold_per_floor":[110,130,147,147,160,160,160,191,191,191,204,23,56,85,85,185,185,204,215,63,63,63],"floor_reached":22,"playtime":820,"items_purged":[],"score":285,"play_id":"553c38cc-c6e7-4174-9a42-611f90eb9961","local_time":"20180909175054","is_ascension_mode":true,"campfire_choices":[{"data":"Sunder","floor":6.0,"key":"SMITH"},{"data":"Gash","floor":15.0,"key":"SMITH"}],"neow_cost":"","seed_source_timestamp":0,"circlet_count":0,"master_deck":["Strike_B","Strike_B","Strike_B","Defend_B","Defend_B","Defend_B","Defend_B","Zap","Dualcast","Ball Lightning","Doom and Gloom","Sunder+1","Self Repair","Gash","Violence","Seek","Gash+1","Buffer","Scrape","Echo Form"],"special_seed":0,"relics":["Cracked Core","FossilizedHelix","Blue Candle","Dream Catcher","Centennial Puzzle","Odd Mushroom","Eternal Feather"],"potions_floor_usage":[],"damage_taken":[{"damage":7.0,"enemies":"Small Slimes","floor":1.0,"turns":3.0},{"damage":6.0,"enemies":"Cultist","floor":2.0,"turns":3.0},{"damage":6.0,"enemies":"2 Louse","floor":3.0,"turns":2.0},{"damage":0.0,"enemies":"Exordium Wildlife","floor":5.0,"turns":2.0},{"damage":0.0,"enemies":"Lagavulin","floor":8.0,"turns":4.0},{"damage":0.0,"enemies":"Blue Slaver","floor":11.0,"turns":3.0},{"damage":10.0,"enemies":"3 Sentries","floor":13.0,"turns":4.0},{"damage":15.0,"enemies":"The Mushroom Lair","floor":14.0,"turns":3.0},{"damage":57.0,"enemies":"The Guardian","floor":16.0,"turns":7.0},{"damage":11.0,"enemies":"Spheric Guardian","floor":18.0,"turns":4.0},{"damage":11.0,"enemies":"2 Thieves","floor":19.0,"turns":4.0},{"damage":27.0,"enemies":"Colosseum Slavers","floor":21.0,"turns":4.0},{"damage":32,"enemies":"Snake Plant","floor":22,"turns":2}],"seed_played":"-7790646935592473776","potions_obtained":[{"floor":1.0,"key":"Fire Potion"},{"floor":5.0,"key":"Fire Potion"},{"floor":8.0,"key":"LiquidBronze"},{"floor":14.0,"key":"SpeedPotion"},{"floor":19.0,"key":"SkillPotion"}],"is_trial":false,"path_per_floor":["M","M","M","?","M","R","T","E","T","?","M","$","E","?","R","B",null,"M","M","$","?"],"character_chosen":"DEFECT","items_purchased":["Violence","Echo Form"],"campfire_rested":0,"item_purchase_floors":[12,20],"current_hp_per_floor":[61,55,49,75,75,75,75,75,75,75,75,75,72,64,64,14,60,56,52,52,32,0],"gold":63,"neow_bonus":"","is_prod":false,"is_daily":false,"chose_seed":false,"campfire_upgraded":2,"win_rate":0,"timestamp":1536529854,"path_taken":["M","M","M","?","M","R","?","E","T","?","?","$","E","?","R","BOSS","M","M","$","?","M"],"build_version":"2018-09-06","purchased_purges":0,"victory":false,"max_hp_per_floor":[75,75,75,75,75,75,75,75,75,75,75,75,75,75,75,75,75,75,75,75,75,75],"card_choices":[{"not_picked":["Hello World","Coolheaded"],"picked":"Ball Lightning","floor":1.0},{"not_picked":["Hologram","Heatsinks"],"picked":"Doom and Gloom","floor":2.0},{"not_picked":["Force Field","Turbo"],"picked":"Sunder","floor":3.0},{"not_picked":["Barrage","Rebound"],"picked":"Self Repair","floor":5.0},{"not_picked":["Storm","Barrage","Lockon"],"picked":"SKIP","floor":8.0},{"not_picked":["Barrage","Coolheaded"],"picked":"Gash","floor":11.0},{"not_picked":["Static Discharge","Rebound"],"picked":"Seek","floor":13.0},{"not_picked":["Turbo","Auto Shields"],"picked":"Gash","floor":14.0},{"not_picked":["Rainbow","Meteor Strike"],"picked":"Buffer","floor":16.0},{"not_picked":["Rebound","Capacitor","Consume"],"picked":"SKIP","floor":18.0},{"not_picked":["Gash","Cold Snap"],"picked":"Scrape","floor":19.0}],"player_experience":516452,"relics_obtained":[{"floor":7.0,"key":"FossilizedHelix"},{"floor":8.0,"key":"Blue Candle"},{"floor":9.0,"key":"Dream Catcher"},{"floor":13.0,"key":"Centennial Puzzle"},{"floor":14.0,"key":"Odd Mushroom"}],"event_choices":[{"event_name":"Wheel of Change","player_choice":"Full Heal","floor":4.0,"damage_taken":0.0},{"event_name":"Bonfire Elementals","player_choice":"BASIC","floor":10.0,"damage_taken":0.0},{"event_name":"Mushrooms","player_choice":"Fought Mushrooms","floor":14.0,"damage_taken":0.0},{"event_name":"Colosseum","player_choice":"Fight","floor":21.0,"damage_taken":0.0},{"event_name":"Colosseum","player_choice":"Fled From Nobs","floor":21.0,"damage_taken":0.0}],"is_beta":false,"boss_relics":[{"not_picked":["Calling Bell","Coffee Dripper"],"picked":"Eternal Feather"}],"items_purged_floors":[],"is_endless":false,"potions_floor_spawned":[1,5,8,14,19],"killed_by":"Snake Plant","ascension_level":6}