{"gold_per_floor":[368,368,381,381,331,331,362,362,385,420,475,475,79,99,99,202,202,217,217,73,85,85,97,137,64,76,120,132,144,56,73,73,177,177,194,69,69,69],"floor_reached":38,"playtime":1768,"items_purged":["Strike_B","Strike_B","Strike_B"],"score":464,"play_id":"6cb96669-3c26-48cd-8582-a4751d0b5c9c","local_time":"20190317044807","is_ascension_mode":false,"campfire_choices":[{"data":"Zap","floor":6.0,"key":"SMITH"},{"data":"Dualcast","floor":8.0,"key":"SMITH"},{"data":"Go for the Eyes","floor":12.0,"key":"SMITH"},{"floor":15.0,"key":"REST"},{"data":"Madness","floor":23.0,"key":"SMITH"},{"floor":32,"key":"REST"}],"neow_cost":"TEN_PERCENT_HP_LOSS","seed_source_timestamp":20181793955900,"circlet_count":0,"master_deck":["Defend_B","Defend_B","Defend_B","Zap+1","Dualcast+1","Go for the Eyes+1","Gash","Compile Driver","Gash","Impatience","Double Tap","Hologram+1","Beam Cell","Madness+1","Turbo","Electrodynamics","Chill","Finesse","Apotheosis","Dark Shackles"],"special_seed":0,"relics":["Cracked Core","Strawberry","FossilizedHelix","Boot","Symbiotic Virus","Question Card","PrismaticShard","Sozu","DataDisk","MawBank","Emotion Chip","Potion Belt","Orichalcum","Meat on the Bone","Enchiridion","Bird Faced Urn","Fusion Hammer"],"potions_floor_usage":[],"damage_taken":[{"damage":6.0,"enemies":"Jaw Worm","floor":1.0,"turns":3.0},{"damage":2.0,"enemies":"Small Slimes","floor":3.0,"turns":4.0},{"damage":23.0,"enemies":"3 Sentries","floor":7.0,"turns":8.0},{"damage":18.0,"enemies":"Gremlin Nob","floor":10.0,"turns":4.0},{"damage":4.0,"enemies":"3 Sentries","floor":11.0,"turns":4.0},{"damage":0.0,"enemies":"2 Louse","floor":14.0,"turns":2.0},{"damage":0.0,"enemies":"Slime Boss","floor":16.0,"turns":5.0},{"damage":0.0,"enemies":"Spheric Guardian","floor":18.0,"turns":3.0},{"damage":0.0,"enemies":"Chosen","floor":21.0,"turns":3.0},{"damage":12.0,"enemies":"Book of Stabbing","floor":24.0,"turns":4.0},{"damage":23.0,"enemies":"Slavers","floor":27.0,"turns":4.0},{"damage":2,"enemies":"Centurion and Healer","floor":31,"turns":5},{"damage":30,"enemies":"Champ","floor":33,"turns":8},{"damage":0,"enemies":"Orb Walker","floor":35,"turns":3},{"damage":97,"enemies":"Time Eater","floor":38,"turns":9}],"seed_played":"1188112414750826109","potions_obtained":[{"floor":3.0,"key":"Regen Potion"},{"floor":11.0,"key":"FairyPotion"}],"is_trial":false,"path_per_floor":["M","?","M","?","?","R","E","R","T","E","?","R","$","M","R","B",null,"M","?","$","M","?","R","E","?","T","E","?","T","$","M","R","B",null,"M","$","?","B"],"character_chosen":"DEFECT","items_purchased":["PrismaticShard","Gash","Impatience","DataDisk"],"campfire_rested":2,"item_purchase_floors":[13,13,13,20],"current_hp_per_floor":[62,55,53,57,57,57,49,49,49,31,27,27,27,27,49,49,75,75,75,75,75,75,75,63,63,63,40,24,24,24,38,60,46,75,75,75,75,0],"gold":69,"neow_bonus":"TWO_FIFTY_GOLD","is_prod":false,"is_daily":false,"chose_seed":false,"campfire_upgraded":4,"win_rate":0,"timestamp":1552769287,"path_taken":["M","?","M","?","?","R","E","R","T","E","?","R","$","M","R","BOSS","M","?","$","?","?","R","E","?","T","E","?","?","$","M","R","BOSS","M","$","?","BOSS"],"build_version":"2019-01-23","purchased_purges":3,"victory":false,"max_hp_per_floor":[68,68,68,75,75,75,75,75,75,75,75,75,75,75,75,75,75,75,75,75,75,75,75,75,75,75,75,75,75,75,75,75,75,75,75,75,75,75],"card_choices":[{"not_picked":["Steam","Compile Driver","Scrape"],"picked":"SKIP","floor":1.0},{"not_picked":["Consume","Leap"],"picked":"Go for the Eyes","floor":3.0},{"not_picked":["Conserve Battery","Self Repair"],"picked":"Gash","floor":7.0},{"not_picked":["Go for the Eyes","Conserve Battery"],"picked":"Compile Driver","floor":10.0},{"not_picked":["Dagger Spray","Turbo","Cloak And Dagger","Pommel Strike"],"picked":"SKIP","floor":14.0},{"not_picked":["Grand Finale","Transmutation","Multi-Cast"],"picked":"Double Tap","floor":16.0},{"not_picked":["True Grit","Bane","Eviscerate+1"],"picked":"Hologram+1","floor":18.0},{"not_picked":["Heavy Blade","Cold Snap","Sword Boomerang+1"],"picked":"Turbo","floor":21.0},{"not_picked":["Sword Boomerang","Acrobatics","Wild Strike+1"],"picked":"Electrodynamics","floor":24.0},{"not_picked":["Clothesline","Hyperbeam","Choke"],"picked":"Chill","floor":27.0},{"not_picked":["Jack Of All Trades","Beam Cell","Armaments"],"picked":"Finesse","floor":31},{"not_picked":["Wraith Form v2","Hyperbeam","Mayhem"],"picked":"Apotheosis","floor":33},{"not_picked":["Dagger Throw","Deflect+1","Rampage+1"],"picked":"Dark Shackles","floor":35}],"player_experience":385956,"relics_obtained":[{"floor":7.0,"key":"FossilizedHelix"},{"floor":9.0,"key":"Boot"},{"floor":10.0,"key":"Symbiotic Virus"},{"floor":11.0,"key":"Question Card"},{"floor":24.0,"key":"Emotion Chip"},{"floor":26.0,"key":"Orichalcum"},{"floor":27.0,"key":"Meat on the Bone"},{"floor":28,"key":"Enchiridion"},{"floor":29,"key":"Bird Faced Urn"}],"event_choices":[{"cards_removed":["Strike_B"],"damage_healed":0.0,"max_hp_gain":0.0,"max_hp_loss":0.0,"gold_gain":0.0,"event_name":"Golden Wing","player_choice":"Card Removal","floor":2.0,"gold_loss":0.0,"damage_taken":7.0},{"damage_healed":0.0,"max_hp_gain":0.0,"max_hp_loss":0.0,"gold_gain":0.0,"event_name":"Scrap Ooze","player_choice":"Success","floor":4.0,"gold_loss":0.0,"damage_taken":3.0,"relics_obtained":["Strawberry"]},{"cards_removed":["Defend_B"],"damage_healed":0.0,"max_hp_gain":0.0,"max_hp_loss":0.0,"gold_gain":0.0,"event_name":"The Cleric","player_choice":"Card Removal","floor":5.0,"gold_loss":50.0,"damage_taken":0.0},{"damage_healed":0.0,"max_hp_gain":0.0,"max_hp_loss":0.0,"gold_gain":0.0,"event_name":"Dead Adventurer","player_choice":"Searched \u00271\u0027 times","floor":11.0,"gold_loss":0.0,"damage_taken":0.0},{"damage_healed":0.0,"max_hp_gain":0.0,"max_hp_loss":0.0,"gold_gain":0.0,"event_name":"Match and Keep!","player_choice":"2 cards matched","floor":19.0,"gold_loss":0.0,"damage_taken":0.0,"cards_obtained":["Beam Cell","Madness"]},{"damage_healed":0.0,"max_hp_gain":0.0,"max_hp_loss":0.0,"gold_gain":0.0,"event_name":"The Mausoleum","player_choice":"Opened","floor":22.0,"gold_loss":0.0,"damage_taken":0.0,"relics_obtained":["MawBank"]},{"damage_healed":0.0,"max_hp_gain":0.0,"max_hp_loss":0.0,"gold_gain":0.0,"event_name":"Addict","player_choice":"Obtained Relic","floor":25.0,"gold_loss":85.0,"damage_taken":0.0,"relics_obtained":["Potion Belt"]},{"damage_healed":0,"gold_gain":0,"player_choice":"Obtained Book","damage_taken":16,"max_hp_gain":0,"max_hp_loss":0,"event_name":"Cursed Tome","floor":28,"gold_loss":0},{"damage_healed":0,"gold_gain":0,"player_choice":"Took Portal","damage_taken":0,"max_hp_gain":0,"max_hp_loss":0,"event_name":"SecretPortal","floor":37,"gold_loss":0}],"is_beta":false,"boss_relics":[{"not_picked":["Coffee Dripper","Tiny House"],"picked":"Sozu"},{"not_picked":["Snecko Eye","Runic Pyramid"],"picked":"Fusion Hammer"}],"items_purged_floors":[13,30,36],"is_endless":false,"potions_floor_spawned":[3,11,27,33],"killed_by":"Time Eater","ascension_level":0}