{"gold_per_floor":[115,139,189,209,209,242,242,275,350,366,366,394,394,407,407,481,481,401,401,401,343,343,343],"floor_reached":23,"playtime":641,"items_purged":[],"score":437,"play_id":"6c29023c-8c66-4575-82d5-1e13efa4a5a9","local_time":"20180928071542","is_ascension_mode":true,"campfire_choices":[{"data":"Sunder","floor":7,"key":"SMITH"},{"data":"Beam Cell","floor":11,"key":"SMITH"},{"floor":13,"key":"REST"},{"data":"Static Discharge","floor":15,"key":"SMITH"}],"neow_cost":"NONE","seed_source_timestamp":732927937571021,"circlet_count":0,"master_deck":["Strike_B","Strike_B","Strike_B","Strike_B","Defend_B","Defend_B","Defend_B","Defend_B","Zap","Dualcast","AscendersBane","Sunder+1","Beam Cell+1","Conserve Battery","Sweeping Beam","Chill","Static Discharge+1","Buffer","Beam Cell+1"],"relics":["Cracked Core","NeowsBlessing","Smiling Mask","Peace Pipe","Vajra","Dodecahedron","FossilizedHelix","Ectoplasm"],"potions_floor_usage":[12,19,20,23,23],"damage_taken":[{"damage":0,"enemies":"Cultist","floor":1,"turns":1},{"damage":0,"enemies":"Small Slimes","floor":4,"turns":1},{"damage":0,"enemies":"Gremlin Nob","floor":6,"turns":1},{"damage":18,"enemies":"3 Sentries","floor":8,"turns":5},{"damage":0,"enemies":"Jaw Worm","floor":10,"turns":2},{"damage":22,"enemies":"Lagavulin","floor":12,"turns":5},{"damage":0,"enemies":"Large Slime","floor":14,"turns":3},{"damage":30,"enemies":"The Guardian","floor":16,"turns":7},{"damage":16,"enemies":"2 Thieves","floor":18,"turns":3},{"damage":19,"enemies":"Shell Parasite","floor":19,"turns":4},{"damage":0,"enemies":"Cultist and Chosen","floor":20,"turns":3},{"damage":10,"enemies":"Centurion and Healer","floor":22,"turns":6},{"damage":13,"enemies":"Gremlin Leader","floor":23,"turns":2}],"seed_played":"6412993860674662460","potions_obtained":[{"floor":1,"key":"Dexterity Potion"},{"floor":10,"key":"Ancient Potion"},{"floor":14,"key":"SmokeBomb"},{"floor":16,"key":"SpeedPotion"},{"floor":19,"key":"FocusPotion"}],"is_trial":false,"path_per_floor":["M","T","?","M","?","E","R","E","T","M","R","E","R","M","R","B",null,"M","M","M","$","M"],"character_chosen":"DEFECT","items_purchased":["Block Potion"],"campfire_rested":1,"item_purchase_floors":[21],"current_hp_per_floor":[64,64,64,64,64,64,64,46,46,46,46,24,45,45,45,15,57,41,22,22,22,12,0],"gold":343,"neow_bonus":"THREE_ENEMY_KILL","is_prod":false,"is_daily":false,"chose_seed":false,"campfire_upgraded":3,"win_rate":0,"timestamp":1538133342,"path_taken":["M","?","?","M","?","E","R","E","T","?","R","E","R","M","R","BOSS","M","M","M","$","M","E"],"build_version":"2018-09-27","purchased_purges":0,"victory":false,"max_hp_per_floor":[71,71,71,71,71,71,71,71,71,71,71,71,71,71,71,71,71,71,71,71,71,71,71],"card_choices":[{"not_picked":["Loop","Ball Lightning"],"picked":"Sunder","floor":1},{"not_picked":["Tempest","Rip and Tear"],"picked":"Beam Cell","floor":4},{"not_picked":["Lockon","Steam"],"picked":"Conserve Battery","floor":6},{"not_picked":["Go for the Eyes","Undo"],"picked":"Sweeping Beam","floor":8},{"not_picked":["Compile Driver","Ball Lightning"],"picked":"Chill","floor":10},{"not_picked":["Force Field","Reinforced Body","Streamline"],"picked":"SKIP","floor":12},{"not_picked":["Rebound","Capacitor"],"picked":"Static Discharge","floor":14},{"not_picked":["Meteor Strike","Reboot"],"picked":"Buffer","floor":16},{"not_picked":["Stack","Gash","Turbo"],"picked":"SKIP","floor":18},{"not_picked":["Leap","Recycle"],"picked":"Beam Cell+1","floor":19},{"not_picked":["Ball Lightning","Double Energy","Aggregate"],"picked":"SKIP","floor":22}],"player_experience":596477,"relics_obtained":[{"floor":2,"key":"Smiling Mask"},{"floor":6,"key":"Peace Pipe"},{"floor":8,"key":"Vajra"},{"floor":9,"key":"Dodecahedron"},{"floor":12,"key":"FossilizedHelix"}],"event_choices":[{"event_name":"Golden Shrine","player_choice":"Pray","floor":3,"damage_taken":0},{"event_name":"Liars Game","player_choice":"disagreed","floor":5,"damage_taken":0}],"is_beta":false,"boss_relics":[{"not_picked":["White Beast Statue","Velvet Choker"],"picked":"Ectoplasm"}],"items_purged_floors":[],"is_endless":false,"potions_floor_spawned":[1,10,14,16,18,19,20],"killed_by":"Gremlin Leader","ascension_level":17}