{"gold_per_floor":[111,111,111,126,48,48,82,93,93,103,103,103,138,164,164,261,261,274,123,223,240,240,272,272,301,348,365,375,375,409,508,508,603,653,664,329,348,366,380,414,414,429,429,0,28,45,61,77,77,77],"floor_reached":51,"playtime":3936,"items_purged":["Defend_G"],"score":907,"play_id":"1eba76d0-55c7-4b6b-8ede-c9789d058b75","local_time":"20190508202452","is_ascension_mode":true,"campfire_choices":[{"data":"Backflip","floor":6,"key":"SMITH"},{"data":"Deadly Poison","floor":12,"key":"SMITH"},{"floor":15,"key":"REST"},{"floor":29,"key":"REST"},{"floor":32,"key":"REST"},{"data":"Footwork","floor":49,"key":"SMITH"}],"neow_cost":"NONE","seed_source_timestamp":369398731051400,"circlet_count":0,"master_deck":["Defend_G","Defend_G+1","Defend_G+1","Strike_G","Strike_G","Strike_G","Strike_G","Survivor+1","Neutralize","Deadly Poison+1","Endless Agony","Footwork+1","Backflip+1","Leg Sweep+1","Footwork+1","Distraction+1","Burst+1","Corpse Explosion+1","Well Laid Plans+1","Crippling Poison+1","After Image","Infinite Blades","Bouncing Flask+1","Calculated Gamble+1","Noxious Fumes","Writhe","Tactician+1","Terror+1","Infinite Blades"],"relics":["Ring of the Snake","NeowsBlessing","Toxic Egg 2","Bottled Tornado","Bag of Preparation","Vajra","Empty Cage","Happy Flower","Lantern","Blood Vial","Mango","Anchor","War Paint","Dream Catcher","Tiny House","Mummified Hand","Bird Faced Urn","Paper Crane","Red Mask","Du-Vu Doll"],"potions_floor_usage":[16,23,25,25,39,40,40,50,50],"damage_taken":[{"damage":0,"enemies":"Jaw Worm","floor":1,"turns":1},{"damage":0,"enemies":"Small Slimes","floor":4,"turns":1},{"damage":0,"enemies":"Lagavulin","floor":7,"turns":1},{"damage":2,"enemies":"Cultist","floor":8,"turns":4},{"damage":0,"enemies":"Exordium Thugs","floor":10,"turns":5},{"damage":12,"enemies":"Gremlin Nob","floor":13,"turns":6},{"damage":3,"enemies":"The Guardian","floor":16,"turns":12},{"damage":6,"enemies":"Shell Parasite","floor":18,"turns":7},{"damage":0,"enemies":"Chosen","floor":21,"turns":4},{"damage":0,"enemies":"Book of Stabbing","floor":23,"turns":8},{"damage":21,"enemies":"Gremlin Leader","floor":25,"turns":9},{"damage":2,"enemies":"Centurion and Healer","floor":27,"turns":4},{"damage":0,"enemies":"Shelled Parasite and Fungi","floor":28,"turns":6},{"damage":18,"enemies":"Slavers","floor":30,"turns":4},{"damage":44,"enemies":"Champ","floor":33,"turns":13},{"damage":0,"enemies":"Orb Walker","floor":35,"turns":5},{"damage":16,"enemies":"3 Darklings","floor":37,"turns":3},{"damage":0,"enemies":"Sphere and 2 Shapes","floor":38,"turns":2},{"damage":19,"enemies":"Transient","floor":39,"turns":5},{"damage":19,"enemies":"Giant Head","floor":40,"turns":10},{"damage":9,"enemies":"4 Shapes","floor":42,"turns":5},{"damage":3,"enemies":"Nemesis","floor":45,"turns":9},{"damage":25,"enemies":"Sphere and 2 Shapes","floor":46,"turns":5},{"damage":8,"enemies":"3 Darklings","floor":47,"turns":3},{"damage":0,"enemies":"Transient","floor":48,"turns":5},{"damage":50,"enemies":"Awakened One","floor":50,"turns":15}],"seed_played":"-5914790573747426952","potions_obtained":[{"floor":10,"key":"Energy Potion"},{"floor":13,"key":"Fire Potion"},{"floor":16,"key":"Ancient Potion"},{"floor":18,"key":"Fire Potion"},{"floor":21,"key":"Fire Potion"},{"floor":27,"key":"SpeedPotion"},{"floor":33,"key":"Strength Potion"},{"floor":34,"key":"Weak Potion"},{"floor":35,"key":"Energy Potion"},{"floor":37,"key":"PowerPotion"},{"floor":40,"key":"LiquidBronze"},{"floor":45,"key":"GamblersBrew"},{"floor":47,"key":"EssenceOfSteel"}],"is_trial":false,"path_per_floor":["M","?","$","M","$","R","E","M","T","M","?","R","E","T","R","B",null,"M","$","?","M","?","E","T","E","T","M","M","R","E","?","R","B",null,"M","$","M","M","M","E","?","M","T","?","E","M","M","M","R","B",null],"character_chosen":"THE_SILENT","items_purchased":["Footwork","Backflip","Happy Flower","Mummified Hand"],"campfire_rested":3,"item_purchase_floors":[5,5,19,36],"current_hp_per_floor":[70,70,70,70,70,70,70,68,68,68,68,68,56,56,70,67,70,64,64,64,64,64,64,78,59,59,59,61,84,66,66,84,40,89,89,89,73,75,58,41,63,68,68,68,79,72,78,89,89,43],"gold":77,"neow_bonus":"THREE_ENEMY_KILL","is_prod":false,"is_daily":false,"chose_seed":false,"campfire_upgraded":3,"win_rate":0,"timestamp":1557361492,"path_taken":["M","?","$","M","$","R","E","M","T","M","?","R","E","?","R","BOSS","M","$","?","?","?","E","?","E","T","M","M","R","E","?","R","BOSS","M","$","M","M","M","E","?","M","T","?","E","M","M","M","R","BOSS"],"build_version":"2019-01-23","purchased_purges":1,"victory":true,"max_hp_per_floor":[70,70,70,70,70,70,70,70,70,70,70,70,70,70,70,70,70,70,70,70,70,70,70,84,84,84,84,84,84,84,84,84,84,89,89,89,89,89,89,89,89,89,89,89,89,89,89,89,89,89],"card_choices":[{"not_picked":["Cloak And Dagger","PiercingWail"],"picked":"Deadly Poison","floor":1},{"not_picked":["PiercingWail","Slice"],"picked":"Endless Agony","floor":4},{"not_picked":["Backstab","Quick Slash"],"picked":"Leg Sweep","floor":7},{"not_picked":["Bane","Leg Sweep+1"],"picked":"Footwork","floor":8},{"not_picked":["Bane","Flying Knee"],"picked":"Distraction+1","floor":10},{"not_picked":["Footwork","Prepared+1"],"picked":"Burst+1","floor":13},{"not_picked":["Envenom","A Thousand Cuts"],"picked":"Corpse Explosion+1","floor":16},{"not_picked":["Backflip+1","Deadly Poison+1"],"picked":"Well Laid Plans+1","floor":18},{"not_picked":["Dodge and Roll+1","Endless Agony"],"picked":"Crippling Poison+1","floor":21},{"not_picked":["Footwork+1","Acrobatics+1"],"picked":"After Image","floor":23},{"not_picked":["Accuracy","Sucker Punch","Cloak And Dagger+1"],"picked":"SKIP","floor":25},{"not_picked":["Cloak And Dagger+1","Dagger Spray","Quick Slash"],"picked":"SKIP","floor":27},{"not_picked":["Backflip+1","Underhanded Strike"],"picked":"Infinite Blades","floor":28},{"not_picked":["Underhanded Strike","Storm of Steel+1"],"picked":"Bouncing Flask+1","floor":30},{"not_picked":["Deadly Poison+1","Predator"],"picked":"Calculated Gamble+1","floor":34},{"not_picked":["Dagger Throw","Deflect+1","Outmaneuver+1"],"picked":"SKIP","floor":35},{"not_picked":["Eviscerate","Backflip+1"],"picked":"Noxious Fumes","floor":37},{"not_picked":["Cloak And Dagger+1","Deflect+1","Bane+1"],"picked":"SKIP","floor":38},{"not_picked":["Acrobatics+1","Deadly Poison+1","Phantasmal Killer+1"],"picked":"SKIP","floor":39},{"not_picked":["Backflip+1","Setup+1","Underhanded Strike"],"picked":"SKIP","floor":40},{"not_picked":["Eviscerate","Poisoned Stab","Slice+1"],"picked":"SKIP","floor":42},{"not_picked":["Dodge and Roll+1","Deadly Poison+1"],"picked":"Tactician+1","floor":45},{"not_picked":["Underhanded Strike","Quick Slash","Crippling Poison+1"],"picked":"SKIP","floor":46},{"not_picked":["Bane+1","Underhanded Strike+1"],"picked":"Terror+1","floor":47},{"not_picked":["Bane","Acrobatics+1"],"picked":"Infinite Blades","floor":48}],"player_experience":151890,"relics_obtained":[{"floor":7,"key":"Toxic Egg 2"},{"floor":9,"key":"Bottled Tornado"},{"floor":13,"key":"Bag of Preparation"},{"floor":14,"key":"Vajra"},{"floor":23,"key":"Blood Vial"},{"floor":24,"key":"Mango"},{"floor":25,"key":"Anchor"},{"floor":26,"key":"War Paint"},{"floor":30,"key":"Dream Catcher"},{"floor":40,"key":"Bird Faced Urn"},{"floor":43,"key":"Paper Crane"},{"floor":45,"key":"Du-Vu Doll"}],"event_choices":[{"damage_healed":0,"gold_gain":0,"player_choice":"Ignored","damage_taken":0,"max_hp_gain":0,"max_hp_loss":0,"event_name":"Golden Wing","floor":2,"gold_loss":0},{"damage_healed":0,"gold_gain":0,"player_choice":"Grow","damage_taken":0,"max_hp_gain":0,"max_hp_loss":0,"event_name":"Living Wall","floor":11,"gold_loss":0,"cards_upgraded":["Footwork"]},{"damage_healed":0,"gold_gain":100,"player_choice":"Pray","damage_taken":0,"max_hp_gain":0,"max_hp_loss":0,"event_name":"Golden Shrine","floor":20,"gold_loss":0},{"damage_healed":0,"gold_gain":0,"player_choice":"Opened","damage_taken":0,"relics_obtained":["Lantern"],"max_hp_gain":0,"max_hp_loss":0,"event_name":"The Mausoleum","floor":22,"gold_loss":0},{"damage_healed":0,"gold_gain":99,"player_choice":"Stole From Cult","damage_taken":0,"max_hp_gain":0,"max_hp_loss":0,"event_name":"Nest","floor":31,"gold_loss":0},{"damage_healed":22,"gold_gain":0,"player_choice":"Writhe","damage_taken":0,"max_hp_gain":0,"max_hp_loss":0,"event_name":"Winding Halls","floor":41,"gold_loss":0,"cards_obtained":["Writhe"]},{"damage_healed":0,"gold_gain":0,"player_choice":"Paid","damage_taken":0,"relics_obtained":["Red Mask"],"max_hp_gain":0,"max_hp_loss":0,"event_name":"Tomb of Lord Red Mask","floor":44,"gold_loss":429}],"is_beta":false,"boss_relics":[{"not_picked":["Coffee Dripper","Orrery"],"picked":"Empty Cage"},{"not_picked":["Runic Dome","Velvet Choker"],"picked":"Tiny House"}],"items_purged_floors":[36],"is_endless":false,"potions_floor_spawned":[10,13,16,18,21,27,33,35,37,40,45,47],"ascension_level":2}