{"gold_per_floor":[139,152,166,91,91,116,132,159,159,172,172],"floor_reached":11,"playtime":526,"items_purged":["Strike_B"],"score":121,"play_id":"c22b05b0-1806-4e95-85c8-c1bf46fbd5f2","local_time":"20180716200220","is_ascension_mode":true,"campfire_choices":[],"neow_cost":"NONE","seed_source_timestamp":419996447143574,"circlet_count":0,"master_deck":["Strike_B+1","Strike_B","Strike_B","Defend_B","Defend_B","Defend_B","Defend_B","Zap","Dualcast","White Noise","Gash","Gash","Buffer","Machine Learning","Gash+1"],"relics":["Tiny House","Sundial","Cables","Molten Egg 2"],"potions_floor_usage":[7,8],"damage_taken":[{"damage":1,"enemies":"Cultist","floor":1,"turns":4},{"damage":0,"enemies":"Small Slimes","floor":2,"turns":2},{"damage":3,"enemies":"2 Louse","floor":3,"turns":5},{"damage":0,"enemies":"Lagavulin","floor":6,"turns":7},{"damage":16,"enemies":"Exordium Thugs","floor":7,"turns":4},{"damage":20,"enemies":"Gremlin Nob","floor":8,"turns":5},{"damage":29,"enemies":"Lots of Slimes","floor":10,"turns":5},{"damage":11,"enemies":"Blue Slaver","floor":11,"turns":2}],"seed_played":"-2687306533159867857","potions_obtained":[{"floor":0,"key":"Dexterity Potion"},{"floor":2,"key":"Strength Potion"},{"floor":3,"key":"EssenceOfSteel"}],"is_trial":false,"path_per_floor":["M","M","M","$","?","E","M","E","T","M"],"character_chosen":"DEFECT","items_purchased":[],"campfire_rested":0,"item_purchase_floors":[],"current_hp_per_floor":[79,79,76,76,76,76,60,40,40,11,0],"gold":172,"neow_bonus":"BOSS_RELIC","is_prod":false,"is_daily":false,"chose_seed":false,"campfire_upgraded":0,"win_rate":0,"timestamp":1531764140,"path_taken":["M","?","M","$","?","E","?","E","T","M","?"],"build_version":"2018-07-12","purchased_purges":1,"victory":false,"max_hp_per_floor":[80,80,80,80,80,80,80,80,80,80,80],"card_choices":[{"not_picked":["Beam Cell","Go for the Eyes"],"picked":"White Noise","floor":0},{"not_picked":["Steam","Compile Driver","Ball Lightning"],"picked":"SKIP","floor":1},{"not_picked":["Undo","Beam Cell"],"picked":"Gash","floor":2},{"not_picked":["Consume","Steam Power"],"picked":"Gash","floor":3},{"not_picked":["Steam","Rebound","Capacitor"],"picked":"SKIP","floor":6},{"not_picked":["Barrage","Go for the Eyes","Hello World"],"picked":"SKIP","floor":7},{"not_picked":["Barrage","Go for the Eyes","Hello World"],"picked":"SKIP","floor":7},{"not_picked":["Undo","Chill"],"picked":"Machine Learning","floor":8},{"not_picked":["Cold Snap+1","Barrage+1"],"picked":"Gash+1","floor":10}],"player_experience":309817,"relics_obtained":[{"floor":6,"key":"Sundial"},{"floor":8,"key":"Cables"},{"floor":9,"key":"Molten Egg 2"}],"event_choices":[{"event_name":"Match and Keep!","player_choice":"1 cards matched","floor":5,"damage_taken":0}],"boss_relics":[],"items_purged_floors":[4],"is_endless":false,"potions_floor_spawned":[2,3],"killed_by":"Blue Slaver","ascension_level":2}