{"gold_per_floor":[115,132,132,132,54,89,103,103,103,121,146,146,180,9,9,87,87,103,153,170,186,10,10,41,41,66,66,66,66,66,86,86,163,163,182,182,182,194,144,144],"floor_reached":40,"playtime":1112,"items_purged":["Strike_B","Strike_B"],"score":890,"play_id":"3b3aeb94-c23a-43dc-960f-e0d1fec4f77d","local_time":"20190424220329","is_ascension_mode":true,"campfire_choices":[{"data":"Zap","floor":8.0,"key":"SMITH"},{"data":"Consume","floor":15.0,"key":"SMITH"},{"data":"Sunder","floor":23.0,"key":"SMITH"},{"floor":25.0,"key":"REST"},{"data":"Coolheaded","floor":28.0,"key":"SMITH"},{"data":"Loop","floor":30.0,"key":"SMITH"},{"floor":32.0,"key":"REST"}],"neow_cost":"NONE","seed_source_timestamp":110120372085945,"circlet_count":0,"master_deck":["AscendersBane","Strike_B","Strike_B+1","Defend_B+1","Defend_B+1","Defend_B+1","Defend_B","Zap+1","Dualcast","Loop+1","BootSequence","Tempest","Recycle","Go for the Eyes","Consume+1","Chill","Multi-Cast","Coolheaded+1","Chaos+1","Conserve Battery+1","Skim","Sunder+1","Biased Cognition","Glacier","All For One","Coolheaded"],"special_seed":0,"relics":["Cracked Core","NeowsBlessing","Pear","Letter Opener","Omamori","War Paint","WingedGreaves","Snecko Eye","Bottled Tornado","Smiling Mask","Coffee Dripper","Matryoshka"],"potions_floor_usage":[],"damage_taken":[{"damage":0.0,"enemies":"2 Louse","floor":1.0,"turns":1.0},{"damage":0.0,"enemies":"Jaw Worm","floor":2.0,"turns":1.0},{"damage":0.0,"enemies":"Gremlin Nob","floor":6.0,"turns":1.0},{"damage":0.0,"enemies":"Small Slimes","floor":7.0,"turns":4.0},{"damage":10.0,"enemies":"Exordium Wildlife","floor":10.0,"turns":5.0},{"damage":22.0,"enemies":"3 Sentries","floor":11.0,"turns":5.0},{"damage":10.0,"enemies":"Gremlin Nob","floor":13.0,"turns":3.0},{"damage":24.0,"enemies":"Slime Boss","floor":16.0,"turns":8.0},{"damage":7.0,"enemies":"3 Byrds","floor":18.0,"turns":3.0},{"damage":26.0,"enemies":"Shell Parasite","floor":20.0,"turns":8.0},{"damage":14.0,"enemies":"Snake Plant","floor":21.0,"turns":3.0},{"damage":23.0,"enemies":"Slavers","floor":24.0,"turns":5.0},{"damage":5.0,"enemies":"3 Cultists","floor":31.0,"turns":4.0},{"damage":26.0,"enemies":"Collector","floor":33.0,"turns":7.0},{"damage":0.0,"enemies":"3 Shapes","floor":35.0,"turns":5.0},{"damage":5,"enemies":"3 Darklings","floor":38,"turns":3},{"damage":23,"enemies":"Nemesis","floor":40,"turns":6}],"seed_played":"-2359905055795791925","potions_obtained":[{"floor":1.0,"key":"Strength Potion"},{"floor":6.0,"key":"SkillPotion"},{"floor":16.0,"key":"Strength Potion"},{"floor":20.0,"key":"Regen Potion"},{"floor":24.0,"key":"Fire Potion"},{"floor":33.0,"key":"SteroidPotion"},{"floor":38,"key":"AttackPotion"}],"is_trial":false,"path_per_floor":["M","M","?","?","$","E","M","R","T","M","E","?","E","$","R","B",null,"M","?","M","M","$","R","E","R","T","?","R","?","R","M","R","B",null,"M","?","T","M","$","E"],"character_chosen":"DEFECT","items_purchased":["Tempest","Chill","Fire Potion","Skim","Sunder"],"campfire_rested":2,"item_purchase_floors":[5,14,14,22,22],"current_hp_per_floor":[64,64,43,66,66,76,76,76,76,66,44,44,34,34,34,10,63,56,56,30,16,16,16,7,31,31,31,31,31,31,26,50,24,67,67,67,67,62,62,39],"gold":144,"neow_bonus":"THREE_ENEMY_KILL","is_prod":false,"is_daily":false,"chose_seed":false,"campfire_upgraded":5,"win_rate":0,"timestamp":1556114609,"path_taken":["M","M","?","?","$","E","M","R","T","M","E","?","E","$","R","BOSS","M","?","M","M","$","R","E","R","T","?","R","?","R","M","R","BOSS","M","?","?","?","$","E"],"build_version":"2019-01-23","purchased_purges":2,"victory":false,"max_hp_per_floor":[71,71,71,71,71,81,81,81,81,81,81,81,81,81,81,81,81,81,81,81,81,81,81,81,81,81,81,81,81,81,81,81,81,81,81,81,81,81,81,81],"card_choices":[{"not_picked":["Go for the Eyes","Beam Cell"],"picked":"Loop","floor":1.0},{"not_picked":["Conserve Battery","Compile Driver"],"picked":"BootSequence","floor":2.0},{"not_picked":["Sweeping Beam","Scrape","Loop"],"picked":"SKIP","floor":6.0},{"not_picked":["Go for the Eyes","Rebound"],"picked":"Recycle","floor":7.0},{"not_picked":["Rebound","Gash"],"picked":"Go for the Eyes","floor":10.0},{"not_picked":["Lockon","Genetic Algorithm"],"picked":"Consume","floor":11.0},{"not_picked":["Stack","BootSequence","Beam Cell"],"picked":"SKIP","floor":13.0},{"not_picked":["Buffer","Amplify"],"picked":"Multi-Cast","floor":16.0},{"not_picked":["Redo","Darkness"],"picked":"Coolheaded","floor":18.0},{"not_picked":["White Noise","Sweeping Beam+1"],"picked":"Chaos+1","floor":20.0},{"not_picked":["Chaos","Turbo"],"picked":"Conserve Battery+1","floor":21.0},{"not_picked":["Hologram","Scrape"],"picked":"Biased Cognition","floor":24.0},{"not_picked":["Stack","Conserve Battery"],"picked":"Glacier","floor":31.0},{"not_picked":["Multi-Cast","Hyperbeam"],"picked":"All For One","floor":33.0},{"not_picked":["Doom and Gloom","Rip and Tear"],"picked":"Coolheaded","floor":35.0},{"not_picked":["FTL","Stack","Steam Power"],"picked":"SKIP","floor":38}],"player_experience":1467503,"relics_obtained":[{"floor":6.0,"key":"Pear"},{"floor":9.0,"key":"Letter Opener"},{"floor":11.0,"key":"Omamori"},{"floor":13.0,"key":"WingedGreaves"},{"floor":24.0,"key":"Bottled Tornado"},{"floor":26.0,"key":"Smiling Mask"},{"floor":37,"key":"Matryoshka"}],"event_choices":[{"damage_healed":0.0,"max_hp_gain":0.0,"max_hp_loss":0.0,"gold_gain":0.0,"event_name":"Shining Light","player_choice":"Entered Light","floor":3.0,"gold_loss":0.0,"damage_taken":21.0,"cards_upgraded":["Strike_B","Defend_B"]},{"damage_healed":23.0,"max_hp_gain":0.0,"max_hp_loss":0.0,"gold_gain":0.0,"event_name":"Big Fish","player_choice":"Banana","floor":4.0,"gold_loss":0.0,"damage_taken":0.0},{"damage_healed":0.0,"max_hp_gain":0.0,"max_hp_loss":0.0,"gold_gain":0.0,"event_name":"Dead Adventurer","player_choice":"Searched \u00272\u0027 times","floor":12.0,"gold_loss":0.0,"damage_taken":0.0,"relics_obtained":["War Paint"]},{"damage_healed":0.0,"max_hp_gain":0.0,"max_hp_loss":0.0,"gold_gain":50.0,"event_name":"Nest","player_choice":"Stole From Cult","floor":19.0,"gold_loss":0.0,"damage_taken":0.0},{"damage_healed":0.0,"max_hp_gain":0.0,"max_hp_loss":0.0,"gold_gain":0.0,"event_name":"Cursed Tome","player_choice":"Ignored","floor":27.0,"gold_loss":0.0,"damage_taken":0.0},{"damage_healed":0,"gold_gain":0,"player_choice":"Ignored","damage_taken":0,"max_hp_gain":0,"max_hp_loss":0,"event_name":"Mysterious Sphere","floor":36,"gold_loss":0}],"is_beta":false,"boss_relics":[{"not_picked":["Tiny House","Velvet Choker"],"picked":"Snecko Eye"},{"not_picked":["Pandora\u0027s Box","Busted Crown"],"picked":"Coffee Dripper"}],"items_purged_floors":[14,39],"is_endless":false,"potions_floor_spawned":[1,6,11,16,20,24,33,38],"killed_by":"Nemesis","ascension_level":20}