{"gold_per_floor":[16,30,30,46,66,66,101,113,137,137,149,165,175,208,208,311,311,324,334,334,334,43,77,77],"floor_reached":24,"playtime":920,"items_purged":[],"score":230,"play_id":"91e74d72-d86b-462d-9ea7-92de84f96da3","local_time":"20181030055930","is_ascension_mode":false,"campfire_choices":[{"floor":6,"key":"REST"},{"floor":15,"key":"REST"}],"neow_cost":"NO_GOLD","seed_source_timestamp":412089275116163,"circlet_count":0,"master_deck":["Strike_B","Strike_B","Strike_B+1","Defend_B+1","Defend_B","Defend_B","Defend_B","Zap","Dualcast","Dark Shackles","Metamorphosis+1","Skim","Sweeping Beam","Scrape","Turbo","Conserve Battery","Streamline","Gash+1","Machine Learning","Gash+1","RitualDagger","Steam Power","Jack Of All Trades"],"relics":["Cracked Core","Blue Candle","Strawberry","Whetstone","Busted Crown","Nloth\u0027s Gift","War Paint","Ancient Tea Set"],"potions_floor_usage":[7,16,16,23],"damage_taken":[{"damage":6,"enemies":"Jaw Worm","floor":1,"turns":4},{"damage":8,"enemies":"2 Louse","floor":2,"turns":2},{"damage":1,"enemies":"Cultist","floor":4,"turns":3},{"damage":8,"enemies":"Looter","floor":5,"turns":4},{"damage":3,"enemies":"Gremlin Nob","floor":7,"turns":3},{"damage":23,"enemies":"3 Louse","floor":8,"turns":4},{"damage":2,"enemies":"2 Fungi Beasts","floor":11,"turns":2},{"damage":9,"enemies":"Exordium Thugs","floor":12,"turns":5},{"damage":12,"enemies":"Exordium Wildlife","floor":13,"turns":4},{"damage":17,"enemies":"Lagavulin","floor":14,"turns":6},{"damage":33,"enemies":"The Guardian","floor":16,"turns":8},{"damage":0,"enemies":"Chosen","floor":18,"turns":3},{"damage":10,"enemies":"Spheric Guardian","floor":19,"turns":3},{"damage":55,"enemies":"Slavers","floor":23,"turns":5},{"damage":24,"enemies":"Snecko","floor":24,"turns":3}],"seed_played":"8384363547308061303","potions_obtained":[{"floor":4,"key":"Weak Potion"},{"floor":7,"key":"SpeedPotion"},{"floor":8,"key":"SteroidPotion"},{"floor":13,"key":"SpeedPotion"},{"floor":14,"key":"Regen Potion"},{"floor":18,"key":"FocusPotion"}],"is_trial":false,"path_per_floor":["M","M","?","M","M","R","E","M","T","?","M","M","M","E","R","B",null,"M","M","?","?","$","E"],"character_chosen":"DEFECT","items_purchased":["Steam Power","War Paint","Jack Of All Trades"],"campfire_rested":2,"item_purchase_floors":[22,22,22],"current_hp_per_floor":[69,61,54,53,45,67,64,41,48,48,46,37,25,8,32,14,82,82,72,72,66,66,11,0],"gold":77,"neow_bonus":"RANDOM_COLORLESS_2","is_prod":false,"is_daily":false,"chose_seed":false,"campfire_upgraded":0,"win_rate":0,"timestamp":1540875570,"path_taken":["M","M","?","M","M","R","E","M","T","?","M","?","M","E","R","BOSS","M","M","?","?","$","E","M"],"build_version":"2018-10-29v2","purchased_purges":0,"victory":false,"max_hp_per_floor":[75,75,75,75,75,75,75,75,82,82,82,82,82,82,82,82,82,82,82,82,82,82,82,82],"card_choices":[{"not_picked":["Barrage","Force Field"],"picked":"Skim","floor":1},{"not_picked":["Beam Cell","Rebound"],"picked":"Sweeping Beam","floor":2},{"not_picked":["Stack","Lockon"],"picked":"Scrape","floor":4},{"not_picked":["Gash","FTL"],"picked":"Turbo","floor":5},{"not_picked":["Ball Lightning","Chaos","Sweeping Beam"],"picked":"SKIP","floor":7},{"not_picked":["Capacitor","Barrage"],"picked":"Conserve Battery","floor":8},{"not_picked":["Redo","Turbo"],"picked":"Streamline","floor":11},{"not_picked":["Reinforced Body","Fission"],"picked":"Gash","floor":12},{"not_picked":["Chaos","Conserve Battery","Heatsinks"],"picked":"SKIP","floor":13},{"not_picked":["Streamline","Cold Snap","Coolheaded"],"picked":"SKIP","floor":14},{"not_picked":["Rainbow","Electrodynamics"],"picked":"Machine Learning","floor":16},{"not_picked":[],"picked":"Gash+1","floor":18},{"not_picked":["Rebound"],"picked":"SKIP","floor":19},{"not_picked":["Rebound"],"picked":"SKIP","floor":23}],"player_experience":168282,"relics_obtained":[{"floor":7,"key":"Lantern"},{"floor":9,"key":"Strawberry"},{"floor":14,"key":"Whetstone"},{"floor":23,"key":"Ancient Tea Set"}],"event_choices":[{"damage_healed":0,"gold_gain":0,"player_choice":"Success","damage_taken":7,"relics_obtained":["Blue Candle"],"max_hp_gain":0,"max_hp_loss":0,"event_name":"Scrap Ooze","floor":3,"gold_loss":0},{"cards_removed":["Strike_B"],"damage_healed":0,"gold_gain":0,"player_choice":"Forget","damage_taken":0,"max_hp_gain":0,"max_hp_loss":0,"event_name":"Living Wall","floor":10,"gold_loss":0},{"damage_healed":0,"gold_gain":0,"player_choice":"Traded Relic","damage_taken":0,"relics_obtained":["Nloth\u0027s Gift"],"max_hp_gain":0,"max_hp_loss":0,"event_name":"N\u0027loth","floor":20,"relics_lost":["Lantern"],"gold_loss":0},{"damage_healed":0,"gold_gain":0,"player_choice":"Joined the Cult","damage_taken":6,"max_hp_gain":0,"max_hp_loss":0,"event_name":"Nest","floor":21,"gold_loss":0,"cards_obtained":["RitualDagger"]}],"is_beta":true,"boss_relics":[{"not_picked":["Coffee Dripper","Philosopher\u0027s Stone"],"picked":"Busted Crown"}],"items_purged_floors":[],"is_endless":false,"potions_floor_spawned":[4,7,8,13,14,18],"killed_by":"Snecko","ascension_level":0}