{"gold_per_floor":[135,135,172,233,233,268,268,268,292,357,410,585,656,75,75,171,171,182,217,34,54,6,6,34,34,34,54,68,118,118,178,178,281,281,296,296,296,396,442,442,468,481,531,560,573,608,149,160,160,160,160,160,6,40,40],"floor_reached":55,"playtime":5592,"items_purged":["Doubt"],"score":1120,"play_id":"1497927b-9f85-4c7a-a5d0-1acb46eb079f","local_time":"20190321171151","is_ascension_mode":true,"campfire_choices":[{"data":"Venomology","floor":7,"key":"SMITH"},{"data":"Glass Knife","floor":15,"key":"SMITH"},{"data":"Infinite Blades","floor":23,"key":"SMITH"},{"data":"Blade Dance","floor":25,"key":"SMITH"},{"data":"Prepared","floor":32,"key":"SMITH"},{"data":"Adrenaline","floor":40,"key":"SMITH"},{"floor":49,"key":"RECALL"},{"data":"Tactician","floor":52,"key":"SMITH"}],"neow_cost":"TEN_PERCENT_HP_LOSS","seed_source_timestamp":716545794156000,"circlet_count":0,"master_deck":["Survivor","Neutralize","HandOfGreed+1","Purity","Footwork+1","Outmaneuver","Quick Slash","Venomology+1","Deflect","Footwork","Well Laid Plans","Dramatic Entrance","Glass Knife+1","Corpse Explosion","Escape Plan","Bouncing Flask+1","Malaise","Caltrops","Dagger Spray+1","Flying Knee","Die Die Die","Deadly Poison","Endless Agony+1","Terror","Blur+1","Bandage Up","Infinite Blades+1","Dodge and Roll+1","Bandage Up","Blade Dance+1","Backflip","Flying Knee+1","Prepared+1","Infinite Blades+1","Adrenaline+1","Tactician+1","Blur+1","Tools of the Trade","Tactician","Eviscerate","Endless Agony+1","Deflect","Escape Plan+1","Magnetism","Madness","Blur+1","Deflect+1","Reflex"],"relics":["Ring of the Snake","Juzu Bracelet","Meat on the Bone","Bag of Marbles","Odd Mushroom","Membership Card","Dead Branch","Boot","Pandora\u0027s Box","Toy Ornithopter","Whetstone","Dodecahedron","Tingsha","Vajra","WristBlade","PreservedInsect","Tough Bandages","Prayer Wheel","Snake Skull","Blood Vial","Pen Nib","Turnip","Toolbox","Strawberry","Gambling Chip","Bronze Scales","War Paint","Bottled Lightning"],"potions_floor_usage":[6,10,11,13,13,16,16,24,24,27,28,29,29,31,38,39,39,41,42,45,48,50,50,55,55,55],"damage_taken":[{"damage":0,"enemies":"Cultist","floor":1,"turns":3},{"damage":0,"enemies":"Jaw Worm","floor":3,"turns":4},{"damage":1,"enemies":"Small Slimes","floor":4,"turns":8},{"damage":9,"enemies":"Lagavulin","floor":6,"turns":8},{"damage":4,"enemies":"Exordium Wildlife","floor":10,"turns":4},{"damage":25,"enemies":"Gremlin Nob","floor":11,"turns":5},{"damage":4,"enemies":"The Mushroom Lair","floor":13,"turns":5},{"damage":30,"enemies":"Hexaghost","floor":16,"turns":11},{"damage":0,"enemies":"Spheric Guardian","floor":18,"turns":1},{"damage":0,"enemies":"Shell Parasite","floor":19,"turns":1},{"damage":0,"enemies":"3 Cultists","floor":21,"turns":2},{"damage":16,"enemies":"Gremlin Leader","floor":24,"turns":4},{"damage":17,"enemies":"Centurion and Healer","floor":27,"turns":3},{"damage":4,"enemies":"Snake Plant","floor":28,"turns":3},{"damage":12,"enemies":"Book of Stabbing","floor":29,"turns":4},{"damage":8,"enemies":"Slavers","floor":31,"turns":3},{"damage":33,"enemies":"Automaton","floor":33,"turns":6},{"damage":7,"enemies":"3 Darklings","floor":35,"turns":2},{"damage":0,"enemies":"Mind Bloom Boss Battle","floor":38,"turns":6},{"damage":18,"enemies":"2 Orb Walkers","floor":39,"turns":3},{"damage":22,"enemies":"Reptomancer","floor":41,"turns":5},{"damage":11,"enemies":"Orb Walker","floor":42,"turns":3},{"damage":22,"enemies":"Nemesis","floor":44,"turns":4},{"damage":21,"enemies":"Maw","floor":45,"turns":4},{"damage":0,"enemies":"Reptomancer","floor":46,"turns":4},{"damage":2,"enemies":"Spire Growth","floor":48,"turns":3},{"damage":51,"enemies":"Time Eater","floor":50,"turns":12},{"damage":25,"enemies":"Shield and Spear","floor":54,"turns":4},{"damage":129,"enemies":"The Heart","floor":55,"turns":8}],"seed_played":"-869947034227750850","potions_obtained":[{"floor":4,"key":"GhostInAJar"},{"floor":6,"key":"GhostInAJar"},{"floor":11,"key":"Fruit Juice"},{"floor":16,"key":"FairyPotion"},{"floor":21,"key":"Strength Potion"},{"floor":24,"key":"Explosive Potion"},{"floor":28,"key":"Energy Potion"},{"floor":29,"key":"Block Potion"},{"floor":35,"key":"Block Potion"},{"floor":46,"key":"GhostInAJar"},{"floor":48,"key":"Regen Potion"}],"is_trial":false,"path_per_floor":["M","?","M","M","?","E","R","?","T","M","E","?","?","$","R","B",null,"M","M","$","M","$","R","E","R","T","M","M","E","?","E","R","B",null,"M","?","?","?","?","R","E","M","T","E","M","E","$","M","R","B",null,"R","$","E","B"],"character_chosen":"THE_SILENT","items_purchased":["Membership Card","Dead Branch","Dramatic Entrance","Boot","Glass Knife","Toy Ornithopter","Bandage Up","Infinite Blades","Bandage Up","Toolbox","Strawberry","Gambling Chip","Magnetism","Madness","Bronze Scales","War Paint"],"campfire_rested":0,"item_purchase_floors":[14,14,14,14,14,20,20,20,22,47,47,47,47,47,53,53],"current_hp_per_floor":[63,63,63,62,50,41,41,41,41,37,24,24,37,37,37,19,56,56,56,56,56,56,56,58,58,58,50,55,60,78,70,70,57,73,66,66,66,78,70,70,61,63,63,47,49,55,62,67,67,51,77,77,77,66,0],"gold":40,"neow_bonus":"RANDOM_COLORLESS_2","is_prod":false,"is_daily":false,"chose_seed":false,"campfire_upgraded":7,"win_rate":0,"timestamp":1553213511,"path_taken":["M","?","?","M","?","E","R","?","T","M","E","?","?","$","R","BOSS","M","M","$","M","$","R","E","R","T","M","M","E","?","E","R","BOSS","M","?","?","?","?","R","E","M","T","E","M","E","$","M","R","BOSS","R","$","E","BOSS"],"build_version":"2019-01-23","purchased_purges":1,"victory":false,"max_hp_per_floor":[63,63,63,63,63,63,63,63,63,63,63,63,68,68,68,68,68,68,68,68,68,68,68,68,68,68,68,68,68,78,78,78,78,78,78,78,78,78,78,78,78,78,78,78,78,78,85,85,85,85,85,85,85,85,85],"card_choices":[{"not_picked":["Dagger Spray","Calculated Gamble"],"picked":"Footwork","floor":1},{"not_picked":["Prepared","Quick Slash"],"picked":"Outmaneuver","floor":3},{"not_picked":["Predator","Finisher"],"picked":"Quick Slash","floor":4},{"not_picked":["Deadly Poison","Terror"],"picked":"Venomology","floor":6},{"not_picked":["Outmaneuver","Blade Dance"],"picked":"Deflect","floor":10},{"not_picked":["Quick Slash","Accuracy"],"picked":"Footwork","floor":11},{"not_picked":["Tactician","Slice"],"picked":"Well Laid Plans","floor":13},{"not_picked":["Adrenaline","Venomology"],"picked":"Corpse Explosion","floor":16},{"not_picked":["Skewer","Dagger Throw+1"],"picked":"Terror","floor":18},{"not_picked":["Backflip","Underhanded Strike"],"picked":"Blur+1","floor":19},{"not_picked":["Eviscerate+1","Sucker Punch"],"picked":"Dodge and Roll","floor":21},{"not_picked":["Setup","Prepared"],"picked":"Blade Dance","floor":24},{"not_picked":["Expertise+1","Deadly Poison"],"picked":"Backflip","floor":27},{"not_picked":["Heel Hook","Underhanded Strike"],"picked":"Flying Knee+1","floor":28},{"not_picked":["Noxious Fumes","Slice"],"picked":"Prepared","floor":29},{"not_picked":["Predator","Slice"],"picked":"Infinite Blades+1","floor":31},{"not_picked":["Doppelganger","Storm of Steel"],"picked":"Adrenaline","floor":33},{"not_picked":["Slice","Deflect"],"picked":"Underhanded Strike+1","floor":35},{"not_picked":["Prepared+1","Dagger Spray"],"picked":"Tactician","floor":38},{"not_picked":["Poisoned Stab","Flying Knee"],"picked":"Blur+1","floor":39},{"not_picked":["Leg Sweep","Sucker Punch+1"],"picked":"Tools of the Trade","floor":41},{"not_picked":["Dodge and Roll+1","Cloak And Dagger"],"picked":"Tactician","floor":42},{"not_picked":["Bane+1","Deadly Poison"],"picked":"Eviscerate","floor":42},{"not_picked":["PiercingWail","Grand Finale"],"picked":"Endless Agony+1","floor":44},{"not_picked":["Distraction","Poisoned Stab+1"],"picked":"Deflect","floor":45},{"not_picked":["Crippling Poison+1","Quick Slash","Masterful Stab+1"],"picked":"SKIP","floor":45},{"not_picked":["Cloak And Dagger+1","Predator"],"picked":"Escape Plan+1","floor":46},{"not_picked":["Poisoned Stab","Slice+1"],"picked":"Blur+1","floor":48},{"not_picked":["Leg Sweep","Backflip"],"picked":"Deflect+1","floor":48},{"not_picked":["Underhanded Strike","Prepared"],"picked":"Reflex","floor":54}],"player_experience":367156,"relics_obtained":[{"floor":6,"key":"Meat on the Bone"},{"floor":11,"key":"Bag of Marbles"},{"floor":13,"key":"Odd Mushroom"},{"floor":24,"key":"Whetstone"},{"floor":26,"key":"Dodecahedron"},{"floor":29,"key":"Tingsha"},{"floor":31,"key":"Vajra"},{"floor":37,"key":"PreservedInsect"},{"floor":38,"key":"Tough Bandages"},{"floor":39,"key":"Prayer Wheel"},{"floor":41,"key":"Snake Skull"},{"floor":43,"key":"Blood Vial"},{"floor":44,"key":"Pen Nib"},{"floor":46,"key":"Turnip"},{"floor":54,"key":"Bottled Lightning"}],"event_choices":[{"damage_healed":0,"gold_gain":0,"player_choice":"Upgraded","damage_taken":0,"max_hp_gain":0,"max_hp_loss":0,"event_name":"Upgrade Shrine","floor":2,"gold_loss":0,"cards_upgraded":["HandOfGreed"]},{"damage_healed":0,"gold_gain":0,"player_choice":"Success","damage_taken":12,"relics_obtained":["Juzu Bracelet"],"max_hp_gain":0,"max_hp_loss":0,"event_name":"Scrap Ooze","floor":5,"gold_loss":0},{"damage_healed":0,"gold_gain":0,"player_choice":"Grow","damage_taken":0,"max_hp_gain":0,"max_hp_loss":0,"event_name":"Living Wall","floor":8,"gold_loss":0,"cards_upgraded":["Footwork"]},{"damage_healed":0,"gold_gain":175,"player_choice":"AGREE","damage_taken":0,"max_hp_gain":0,"max_hp_loss":0,"event_name":"Liars Game","floor":12,"gold_loss":0,"cards_obtained":["Doubt"]},{"damage_healed":0,"gold_gain":0,"player_choice":"Fought Mushrooms","damage_taken":0,"max_hp_gain":0,"max_hp_loss":0,"event_name":"Mushrooms","floor":13,"gold_loss":0},{"cards_removed":["Glass Knife"],"damage_healed":8,"gold_gain":0,"player_choice":"Offered Rare","damage_taken":0,"max_hp_gain":10,"max_hp_loss":0,"event_name":"Bonfire Elementals","floor":30,"gold_loss":0},{"cards_removed":["Underhanded Strike"],"damage_healed":0,"gold_gain":0,"player_choice":"Removed Attack","damage_taken":0,"max_hp_gain":0,"max_hp_loss":0,"event_name":"Falling","floor":36,"gold_loss":0},{"damage_healed":0,"gold_gain":0,"player_choice":"Relic","damage_taken":0,"max_hp_gain":0,"max_hp_loss":0,"event_name":"Wheel of Change","floor":37,"gold_loss":0},{"damage_healed":0,"gold_gain":0,"player_choice":"Fight","damage_taken":0,"max_hp_gain":0,"max_hp_loss":0,"event_name":"MindBloom","floor":38,"gold_loss":0},{"damage_healed":0,"gold_gain":0,"player_choice":"Fight","damage_taken":0,"max_hp_gain":0,"max_hp_loss":0,"event_name":"Mysterious Sphere","floor":39,"gold_loss":0}],"is_beta":false,"boss_relics":[{"not_picked":["Snecko Eye","Eternal Feather"],"picked":"Pandora\u0027s Box"},{"not_picked":["HoveringKite","Orrery"],"picked":"WristBlade"}],"items_purged_floors":[14],"is_endless":false,"potions_floor_spawned":[4,6,11,16,21,24,28,29,35,46,48],"killed_by":"The Heart","ascension_level":5}