{"gold_per_floor":[14,25,25,37,49,49,82,82,382,401,401,412,412,151,151,230,230,240,157,157,176,190,190,190],"floor_reached":24,"playtime":745,"items_purged":[],"score":396,"play_id":"649f13bd-ea1c-471a-b53d-9aafb9b32e37","local_time":"20181127122847","is_ascension_mode":true,"campfire_choices":[{"data":"Genetic Algorithm","floor":6.0,"key":"SMITH"},{"data":"Zap","floor":8.0,"key":"SMITH"},{"floor":13.0,"key":"REST"},{"data":"Rainbow","floor":15.0,"key":"SMITH"},{"floor":23.0,"key":"REST"}],"neow_cost":"NO_GOLD","seed_source_timestamp":0,"circlet_count":0,"master_deck":["AscendersBane","Strike_B","Defend_B","Defend_B","Defend_B","Defend_B","Zap+1","Dualcast","Finesse+1","Dramatic Entrance","Compile Driver","Ball Lightning","Genetic Algorithm+1","Tempest","Conserve Battery","Core Surge","Steam","Rainbow+1","Swift Strike","Biased Cognition","Seek+1","Creative AI+1","Defragment+1","Force Field","Defragment","Parasite","Multi-Cast","Double Energy","BootSequence"],"special_seed":0,"relics":["Cracked Core","Nunchaku","Old Coin","Astrolabe"],"potions_floor_usage":[24,24],"damage_taken":[{"damage":4.0,"enemies":"2 Louse","floor":1.0,"turns":2.0},{"damage":7.0,"enemies":"Jaw Worm","floor":2.0,"turns":3.0},{"damage":0.0,"enemies":"Cultist","floor":4.0,"turns":3.0},{"damage":7.0,"enemies":"2 Fungi Beasts","floor":5.0,"turns":2.0},{"damage":25.0,"enemies":"Lagavulin","floor":7.0,"turns":5.0},{"damage":10.0,"enemies":"3 Louse","floor":10.0,"turns":3.0},{"damage":2.0,"enemies":"Looter","floor":12.0,"turns":3.0},{"damage":1.0,"enemies":"Slime Boss","floor":16.0,"turns":8.0},{"damage":11.0,"enemies":"2 Thieves","floor":18.0,"turns":3.0},{"damage":11.0,"enemies":"Chosen","floor":21.0,"turns":4.0},{"damage":10.0,"enemies":"Centurion and Healer","floor":22.0,"turns":6.0},{"damage":55,"enemies":"Gremlin Leader","floor":24,"turns":7}],"seed_played":"-7652160837971785278","potions_obtained":[{"floor":1.0,"key":"Regen Potion"},{"floor":5.0,"key":"Swift Potion"},{"floor":12.0,"key":"SpeedPotion"},{"floor":18.0,"key":"Dexterity Potion"}],"is_trial":false,"path_per_floor":["M","M","?","M","M","R","E","R","T","M","T","M","R","$","R","B",null,"M","$","?","M","M","R","E"],"character_chosen":"DEFECT","items_purchased":["Rainbow","Swift Strike","Defragment"],"campfire_rested":2,"item_purchase_floors":[14,14,19],"current_hp_per_floor":[60,53,53,53,46,46,35,35,35,25,25,23,44,44,44,43,64,53,53,53,42,32,53,0],"gold":190,"neow_bonus":"RANDOM_COLORLESS_2","is_prod":false,"is_daily":false,"chose_seed":false,"campfire_upgraded":3,"win_rate":0,"timestamp":1543339727,"path_taken":["M","M","?","M","M","R","E","R","T","M","?","M","R","$","R","BOSS","M","$","?","?","M","R","E"],"build_version":"2018-11-15","purchased_purges":0,"victory":false,"max_hp_per_floor":[71,71,71,71,71,71,71,71,71,71,71,71,71,71,71,71,71,71,71,71,71,71,71,71],"card_choices":[{"not_picked":["Aggregate","BootSequence"],"picked":"Compile Driver","floor":1.0},{"not_picked":["Darkness","Steam Power"],"picked":"Ball Lightning","floor":2.0},{"not_picked":["Sunder","Barrage"],"picked":"Genetic Algorithm","floor":4.0},{"not_picked":["Barrage","Redo"],"picked":"Tempest","floor":5.0},{"not_picked":["Redo","Turbo"],"picked":"Conserve Battery","floor":7.0},{"not_picked":["Genetic Algorithm","Stack"],"picked":"Core Surge","floor":10.0},{"not_picked":["Coolheaded","Streamline"],"picked":"Steam","floor":12.0},{"not_picked":["Machine Learning","Buffer"],"picked":"Biased Cognition","floor":16.0},{"not_picked":["Skim","Compile Driver"],"picked":"Force Field","floor":18.0},{"not_picked":["Stack","Ball Lightning"],"picked":"Double Energy","floor":21.0},{"not_picked":["Leap","Gash"],"picked":"BootSequence","floor":22.0}],"player_experience":776396,"relics_obtained":[{"floor":7.0,"key":"Nunchaku"},{"floor":9.0,"key":"Old Coin"}],"event_choices":[{"damage_healed":0.0,"max_hp_gain":0.0,"max_hp_loss":0.0,"gold_gain":0.0,"event_name":"Living Wall","player_choice":"Grow","floor":3.0,"gold_loss":0.0,"damage_taken":0.0,"cards_upgraded":["Finesse"]},{"damage_healed":0.0,"max_hp_gain":0.0,"max_hp_loss":0.0,"gold_gain":0.0,"event_name":"Match and Keep!","player_choice":"2 cards matched","floor":20.0,"gold_loss":0.0,"damage_taken":0.0,"cards_obtained":["Parasite","Multi-Cast"]}],"is_beta":false,"boss_relics":[{"not_picked":["White Beast Statue","Lizard Tail"],"picked":"Astrolabe"}],"items_purged_floors":[],"is_endless":false,"potions_floor_spawned":[1,5,12,18],"killed_by":"Gremlin Leader","ascension_level":20}