{"gold_per_floor":[113,16,35,35,35,35,69,85,111,123,47,47,66,99,99,170,170,170,170,170,170,180,180,215,215,215,215,130,130,162,177,177,252,252,271,1270,1270,482,493,493,194,228,253,253,288,300,313,23,23,23,23],"floor_reached":51,"playtime":1867,"items_purged":["Normality","Normality","Writhe"],"score":1648,"play_id":"fe75cbac-6e3d-4f2c-85a1-f31905a16982","local_time":"20190409074644","is_ascension_mode":true,"campfire_choices":[{"data":"Zap","floor":6.0,"key":"SMITH"},{"data":"Sunder","floor":12.0,"key":"SMITH"},{"data":"Beam Cell","floor":15.0,"key":"SMITH"},{"data":"Reboot","floor":23.0,"key":"SMITH"},{"floor":25.0,"key":"REST"},{"data":"Gash","floor":27.0,"key":"SMITH"},{"data":"White Noise","floor":29.0,"key":"SMITH"},{"floor":32.0,"key":"REST"},{"data":"Hologram","floor":40.0,"key":"SMITH"},{"data":"Dualcast","floor":44.0,"key":"SMITH"},{"floor":49.0,"key":"REST"}],"neow_cost":"NONE","seed_source_timestamp":0,"circlet_count":0,"master_deck":["AscendersBane","Strike_B","Strike_B","Strike_B","Strike_B","Defend_B","Defend_B","Defend_B","Defend_B","Zap+1","Dualcast+1","FTL","Flash of Steel","FTL","Gash+1","Beam Cell+1","Sunder+1","White Noise+1","Reboot+1","All For One","Writhe","Conserve Battery+1","Steam","Coolheaded","Gash","Thunder Strike","Biased Cognition+1","Hologram+1","Flash of Steel","Glacier","Master of Strategy","Parasite","Scrape+1","Master of Strategy","Hologram"],"special_seed":0,"relics":["FrozenCore","NeowsBlessing","Happy Flower","Lantern","PreservedInsect","Inserter","Ancient Tea Set","Dream Catcher","Meat on the Bone","Du-Vu Doll","Frozen Egg 2","Strawberry","Oddly Smooth Stone","Runic Capacitor","Singing Bowl","Smiling Mask","Ornamental Fan"],"potions_floor_usage":[],"damage_taken":[{"damage":0.0,"enemies":"2 Louse","floor":1.0,"turns":1.0},{"damage":0.0,"enemies":"Cultist","floor":3.0,"turns":1.0},{"damage":0.0,"enemies":"3 Sentries","floor":7.0,"turns":1.0},{"damage":2.0,"enemies":"Jaw Worm","floor":8.0,"turns":2.0},{"damage":0.0,"enemies":"Exordium Wildlife","floor":10.0,"turns":2.0},{"damage":6.0,"enemies":"Looter","floor":13.0,"turns":2.0},{"damage":0.0,"enemies":"Gremlin Nob","floor":14.0,"turns":3.0},{"damage":0.0,"enemies":"Slime Boss","floor":16.0,"turns":3.0},{"damage":0.0,"enemies":"Shell Parasite","floor":18.0,"turns":1.0},{"damage":16.0,"enemies":"Colosseum Slavers","floor":21.0,"turns":3.0},{"damage":0.0,"enemies":"Chosen","floor":22.0,"turns":3.0},{"damage":29.0,"enemies":"Slavers","floor":24.0,"turns":5.0},{"damage":13.0,"enemies":"Book of Stabbing","floor":30.0,"turns":3.0},{"damage":4.0,"enemies":"Sentry and Sphere","floor":31.0,"turns":3.0},{"damage":57.0,"enemies":"Collector","floor":33.0,"turns":7.0},{"damage":17.0,"enemies":"Orb Walker","floor":35.0,"turns":5.0},{"damage":1.0,"enemies":"3 Shapes","floor":39.0,"turns":3.0},{"damage":11.0,"enemies":"Nemesis","floor":42.0,"turns":7.0},{"damage":4.0,"enemies":"Giant Head","floor":45.0,"turns":6.0},{"damage":13.0,"enemies":"Writhing Mass","floor":46.0,"turns":6.0},{"damage":2.0,"enemies":"3 Darklings","floor":47.0,"turns":4.0},{"damage":24,"enemies":"Donu and Deca","floor":50,"turns":10},{"damage":65,"enemies":"Time Eater","floor":51,"turns":5}],"seed_played":"5755693329434066195","potions_obtained":[{"floor":4.0,"key":"SmokeBomb"},{"floor":4.0,"key":"SkillPotion"},{"floor":14.0,"key":"GamblersBrew"},{"floor":16.0,"key":"FearPotion"},{"floor":31.0,"key":"FocusPotion"},{"floor":33.0,"key":"Energy Potion"},{"floor":39.0,"key":"FocusPotion"},{"floor":46.0,"key":"AttackPotion"}],"is_trial":false,"path_per_floor":["M","$","M","?","$","R","E","M","T","M","$","R","M","E","R","B",null,"M","$","?","?","M","R","E","R","T","R","?","R","E","M","R","B",null,"M","?","?","$","M","R","$","E","T","R","E","M","M","$","R","B","B"],"character_chosen":"DEFECT","items_purchased":["Flash of Steel","Sunder","Strawberry","Oddly Smooth Stone","Runic Capacitor","Flash of Steel","AttackPotion","Master of Strategy","Master of Strategy","Hologram"],"campfire_rested":3,"item_purchase_floors":[2,11,38,38,38,38,38,41,48,48],"current_hp_per_floor":[64,64,64,64,64,64,64,62,62,62,62,62,56,56,56,56,67,67,67,67,51,51,51,22,43,43,43,43,43,42,38,59,14,57,40,40,54,61,60,60,60,51,51,51,49,48,48,48,75,51,0],"gold":23,"neow_bonus":"THREE_ENEMY_KILL","is_prod":false,"is_daily":false,"chose_seed":false,"campfire_upgraded":8,"win_rate":0,"timestamp":1554810404,"path_taken":["M","$","M","?","$","R","E","M","T","M","?","R","M","E","R","BOSS","M","$","?","?","M","R","E","R","T","R","?","R","E","?","R","BOSS","M","?","?","$","M","R","$","E","T","R","E","M","M","$","R","BOSS","BOSS"],"build_version":"2019-01-23","purchased_purges":3,"victory":false,"max_hp_per_floor":[71,71,71,71,71,71,71,71,71,71,71,71,71,71,71,71,71,71,71,71,71,71,71,71,71,71,71,71,71,71,71,71,71,71,71,71,71,78,78,78,78,80,80,80,82,82,84,84,86,86,86],"card_choices":[{"not_picked":["Turbo","Coolheaded"],"picked":"FTL","floor":1.0},{"not_picked":["Darkness","Conserve Battery"],"picked":"FTL","floor":3.0},{"not_picked":["Stack","Ball Lightning"],"picked":"Gash","floor":7.0},{"not_picked":["Go for the Eyes","Leap"],"picked":"Beam Cell","floor":8.0},{"not_picked":["Go for the Eyes","Barrage","Hologram"],"picked":"SKIP","floor":10.0},{"not_picked":["Reinforced Body","Genetic Algorithm"],"picked":"White Noise","floor":13.0},{"not_picked":["Hello World","Redo"],"picked":"Reboot","floor":14.0},{"not_picked":["Amplify","Seek"],"picked":"All For One","floor":16.0},{"not_picked":["Streamline","Cold Snap"],"picked":"Conserve Battery+1","floor":22.0},{"not_picked":["Conserve Battery","Blizzard"],"picked":"Steam","floor":24.0},{"not_picked":["Auto Shields","Reinforced Body"],"picked":"Coolheaded","floor":30.0},{"not_picked":["Scrape","Sunder"],"picked":"Gash","floor":31.0},{"not_picked":["Barrage","Storm+1"],"picked":"Thunder Strike","floor":32.0},{"not_picked":["Machine Learning+1","Amplify"],"picked":"Biased Cognition+1","floor":33.0},{"not_picked":["Sweeping Beam","Barrage"],"picked":"Hologram","floor":35.0},{"not_picked":["Fusion","Conserve Battery+1"],"picked":"Glacier","floor":39.0},{"not_picked":["Stack","Hologram","FTL"],"picked":"Singing Bowl","floor":42.0},{"not_picked":["Sweeping Beam","Cold Snap","Machine Learning+1"],"picked":"Singing Bowl","floor":45.0},{"not_picked":["Cold Snap","Leap"],"picked":"Scrape+1","floor":46.0},{"not_picked":["Leap","Ball Lightning+1","Conserve Battery+1"],"picked":"Singing Bowl","floor":47.0},{"not_picked":["Rip and Tear","Heatsinks+1","Stack"],"picked":"Singing Bowl","floor":49.0}],"player_experience":886335,"relics_obtained":[{"floor":7.0,"key":"Happy Flower"},{"floor":9.0,"key":"Lantern"},{"floor":14.0,"key":"PreservedInsect"},{"floor":24.0,"key":"Dream Catcher"},{"floor":26.0,"key":"Meat on the Bone"},{"floor":30.0,"key":"Frozen Egg 2"},{"floor":42.0,"key":"Singing Bowl"},{"floor":43.0,"key":"Smiling Mask"},{"floor":45.0,"key":"Ornamental Fan"}],"event_choices":[{"damage_healed":0.0,"max_hp_gain":0.0,"max_hp_loss":0.0,"gold_gain":0.0,"event_name":"Lab","player_choice":"Got Potions","floor":4.0,"gold_loss":0.0,"damage_taken":0.0},{"damage_healed":0.0,"max_hp_gain":0.0,"max_hp_loss":0.0,"gold_gain":0.0,"event_name":"The Mausoleum","player_choice":"Opened","floor":20.0,"gold_loss":0.0,"damage_taken":0.0,"relics_obtained":["Ancient Tea Set"],"cards_obtained":["Writhe"]},{"damage_healed":0.0,"max_hp_gain":0.0,"max_hp_loss":0.0,"gold_gain":0.0,"event_name":"Colosseum","player_choice":"Fight","floor":21.0,"gold_loss":0.0,"damage_taken":0.0},{"damage_healed":0.0,"max_hp_gain":0.0,"max_hp_loss":0.0,"gold_gain":0.0,"event_name":"Colosseum","player_choice":"Fled From Nobs","floor":21.0,"gold_loss":0.0,"damage_taken":0.0},{"damage_healed":0.0,"max_hp_gain":0.0,"max_hp_loss":0.0,"gold_gain":0.0,"event_name":"Addict","player_choice":"Obtained Relic","floor":28.0,"gold_loss":85.0,"damage_taken":0.0,"relics_obtained":["Du-Vu Doll"]},{"damage_healed":0.0,"max_hp_gain":0.0,"max_hp_loss":0.0,"gold_gain":999.0,"event_name":"MindBloom","player_choice":"Gold","floor":36.0,"gold_loss":0.0,"damage_taken":0.0,"cards_obtained":["Normality","Normality"]},{"damage_healed":14.0,"max_hp_gain":0.0,"max_hp_loss":0.0,"gold_gain":0.0,"event_name":"Winding Halls","player_choice":"Writhe","floor":37.0,"gold_loss":0.0,"damage_taken":0.0,"cards_obtained":["Writhe"]}],"is_beta":false,"boss_relics":[{"not_picked":["Eternal Feather","Runic Dome"],"picked":"Inserter"},{"not_picked":["Calling Bell","Coffee Dripper"],"picked":"FrozenCore"}],"items_purged_floors":[38,41,48],"is_endless":false,"potions_floor_spawned":[8,14,16,18,21,31,33,39,46],"killed_by":"Time Eater","ascension_level":20}