{"gold_per_floor":[116,127,146,146,156,186,186,201,201,228,89,101,101,120,120,223,273,286,301,311,341,341,341,351,351,397,425,425],"floor_reached":28,"playtime":1705,"items_purged":[],"score":252,"play_id":"43455c6c-765f-4abd-b6f0-398af419942e","local_time":"20181231020917","is_ascension_mode":false,"campfire_choices":[{"floor":7,"key":"REST"},{"floor":13,"key":"REST"},{"floor":15,"key":"REST"},{"floor":25,"key":"REST"}],"neow_cost":"NONE","seed_source_timestamp":212144625516467,"circlet_count":0,"master_deck":["Strike_B","Strike_B","Strike_B","Strike_B","Defend_B","Defend_B","Defend_B","Defend_B","Zap","Dualcast","Impatience","Ball Lightning+1","Beam Cell","Consume","Meteor Strike","Echo Form","Coolheaded","Turbo","Thunder Strike+1","Redo","Conserve Battery","Hyperbeam+1","Fusion","Streamline+1","Darkness","Double Energy","Decay","Auto Shields","Static Discharge"],"relics":["Cracked Core","Question Card","Boot","Cables","Unceasing Top","Tiny House","Tiny Chest","Whetstone","Pantograph"],"potions_floor_usage":[14,16,27],"damage_taken":[{"damage":1,"enemies":"Cultist","floor":1,"turns":3},{"damage":2,"enemies":"2 Louse","floor":2,"turns":2},{"damage":3,"enemies":"Small Slimes","floor":3,"turns":2},{"damage":9,"enemies":"Blue Slaver","floor":5,"turns":3},{"damage":31,"enemies":"Lagavulin","floor":6,"turns":6},{"damage":11,"enemies":"3 Louse","floor":8,"turns":3},{"damage":8,"enemies":"Gremlin Nob","floor":10,"turns":3},{"damage":8,"enemies":"Gremlin Gang","floor":12,"turns":3},{"damage":0,"enemies":"Looter","floor":14,"turns":1},{"damage":49,"enemies":"The Guardian","floor":16,"turns":7},{"damage":11,"enemies":"Shell Parasite","floor":18,"turns":5},{"damage":14,"enemies":"Chosen","floor":19,"turns":5},{"damage":0,"enemies":"Snecko","floor":20,"turns":4},{"damage":18,"enemies":"Snake Plant","floor":24,"turns":4},{"damage":60,"enemies":"Gremlin Leader","floor":27,"turns":7},{"damage":5,"enemies":"Masked Bandits","floor":28,"turns":1}],"seed_played":"-3808267456283809076","potions_obtained":[{"floor":3,"key":"PowerPotion"},{"floor":5,"key":"SmokeBomb"},{"floor":6,"key":"PowerPotion"},{"floor":10,"key":"Poison Potion"},{"floor":16,"key":"Energy Potion"},{"floor":17,"key":"LiquidBronze"},{"floor":19,"key":"Ancient Potion"}],"is_trial":false,"path_per_floor":["M","M","M","?","M","E","R","M","T","E","$","M","R","M","R","B",null,"M","M","M","T","?","?","M","R","T","E","?"],"character_chosen":"DEFECT","items_purchased":["Thunder Strike"],"campfire_rested":4,"item_purchase_floors":[11],"current_hp_per_floor":[74,72,69,69,60,29,51,40,40,32,32,24,46,46,68,19,80,69,55,55,55,55,55,37,61,61,1,0],"gold":425,"neow_bonus":"RANDOM_COLORLESS","is_prod":false,"is_daily":false,"chose_seed":false,"campfire_upgraded":0,"win_rate":0.0,"timestamp":1546250957,"path_taken":["M","M","M","?","?","E","R","M","T","E","?","M","R","M","R","BOSS","M","M","M","?","?","?","?","R","T","E","?"],"build_version":"2018-12-20","purchased_purges":0,"victory":false,"max_hp_per_floor":[75,75,75,75,75,75,75,75,75,75,75,75,75,75,75,75,80,80,80,80,80,80,80,80,80,80,80,80],"card_choices":[{"not_picked":["Beam Cell","Sweeping Beam"],"picked":"Ball Lightning","floor":1},{"not_picked":["Barrage","Heatsinks"],"picked":"Beam Cell","floor":2},{"not_picked":["Steam","Conserve Battery"],"picked":"Consume","floor":3},{"not_picked":["Barrage","Compile Driver","Leap"],"picked":"Meteor Strike","floor":5},{"not_picked":["Stack","Barrage","Gash"],"picked":"Echo Form","floor":6},{"not_picked":["Conserve Battery","Leap","Barrage"],"picked":"Coolheaded","floor":8},{"not_picked":["Steam","Ball Lightning","Chill"],"picked":"Turbo","floor":10},{"not_picked":["Go for the Eyes","Thunder Strike","Turbo"],"picked":"Redo","floor":12},{"not_picked":["Storm","Leap","Scrape"],"picked":"Conserve Battery","floor":14},{"not_picked":["Meteor Strike","Amplify","Creative AI"],"picked":"Hyperbeam","floor":16},{"not_picked":["Cold Snap","Hologram","Skim"],"picked":"Fusion","floor":17},{"not_picked":["Redo","Steam","Cold Snap+1"],"picked":"Streamline+1","floor":18},{"not_picked":["Coolheaded","Fusion","Beam Cell"],"picked":"Darkness","floor":19},{"not_picked":["BootSequence","Go for the Eyes+1","Coolheaded"],"picked":"Double Energy","floor":20},{"not_picked":["Consume","Steam+1","Ball Lightning+1"],"picked":"Auto Shields","floor":24},{"not_picked":["Recycle","Reboot","Go for the Eyes"],"picked":"Static Discharge","floor":27}],"player_experience":179689,"relics_obtained":[{"floor":6,"key":"Boot"},{"floor":9,"key":"Cables"},{"floor":10,"key":"Unceasing Top"},{"floor":21,"key":"Tiny Chest"},{"floor":26,"key":"Whetstone"},{"floor":27,"key":"Pantograph"}],"event_choices":[{"damage_healed":0,"gold_gain":0,"player_choice":"Gave Potion","damage_taken":0,"relics_obtained":["Question Card"],"max_hp_gain":0,"max_hp_loss":0,"event_name":"WeMeetAgain","floor":4,"gold_loss":0},{"damage_healed":0,"gold_gain":0,"player_choice":"Ignored","damage_taken":0,"max_hp_gain":0,"max_hp_loss":0,"event_name":"Vampires","floor":22,"gold_loss":0},{"damage_healed":0,"gold_gain":0,"player_choice":"Cursed","damage_taken":0,"max_hp_gain":0,"max_hp_loss":0,"event_name":"Wheel of Change","floor":23,"gold_loss":0,"cards_obtained":["Decay"]},{"damage_healed":0,"gold_gain":0,"player_choice":"Fought Bandits","damage_taken":0,"max_hp_gain":0,"max_hp_loss":0,"event_name":"Masked Bandits","floor":28,"gold_loss":0}],"is_beta":false,"boss_relics":[{"not_picked":["Velvet Choker","Eternal Feather"],"picked":"Tiny House"}],"items_purged_floors":[],"is_endless":false,"potions_floor_spawned":[3,5,6,10,16,19],"killed_by":"Masked Bandits","ascension_level":0}