{"path_per_floor":["M","?","?","?","M","R","?","R","T","?","M","R","E","?","R","B",null,"M","?","?","M","$","E","R","M","T","R","?","M","E","M","R","B",null,"M","?","M","?","$","R","E","R","T","?","M","R","M","M","R","B"],"character_chosen":"DEFECT","items_purchased":["Glacier","Whetstone","Cables","Self Repair","DataDisk","Fire Potion"],"gold_per_floor":[119,119,194,194,218,218,218,218,218,246,270,270,306,384,384,505,505,530,620,651,640,7,42,42,65,90,90,15,29,60,78,78,206,206,221,221,245,245,38,38,78,78,78,300,323,323,346,367,367,367],"floor_reached":51,"campfire_rested":4,"playtime":2998,"current_hp_per_floor":[73,55,44,69,69,69,62,62,72,59,58,58,44,25,50,28,85,58,42,38,22,22,18,43,23,23,48,48,39,22,11,36,33,85,85,85,85,74,74,74,81,81,81,81,85,85,85,85,85,33],"items_purged":["Strike_B"],"gold":367,"score":777,"play_id":"6a6760ec-9a0f-414d-94eb-89a046dc9517","local_time":"20180510203545","is_prod":false,"is_daily":false,"chose_seed":false,"is_ascension_mode":true,"campfire_upgraded":7,"timestamp":1525998945,"path_taken":["M","?","?","?","M","R","?","R","T","?","?","R","E","?","R","BOSS","M","?","?","M","$","E","R","M","T","R","?","M","E","M","R","BOSS","M","?","M","?","$","R","E","R","T","?","M","R","M","M","R","BOSS"],"build_version":"2018-05-10","seed_source_timestamp":0,"purchased_purges":1,"victory":true,"master_deck":["Strike_B","Strike_B+1","Defend_B","Defend_B","Defend_B","Zap+1","Dualcast+1","Axe Kick+1","Tempest","Defragment+1","Sweeping Beam+1","Darkness+1","Skim","Buffer+1","Coolheaded+1","Barrage+1","Glacier","Self Repair","Genetic Algorithm+1","Undo+1","Fusion+1","Cold Snap+1","Finesse","Sweeping Beam+1","Madness","Madness","Capacitor+1","Self Repair"],"max_hp_per_floor":[75,75,75,75,75,75,75,75,85,85,85,85,85,85,85,85,85,85,85,85,85,85,85,85,85,85,85,85,85,85,85,85,85,85,85,85,85,85,85,85,85,85,85,85,85,85,85,85,85,85],"relics":["Runic Pyramid","Golden Idol","Pear","Odd Mushroom","Vajra","Juzu Bracelet","Lizard Tail","Red Mask","Whetstone","Cables","Mummified Hand","Anchor","Kunai","Nuclear Battery","DataDisk","Regal Pillow","Dodecahedron"],"card_choices":[{"not_picked":["Heatsinks","Steam"],"picked":"Axe Kick","floor":1.0},{"not_picked":["Heatsinks","Storm"],"picked":"Tempest","floor":5.0},{"not_picked":["Heatsinks","Turbo"],"picked":"Defragment","floor":10.0},{"not_picked":["Cold Snap","Hologram"],"picked":"Sweeping Beam","floor":11.0},{"not_picked":["Go for the Eyes","Tempest"],"picked":"Darkness","floor":13.0},{"not_picked":["Storm","Axe Kick"],"picked":"Skim","floor":14.0},{"not_picked":["Seek","Rainbow"],"picked":"Buffer","floor":16.0},{"not_picked":["Tempest","Heatsinks"],"picked":"Coolheaded","floor":20.0},{"not_picked":["Streamline","Steam Power"],"picked":"Barrage","floor":21.0},{"not_picked":["Steam","Steam Power"],"picked":"Genetic Algorithm","floor":23.0},{"not_picked":["Loop","Scrape"],"picked":"Undo","floor":29.0},{"not_picked":["Rainbow","Amplify"],"picked":"Fusion","floor":33},{"not_picked":["Doom and Gloom","Gash"],"picked":"Cold Snap","floor":35},{"not_picked":["Deep Breath","Flash of Steel"],"picked":"Finesse","floor":36},{"not_picked":["BootSequence","Stack"],"picked":"Sweeping Beam","floor":37},{"not_picked":["Cold Snap","Tempest"],"picked":"Capacitor","floor":41},{"not_picked":["Barrage","White Noise"],"picked":"Self Repair","floor":45}],"player_experience":65363,"potions_floor_usage":[30,41,48,50,50],"damage_taken":[{"damage":2.0,"enemies":"2 Louse","floor":1.0,"turns":2.0},{"damage":0.0,"enemies":"Small Slimes","floor":5.0,"turns":3.0},{"damage":13.0,"enemies":"The Mushroom Lair","floor":10.0,"turns":5.0},{"damage":1.0,"enemies":"Cultist","floor":11.0,"turns":3.0},{"damage":14.0,"enemies":"3 Sentries","floor":13.0,"turns":6.0},{"damage":19.0,"enemies":"3 Sentries","floor":14.0,"turns":5.0},{"damage":22.0,"enemies":"Hexaghost","floor":16.0,"turns":7.0},{"damage":27.0,"enemies":"Spheric Guardian","floor":18.0,"turns":5.0},{"damage":4.0,"enemies":"Masked Bandits","floor":20.0,"turns":3.0},{"damage":16.0,"enemies":"2 Thieves","floor":21.0,"turns":5.0},{"damage":53.0,"enemies":"Gremlin Leader","floor":23.0,"turns":11.0},{"damage":27.0,"enemies":"Snake Plant","floor":25.0,"turns":6.0},{"damage":16.0,"enemies":"Chosen and Byrds","floor":29.0,"turns":5.0},{"damage":24,"enemies":"Slavers","floor":30,"turns":6},{"damage":20,"enemies":"Sentry and Sphere","floor":31,"turns":8},{"damage":10,"enemies":"Champ","floor":33,"turns":12},{"damage":2,"enemies":"Orb Walker","floor":35,"turns":5},{"damage":6,"enemies":"3 Darklings","floor":37,"turns":9},{"damage":24,"enemies":"2 Orb Walkers","floor":41,"turns":4},{"damage":12,"enemies":"Maw","floor":45,"turns":10},{"damage":0,"enemies":"Spire Growth","floor":47,"turns":6},{"damage":16,"enemies":"Sphere and 2 Shapes","floor":48,"turns":5},{"damage":100,"enemies":"Donu and Deca","floor":50,"turns":15}],"event_choices":[{"event_name":"Golden Idol","player_choice":"Take Damage","floor":2.0,"damage_taken":0.0},{"event_name":"World of Goop","player_choice":"Gather Gold","floor":3.0,"damage_taken":0.0},{"event_name":"Big Fish","player_choice":"Banana","floor":4.0,"damage_taken":0.0},{"event_name":"Golden Wing","player_choice":"Card Removal","floor":7.0,"damage_taken":0.0},{"event_name":"Mushrooms","player_choice":"Fought Mushrooms","floor":10.0,"damage_taken":0.0},{"event_name":"Dead Adventurer","player_choice":"Searched \u00271\u0027 times","floor":14.0,"damage_taken":0.0},{"event_name":"Knowing Skull","player_choice":"GOLD ","floor":19.0,"damage_taken":0.0},{"event_name":"Masked Bandits","player_choice":"Fought over 620 gold","floor":20.0,"damage_taken":0.0},{"event_name":"Beggar","player_choice":"Gave Gold","floor":28.0,"damage_taken":0.0},{"event_name":"SensoryStone","player_choice":"Memory 1","floor":36,"damage_taken":0},{"event_name":"Winding Halls","player_choice":"Embrace Madness","floor":38,"damage_taken":0},{"event_name":"Tomb of Lord Red Mask","player_choice":"Wore Mask","floor":44,"damage_taken":0}],"boss_relics":[{"not_picked":["Philosopher\u0027s Stone","White Beast Statue"],"picked":"Nuclear Battery"}],"potions_floor_spawned":[1,10,13,14,16,18,23,29,33,37,45],"seed_played":"-3384267533564856028","ascension_level":2,"is_trial":false}