{"path_per_floor":["M","?","$","T","M","R","?","E","T","?","M","M","R","M","R","B",null,"M","?","?","M","T","E","R","?","T"],"character_chosen":"DEFECT","items_purchased":[],"gold_per_floor":[113,113,38,38,49,49,124,157,157,157,177,187,187,203,203,301,301,312,312,227,238,238,268,268,268,268,268],"floor_reached":27,"campfire_rested":2,"playtime":723,"item_purchase_floors":[],"current_hp_per_floor":[68,53,53,53,53,53,42,42,42,42,49,34,34,27,52,38,85,70,70,70,64,64,26,51,51,51,0],"items_purged":["Strike_B"],"gold":268,"score":275,"play_id":"4c0278da-48e2-4591-a578-c428ce142238","local_time":"20180609192716","is_prod":false,"is_daily":false,"chose_seed":false,"is_ascension_mode":true,"campfire_upgraded":2,"win_rate":0,"timestamp":1528543636,"campfire_choices":[{"data":"Dualcast","floor":6,"key":"SMITH"},{"data":"Beam Cell","floor":13,"key":"SMITH"},{"floor":15,"key":"REST"},{"floor":24,"key":"REST"}],"path_taken":["M","?","$","?","M","R","?","E","T","?","M","M","R","?","R","BOSS","M","?","?","M","?","E","R","?","T","E"],"build_version":"2018-06-07v3","seed_source_timestamp":180542275380060,"purchased_purges":1,"victory":false,"master_deck":["Strike_B+1","Strike_B+1","Defend_B","Defend_B","Defend_B","Zap+1","Dualcast+1","Sweeping Beam","White Noise+1","Beam Cell+1","Gash","Coolheaded+1","Seek+1","Rebound+1","Defragment"],"max_hp_per_floor":[75,75,75,75,75,75,75,85,85,85,85,85,85,85,85,85,85,85,85,85,85,85,85,85,85,85,85],"relics":["Cracked Core","Toxic Egg 2","Pear","Ornamental Fan","Black Star","Dodecahedron","Centennial Puzzle","Peace Pipe","Dead Branch","Darkstone Periapt"],"card_choices":[{"not_picked":["Go for the Eyes","Redo"],"picked":"Sweeping Beam","floor":1},{"not_picked":["Rebound","Steam+1"],"picked":"White Noise+1","floor":5},{"not_picked":["Glacier+1","Leap+1"],"picked":"Beam Cell","floor":8},{"not_picked":["Barrage","Darkness+1","Ball Lightning"],"picked":"SKIP","floor":11},{"not_picked":["Rainbow+1","Go for the Eyes"],"picked":"Gash","floor":12},{"not_picked":["Blizzard","Heatsinks"],"picked":"Coolheaded+1","floor":14},{"not_picked":["Fission+1","Rainbow+1"],"picked":"Seek+1","floor":16},{"not_picked":["Go for the Eyes","Aggregate+1","Turbo+1"],"picked":"SKIP","floor":18},{"not_picked":["Undo+1","Go for the Eyes"],"picked":"Rebound+1","floor":21},{"not_picked":["Buffer","Chaos+1"],"picked":"Defragment","floor":23}],"player_experience":244905,"potions_floor_usage":[8,12,21,23,23],"damage_taken":[{"damage":7,"enemies":"2 Louse","floor":1,"turns":2},{"damage":0,"enemies":"Small Slimes","floor":5,"turns":3},{"damage":10,"enemies":"3 Sentries","floor":8,"turns":4},{"damage":0,"enemies":"Cultist","floor":11,"turns":2},{"damage":15,"enemies":"Large Slime","floor":12,"turns":3},{"damage":7,"enemies":"Looter","floor":14,"turns":3},{"damage":14,"enemies":"Slime Boss","floor":16,"turns":8},{"damage":15,"enemies":"Shell Parasite","floor":18,"turns":3},{"damage":6,"enemies":"Chosen","floor":21,"turns":3},{"damage":38,"enemies":"Slavers","floor":23,"turns":4},{"damage":58,"enemies":"Gremlin Leader","floor":27,"turns":5}],"relics_obtained":[{"floor":4,"key":"Toxic Egg 2"},{"floor":8,"key":"Pear"},{"floor":9,"key":"Ornamental Fan"},{"floor":22,"key":"Centennial Puzzle"},{"floor":23,"key":"Peace Pipe"},{"floor":23,"key":"Dead Branch"},{"floor":26,"key":"Darkstone Periapt"}],"event_choices":[{"event_name":"Shining Light","player_choice":"Entered Light","floor":2,"damage_taken":0},{"event_name":"World of Goop","player_choice":"Gather Gold","floor":7,"damage_taken":0},{"event_name":"Living Wall","player_choice":"Forget","floor":10,"damage_taken":0},{"event_name":"The Lab","player_choice":"Got Potions","floor":19,"damage_taken":0},{"event_name":"Addict","player_choice":"Obtained Relic","floor":20,"damage_taken":0},{"event_name":"Bonfire Elementals","player_choice":"BASIC","floor":25,"damage_taken":0}],"boss_relics":[{"not_picked":["Runic Pyramid","Snecko Eye"],"picked":"Black Star"}],"items_purged_floors":[3],"potions_floor_spawned":[5,8,16,18],"seed_played":"6244392083087541503","killed_by":"Gremlin Leader","ascension_level":4,"potions_obtained":[{"floor":5,"key":"EssenceOfSteel"},{"floor":8,"key":"Weak Potion"},{"floor":16,"key":"Fire Potion"},{"floor":18,"key":"SpeedPotion"},{"floor":19,"key":"LiquidBronze"},{"floor":19,"key":"Ancient Potion"}],"is_trial":false}