{"gold_per_floor":[114,64,64,77,2,32,49,49,49,74,74,103,119,138,138,138],"floor_reached":16,"playtime":639,"items_purged":["Regret"],"score":232,"play_id":"a7ad5294-5ffd-4b6e-97e9-17dbaf08faa9","local_time":"20190506135032","is_ascension_mode":true,"campfire_choices":[{"data":"Phantasmal Killer","floor":8,"key":"SMITH"},{"floor":11,"key":"REST"},{"floor":15,"key":"REST"}],"neow_cost":"NONE","seed_source_timestamp":70711998035546,"circlet_count":0,"master_deck":["AscendersBane","Defend_G","Defend_G","Defend_G","Defend_G","Strike_G","Strike_G","Strike_G","Strike_G","Strike_G","Survivor","Neutralize","Poisoned Stab","Cloak And Dagger","Bane","Phantasmal Killer+1","Dagger Throw"],"relics":["Ring of the Snake","NeowsBlessing","The Specimen","Singing Bowl","Calipers","Lantern","Centennial Puzzle"],"potions_floor_usage":[10,10,16,16],"damage_taken":[{"damage":0,"enemies":"Small Slimes","floor":1,"turns":1},{"damage":0,"enemies":"Jaw Worm","floor":4,"turns":1},{"damage":0,"enemies":"3 Sentries","floor":6,"turns":1},{"damage":3,"enemies":"2 Louse","floor":7,"turns":4},{"damage":34,"enemies":"Gremlin Nob","floor":10,"turns":5},{"damage":36,"enemies":"3 Sentries","floor":12,"turns":9},{"damage":8,"enemies":"Exordium Thugs","floor":13,"turns":6},{"damage":1,"enemies":"Red Slaver","floor":14,"turns":3},{"damage":45,"enemies":"Slime Boss","floor":16,"turns":8}],"seed_played":"-6982732201844873036","potions_obtained":[{"floor":4,"key":"Swift Potion"},{"floor":7,"key":"Ancient Potion"},{"floor":13,"key":"Fire Potion"},{"floor":14,"key":"Regen Potion"}],"is_trial":false,"path_per_floor":["M","?","?","M","$","E","M","R","T","E","R","E","M","M","R","B"],"character_chosen":"THE_SILENT","items_purchased":[],"campfire_rested":2,"item_purchase_floors":[],"current_hp_per_floor":[63,63,63,63,63,63,60,60,60,26,47,13,7,8,30,0],"gold":138,"neow_bonus":"THREE_ENEMY_KILL","is_prod":false,"is_daily":false,"chose_seed":false,"campfire_upgraded":1,"win_rate":0,"timestamp":1557175832,"path_taken":["M","?","?","M","?","E","M","R","T","E","R","E","M","M","R","BOSS"],"build_version":"2019-01-23","purchased_purges":1,"victory":false,"max_hp_per_floor":[70,70,70,70,70,70,70,70,70,70,70,72,74,76,76,76],"card_choices":[{"not_picked":["Acrobatics","Slice"],"picked":"Poisoned Stab","floor":1},{"not_picked":["Blade Dance","Sucker Punch"],"picked":"Cloak And Dagger","floor":4},{"not_picked":["Choke","Terror"],"picked":"Bane","floor":6},{"not_picked":["Quick Slash","Sucker Punch"],"picked":"Phantasmal Killer","floor":7},{"not_picked":["Eviscerate","Concentrate"],"picked":"Dagger Throw","floor":10},{"not_picked":["PiercingWail","Terror","Blade Dance"],"picked":"Singing Bowl","floor":12},{"not_picked":["Dash","Flying Knee","Prepared"],"picked":"Singing Bowl","floor":13},{"not_picked":["Deflect","Terror","Slice"],"picked":"Singing Bowl","floor":14}],"player_experience":588562,"relics_obtained":[{"floor":6,"key":"Singing Bowl"},{"floor":9,"key":"Calipers"},{"floor":10,"key":"Lantern"},{"floor":12,"key":"Centennial Puzzle"}],"event_choices":[{"cards_removed":["Defend_G"],"damage_healed":0,"gold_gain":0,"player_choice":"Card Removal","damage_taken":0,"max_hp_gain":0,"max_hp_loss":0,"event_name":"The Cleric","floor":2,"gold_loss":50},{"damage_healed":0,"gold_gain":0,"player_choice":"Box","damage_taken":0,"relics_obtained":["The Specimen"],"max_hp_gain":0,"max_hp_loss":0,"event_name":"Big Fish","floor":3,"gold_loss":0,"cards_obtained":["Regret"]}],"is_beta":false,"boss_relics":[],"items_purged_floors":[5],"is_endless":false,"potions_floor_spawned":[4,7,13,14],"killed_by":"Slime Boss","ascension_level":12}