{"gold_per_floor":[113,40,40,40,40,72,72,84,109,139,139,314,332,343,343,439,439,449,449,19,19,35,54,88,88,88,288,288,24,24],"floor_reached":30,"playtime":1238,"items_purged":["Doubt","Shame"],"score":419,"play_id":"bcb17662-c616-4e92-b1da-d88300c9ec95","local_time":"20190403105153","is_ascension_mode":true,"campfire_choices":[{"data":"Phantasmal Killer","floor":7,"key":"SMITH"},{"floor":11,"key":"REST"},{"data":"Neutralize","floor":15,"key":"SMITH"},{"floor":25,"key":"REST"},{"data":"RitualDagger","floor":28,"key":"SMITH"}],"neow_cost":"NONE","seed_source_timestamp":1821307549732426,"circlet_count":0,"master_deck":["AscendersBane","Defend_G","Defend_G","Defend_G","Defend_G","Defend_G","Strike_G+1","Strike_G","Strike_G+1","Strike_G+1","Strike_G+1","Survivor","Neutralize+1","Heel Hook","Footwork","Phantasmal Killer+1","Cloak And Dagger","Choke","Poisoned Stab","Flying Knee","After Image","Cloak And Dagger+1","Prepared","RitualDagger+1","Accuracy","Calculated Gamble","Footwork+1","Magnetism"],"relics":["Ring of the Snake","NeowsBlessing","Snake Skull","Whetstone","Centennial Puzzle","Blood Vial","Cursed Key","MutagenicStrength","Tingsha","Regal Pillow","Bottled Tornado"],"potions_floor_usage":[10,24,24,24],"damage_taken":[{"damage":0,"enemies":"2 Louse","floor":1,"turns":1},{"damage":0,"enemies":"3 Sentries","floor":6,"turns":1},{"damage":0,"enemies":"Jaw Worm","floor":8,"turns":1},{"damage":15,"enemies":"Lagavulin","floor":10,"turns":5},{"damage":0,"enemies":"Small Slimes","floor":13,"turns":4},{"damage":6,"enemies":"Blue Slaver","floor":14,"turns":4},{"damage":28,"enemies":"The Guardian","floor":16,"turns":14},{"damage":3,"enemies":"3 Byrds","floor":18,"turns":5},{"damage":8,"enemies":"Shell Parasite","floor":22,"turns":2},{"damage":14,"enemies":"Centurion and Healer","floor":23,"turns":7},{"damage":30,"enemies":"Book of Stabbing","floor":24,"turns":5},{"damage":58,"enemies":"Gremlin Leader","floor":30,"turns":6}],"seed_played":"8235864223241736908","potions_obtained":[{"floor":8,"key":"AttackPotion"},{"floor":10,"key":"Strength Potion"},{"floor":13,"key":"Regen Potion"},{"floor":16,"key":"Ancient Potion"}],"is_trial":false,"path_per_floor":["M","$","?","?","T","E","R","M","T","E","R","?","M","M","R","B",null,"M","?","$","?","M","M","E","R","T","?","R","$","E"],"character_chosen":"THE_SILENT","items_purchased":["Footwork","Tingsha","Prepared","Magnetism"],"campfire_rested":2,"item_purchase_floors":[2,20,20,29],"current_hp_per_floor":[63,63,49,49,49,49,49,49,49,34,55,55,57,53,53,27,59,58,58,58,52,46,34,18,54,54,54,54,54,0],"gold":24,"neow_bonus":"THREE_ENEMY_KILL","is_prod":false,"is_daily":false,"chose_seed":false,"campfire_upgraded":3,"win_rate":0,"timestamp":1554313913,"path_taken":["M","$","?","?","?","E","R","M","T","E","R","?","?","M","R","BOSS","M","?","$","?","M","M","E","R","T","?","R","$","E"],"build_version":"2019-01-23","purchased_purges":2,"victory":false,"max_hp_per_floor":[70,70,70,70,70,70,70,70,70,70,70,70,70,70,70,70,70,70,70,70,70,70,70,70,70,70,70,70,70,70],"card_choices":[{"not_picked":["Bane","Sucker Punch"],"picked":"Heel Hook","floor":1},{"not_picked":["Prepared","Reflex"],"picked":"Phantasmal Killer","floor":6},{"not_picked":["Outmaneuver","Flying Knee"],"picked":"Cloak And Dagger","floor":8},{"not_picked":["Outmaneuver","Terror"],"picked":"Choke","floor":10},{"not_picked":["Dagger Throw","Masterful Stab"],"picked":"Poisoned Stab","floor":13},{"not_picked":["Slice","Finisher"],"picked":"Flying Knee","floor":14},{"not_picked":["Glass Knife","Doppelganger"],"picked":"After Image","floor":16},{"not_picked":["Setup","Outmaneuver"],"picked":"Cloak And Dagger+1","floor":18},{"not_picked":["Outmaneuver","Terror"],"picked":"Accuracy","floor":22},{"not_picked":["Infinite Blades","Heel Hook"],"picked":"Calculated Gamble","floor":23},{"not_picked":["Bane","Poisoned Stab+1"],"picked":"Footwork+1","floor":24}],"player_experience":508026,"relics_obtained":[{"floor":5,"key":"Snake Skull"},{"floor":6,"key":"Whetstone"},{"floor":9,"key":"Centennial Puzzle"},{"floor":10,"key":"Blood Vial"},{"floor":24,"key":"Regal Pillow"},{"floor":26,"key":"Bottled Tornado"}],"event_choices":[{"damage_healed":0,"gold_gain":0,"player_choice":"Entered Light","damage_taken":14,"max_hp_gain":0,"max_hp_loss":0,"event_name":"Shining Light","floor":3,"gold_loss":0,"cards_upgraded":["Strike_G","Strike_G"]},{"damage_healed":0,"gold_gain":0,"player_choice":"Ignored","damage_taken":0,"max_hp_gain":0,"max_hp_loss":0,"event_name":"Golden Wing","floor":4,"gold_loss":0},{"damage_healed":0,"gold_gain":175,"player_choice":"AGREE","damage_taken":0,"max_hp_gain":0,"max_hp_loss":0,"event_name":"Liars Game","floor":12,"gold_loss":0,"cards_obtained":["Doubt"]},{"damage_healed":0,"gold_gain":0,"player_choice":"Inject Mutagens","damage_taken":0,"relics_obtained":["MutagenicStrength"],"max_hp_gain":0,"max_hp_loss":0,"event_name":"Drug Dealer","floor":19,"gold_loss":0},{"damage_healed":0,"gold_gain":0,"player_choice":"Joined the Cult","damage_taken":6,"max_hp_gain":0,"max_hp_loss":0,"event_name":"Nest","floor":21,"gold_loss":0,"cards_obtained":["RitualDagger"]},{"damage_healed":0,"gold_gain":200,"player_choice":"Gold","damage_taken":0,"max_hp_gain":0,"max_hp_loss":0,"event_name":"Wheel of Change","floor":27,"gold_loss":0}],"is_beta":false,"boss_relics":[{"not_picked":["Runic Dome","Velvet Choker"],"picked":"Cursed Key"}],"items_purged_floors":[20,29],"is_endless":false,"potions_floor_spawned":[8,10,13,16,18],"killed_by":"Gremlin Leader","ascension_level":10}