{"gold_per_floor":[364,364,377,36,52,83,111,111,111,128,128,156,156,191,203,320,332,354,376,487,511,523,569,581,603,615,179,193,193,193],"floor_reached":30,"playtime":884,"items_purged":["Strike_B"],"score":322,"play_id":"0a79762d-3399-4eee-b0da-6f52c101c639","local_time":"20180816183315","is_ascension_mode":true,"campfire_choices":[{"floor":11,"key":"REST"},{"floor":13,"key":"REST"},{"floor":15,"key":"REST"},{"floor":24,"key":"REST"}],"neow_cost":"PERCENT_DAMAGE","seed_source_timestamp":1641165863113,"circlet_count":0,"master_deck":["Strike_B","Strike_B","Strike_B","Defend_B","Defend_B","Defend_B","Defend_B","Zap","Dualcast","BootSequence","Rip and Tear","Apotheosis","Self Repair","Conserve Battery","Sunder","Beam Cell","Electrodynamics","Fusion+1","Creative AI","Conserve Battery+1","Amplify"],"relics":["Cracked Core","NlothsMask","Bronze Scales","Odd Mushroom","Blood Vial","MawBank","Lizard Tail","Darkstone Periapt","Potion Belt","Emotion Chip"],"potions_floor_usage":[7,12,12,23,23],"damage_taken":[{"damage":5,"enemies":"2 Louse","floor":1,"turns":2},{"damage":6,"enemies":"Cultist","floor":3,"turns":3},{"damage":8,"enemies":"Small Slimes","floor":5,"turns":3},{"damage":26,"enemies":"3 Sentries","floor":6,"turns":8},{"damage":0,"floor":7,"turns":2},{"damage":0,"enemies":"Looter","floor":10,"turns":3},{"damage":26,"enemies":"Gremlin Nob","floor":12,"turns":3},{"damage":32,"enemies":"3 Sentries","floor":14,"turns":6},{"damage":50,"enemies":"Slime Boss","floor":16,"turns":9},{"damage":11,"enemies":"Spheric Guardian","floor":18,"turns":3},{"damage":12,"enemies":"Shell Parasite","floor":19,"turns":4},{"damage":35,"enemies":"Snake Plant","floor":21,"turns":4},{"damage":36,"enemies":"Book of Stabbing","floor":23,"turns":4},{"damage":47,"enemies":"Centurion and Healer","floor":25,"turns":6},{"damage":25,"enemies":"Snecko","floor":28,"turns":4},{"damage":31,"enemies":"Shelled Parasite and Fungi","floor":30,"turns":4}],"seed_played":"-6986768944710702734","potions_obtained":[{"floor":1,"key":"Weak Potion"},{"floor":3,"key":"SpeedPotion"},{"floor":6,"key":"Explosive Potion"},{"floor":7,"key":"PowerPotion"},{"floor":19,"key":"SteroidPotion"},{"floor":22,"key":"AttackPotion"},{"floor":22,"key":"FocusPotion"},{"floor":22,"key":"SneckoOil"},{"floor":25,"key":"Ancient Potion"}],"is_trial":false,"path_per_floor":["M","?","M","$","M","E","?","?","T","M","R","E","R","E","R","B",null,"M","M","?","M","?","E","R","M","T","$","M","?"],"character_chosen":"DEFECT","items_purchased":["Apotheosis","Self Repair","Emotion Chip","Amplify"],"campfire_rested":4,"item_purchase_floors":[4,4,27,27],"current_hp_per_floor":[49,49,43,43,42,26,26,26,26,26,48,29,51,28,50,9,75,64,64,64,41,41,17,39,42,42,42,29,29,0],"gold":193,"neow_bonus":"TWO_FIFTY_GOLD","is_prod":false,"is_daily":false,"chose_seed":false,"campfire_upgraded":0,"win_rate":0,"timestamp":1534437195,"path_taken":["M","?","M","$","M","E","?","?","T","M","R","E","R","E","R","BOSS","M","M","?","M","?","E","R","?","T","$","M","?","M"],"build_version":"2018-08-15","purchased_purges":1,"victory":false,"max_hp_per_floor":[75,75,75,75,75,75,75,75,75,75,75,75,75,75,75,75,75,75,75,75,75,75,75,75,75,75,75,75,75,75],"card_choices":[{"not_picked":["Redo","Go for the Eyes"],"picked":"BootSequence","floor":1},{"not_picked":["Static Discharge","Force Field"],"picked":"Rip and Tear","floor":3},{"not_picked":["Beam Cell","Fusion"],"picked":"Conserve Battery","floor":5},{"not_picked":["Biased Cognition","Turbo","Go for the Eyes"],"picked":"SKIP","floor":6},{"not_picked":["Turbo","Go for the Eyes"],"picked":"Sunder","floor":10},{"not_picked":["Gash","Self Repair","Turbo"],"picked":"SKIP","floor":12},{"not_picked":["Thunder Strike","Ball Lightning"],"picked":"Beam Cell","floor":14},{"not_picked":["Reboot","Biased Cognition"],"picked":"Electrodynamics","floor":16},{"not_picked":["Stack","Skim","Blizzard+1"],"picked":"SKIP","floor":18},{"not_picked":["Cold Snap","Gash"],"picked":"Fusion+1","floor":19},{"not_picked":["Coolheaded","Beam Cell","Hello World"],"picked":"SKIP","floor":21},{"not_picked":["Fission","Static Discharge"],"picked":"Creative AI","floor":23},{"not_picked":["Redo","Cold Snap"],"picked":"Conserve Battery+1","floor":25},{"not_picked":["Sweeping Beam+1","Gash+1","Redo"],"picked":"SKIP","floor":28}],"player_experience":73064,"relics_obtained":[{"floor":6,"key":"Bronze Scales"},{"floor":7,"key":"Odd Mushroom"},{"floor":12,"key":"Blood Vial"},{"floor":14,"key":"MawBank"},{"floor":23,"key":"Darkstone Periapt"},{"floor":26,"key":"Potion Belt"}],"event_choices":[{"event_name":"FaceTrader","player_choice":"Trade","floor":2,"damage_taken":0},{"event_name":"Mushrooms","player_choice":"Fought Mushrooms","floor":7,"damage_taken":0},{"event_name":"The Woman in Blue","player_choice":"Bought 0 Potions","floor":8,"damage_taken":0},{"event_name":"Nest","player_choice":"Stole From Cult","floor":20,"damage_taken":0},{"event_name":"The Lab","player_choice":"Got Potions","floor":22,"damage_taken":0},{"event_name":"NoteForYourself","player_choice":"Ignored","floor":29,"damage_taken":0}],"is_beta":true,"boss_relics":[{"not_picked":["FrozenCore","Orrery"],"picked":"Lizard Tail"}],"items_purged_floors":[4],"is_endless":false,"potions_floor_spawned":[1,3,6,7,19,25],"killed_by":"Shelled Parasite and Fungi","ascension_level":4}