{"gold_per_floor":[116,96,21,39,52,52,65,78,78,78,98,98,110,10,10,114,114,24,24,24,24],"floor_reached":21,"playtime":1116,"items_purged":["Strike_R","Strike_R"],"score":280,"play_id":"c17824ad-51f8-4656-90b7-ee462840e971","local_time":"20190428165811","is_ascension_mode":true,"campfire_choices":[{"data":"Body Slam","floor":6.0,"key":"SMITH"},{"data":"True Grit","floor":10.0,"key":"SMITH"},{"data":"Armaments","floor":15.0,"key":"SMITH"}],"neow_cost":"PERCENT_DAMAGE","seed_source_timestamp":16098450805600,"circlet_count":0,"master_deck":["AscendersBane","Strike_R","Strike_R","Strike_R","Defend_R","Defend_R","Defend_R","Defend_R","Bash","Reaper","Body Slam+1","True Grit+1","Flex","Shrug It Off","Armaments+1","Juggernaut"],"special_seed":0,"relics":["Burning Blood","StoneCalendar","Ectoplasm"],"potions_floor_usage":[16,20],"damage_taken":[{"damage":1.0,"enemies":"2 Louse","floor":1.0,"turns":6.0},{"damage":11.0,"enemies":"Cultist","floor":4.0,"turns":4.0},{"damage":5.0,"enemies":"Small Slimes","floor":5.0,"turns":3.0},{"damage":30.0,"enemies":"Exordium Thugs","floor":7.0,"turns":5.0},{"damage":36.0,"enemies":"Lots of Slimes","floor":8.0,"turns":5.0},{"damage":4.0,"enemies":"2 Fungi Beasts","floor":11.0,"turns":4.0},{"damage":3.0,"enemies":"Large Slime","floor":13.0,"turns":7.0},{"damage":33,"enemies":"The Guardian","floor":16,"turns":15},{"damage":48,"enemies":"2 Thieves","floor":18,"turns":5},{"damage":20,"enemies":"Chosen","floor":19,"turns":5},{"damage":18,"enemies":"Snake Plant","floor":20,"turns":6},{"damage":36,"enemies":"Snecko","floor":21,"turns":5}],"seed_played":"-2912846801225080184","potions_obtained":[{"floor":2.0,"key":"AttackPotion"},{"floor":4.0,"key":"PowerPotion"},{"floor":7.0,"key":"LiquidBronze"},{"floor":11.0,"key":"Strength Potion"},{"floor":12.0,"key":"PowerPotion"},{"floor":12.0,"key":"GamblersBrew"},{"floor":13.0,"key":"Energy Potion"},{"floor":16,"key":"Weak Potion"}],"is_trial":false,"path_per_floor":["M","?","$","M","M","R","M","M","T","R","M","?","M","$","R","B",null,"M","M","M","M"],"character_chosen":"IRONCLAD","items_purchased":[],"campfire_rested":0,"item_purchase_floors":[],"current_hp_per_floor":[60,60,60,61,62,62,44,26,26,26,36,36,45,45,45,22,66,34,26,18,0],"gold":24,"neow_bonus":"THREE_RARE_CARDS","is_prod":false,"is_daily":false,"chose_seed":false,"campfire_upgraded":3,"win_rate":0,"timestamp":1556441891,"path_taken":["M","?","?","M","?","R","M","M","T","R","M","?","M","?","R","BOSS","M","M","M","M"],"build_version":"2019-01-23","purchased_purges":2,"victory":false,"max_hp_per_floor":[80,80,80,80,80,80,80,80,80,80,80,80,80,80,80,80,80,80,80,80,80],"card_choices":[{"not_picked":["Impervious","Double Tap"],"picked":"Reaper","floor":0.0},{"not_picked":["Iron Wave","Headbutt"],"picked":"Body Slam","floor":1.0},{"not_picked":["Wild Strike","Pommel Strike"],"picked":"True Grit","floor":4.0},{"not_picked":["Sever Soul","Thunderclap","Wild Strike"],"picked":"SKIP","floor":5.0},{"not_picked":["Headbutt","Burning Pact"],"picked":"Flex","floor":7.0},{"not_picked":["Perfected Strike","Shockwave"],"picked":"Shrug It Off","floor":8.0},{"not_picked":["Perfected Strike","Wild Strike"],"picked":"Armaments","floor":11.0},{"not_picked":["True Grit","Cleave","Infernal Blade"],"picked":"SKIP","floor":13.0},{"not_picked":["Limit Break","Demon Form"],"picked":"Juggernaut","floor":16},{"not_picked":["Perfected Strike","True Grit","Headbutt"],"picked":"SKIP","floor":18},{"not_picked":["Pommel Strike","Clash","Heavy Blade"],"picked":"SKIP","floor":19},{"not_picked":["Thunderclap+1","Body Slam","Shockwave"],"picked":"SKIP","floor":20}],"player_experience":549635,"relics_obtained":[{"floor":9.0,"key":"StoneCalendar"}],"event_choices":[{"damage_healed":0.0,"max_hp_gain":0.0,"max_hp_loss":0.0,"gold_gain":0.0,"event_name":"The Woman in Blue","player_choice":"Bought 1 Potion","floor":2.0,"gold_loss":0.0,"damage_taken":0.0},{"damage_healed":0.0,"max_hp_gain":0.0,"max_hp_loss":0.0,"gold_gain":0.0,"event_name":"Lab","player_choice":"Got Potions","floor":12.0,"gold_loss":0.0,"damage_taken":0.0}],"is_beta":false,"boss_relics":[{"not_picked":["Runic Pyramid","Orrery"],"picked":"Ectoplasm"}],"items_purged_floors":[3,14],"is_endless":false,"potions_floor_spawned":[4,7,11,13,16],"killed_by":"Snecko","ascension_level":12}