{"path_per_floor":["M","M","M","?","?","R","?","?","T","R","M","E","M","M","R","B",null,"M","?","$","?","M","R","M","M","T"],"character_chosen":"DEFECT","items_purchased":["Beam Cell+1"],"gold_per_floor":[13,25,41,41,41,41,41,41,41,41,55,93,116,132,132,253,253,266,266,142,67,92,92,105,119,143,143],"floor_reached":27,"campfire_rested":1,"playtime":1270,"item_purchase_floors":[20],"current_hp_per_floor":[73,65,65,47,47,47,32,37,37,37,30,23,14,10,34,13,80,76,76,76,76,51,51,33,20,20,0],"items_purged":["Normality"],"gold":143,"score":215,"play_id":"e8e83d97-27b5-4f6f-8097-ba4d2e91f1fe","local_time":"20180603011722","is_prod":false,"is_daily":false,"chose_seed":false,"is_ascension_mode":false,"campfire_upgraded":3,"win_rate":0.0,"timestamp":1527959842,"campfire_choices":[{"data":"Darkness","floor":6,"key":"SMITH"},{"data":"Steam","floor":10,"key":"SMITH"},{"floor":15,"key":"REST"},{"data":"Zap","floor":23,"key":"SMITH"}],"path_taken":["M","M","M","?","?","R","?","?","T","R","M","E","?","M","R","BOSS","M","?","$","?","M","R","M","?","T","M"],"build_version":"2018-05-31","seed_source_timestamp":492489940834871,"purchased_purges":1,"victory":false,"master_deck":["Strike_B","Defend_B","Defend_B","Defend_B+1","Zap+1","Dualcast+1","Hologram+1","Darkness+1","Steam+1","Rebound","Biased Cognition","Injury","Pain","Scrape+1","Beam Cell+1","Streamline+1","Streamline+1"],"max_hp_per_floor":[75,75,75,75,75,75,75,80,80,80,80,80,80,80,80,80,80,80,80,80,80,80,80,80,80,80,80],"relics":["Cracked Core","Golden Idol","Question Card","Dead Branch","Calling Bell","Art of War","Molten Egg 2","Girya","Regal Pillow"],"card_choices":[{"not_picked":["Melter","Sweeping Beam"],"picked":"Hologram","floor":1},{"not_picked":["Cold Snap","Chaos"],"picked":"Darkness","floor":2},{"not_picked":["Hologram","Skim"],"picked":"Steam","floor":3},{"not_picked":["Sweeping Beam","Ball Lightning","Aggregate"],"picked":"Rebound","floor":11},{"not_picked":["Melter","Ball Lightning","Chaos","Genetic Algorithm"],"picked":"SKIP","floor":12},{"not_picked":["Go for the Eyes","Steam","Cold Snap","Skim"],"picked":"SKIP","floor":13},{"not_picked":["Go for the Eyes","Blizzard","Compile Driver","Electrodynamics"],"picked":"SKIP","floor":14},{"not_picked":["Buffer","Electrodynamics","All For One"],"picked":"Biased Cognition","floor":16},{"not_picked":["Rebound+1","Stack","Aggregate+1"],"picked":"Scrape+1","floor":18},{"not_picked":["Leap","Gash+1","Heatsinks+1"],"picked":"Streamline+1","floor":22},{"not_picked":["Conserve Battery","Redo","Force Field+1","Cold Snap+1"],"picked":"SKIP","floor":24},{"not_picked":["Conserve Battery","Force Field","Go for the Eyes+1"],"picked":"Streamline+1","floor":25}],"player_experience":210881,"potions_floor_usage":[16,16,16,24,25],"damage_taken":[{"damage":2,"enemies":"Small Slimes","floor":1,"turns":3},{"damage":8,"enemies":"Jaw Worm","floor":2,"turns":3},{"damage":0,"enemies":"2 Louse","floor":3,"turns":2},{"damage":7,"enemies":"Gremlin Gang","floor":11,"turns":4},{"damage":7,"enemies":"Lagavulin","floor":12,"turns":5},{"damage":9,"enemies":"2 Fungi Beasts","floor":13,"turns":3},{"damage":4,"enemies":"3 Louse","floor":14,"turns":3},{"damage":36,"enemies":"Hexaghost","floor":16,"turns":6},{"damage":4,"enemies":"Chosen","floor":18,"turns":4},{"damage":25,"enemies":"3 Byrds","floor":22,"turns":4},{"damage":18,"enemies":"Snake Plant","floor":24,"turns":3},{"damage":27,"enemies":"3 Cultists","floor":25,"turns":5},{"damage":23,"enemies":"Snecko","floor":27,"turns":3}],"relics_obtained":[{"floor":9,"key":"Question Card"},{"floor":12,"key":"Dead Branch"},{"floor":17,"key":"Art of War"},{"floor":17,"key":"Molten Egg 2"},{"floor":17,"key":"Girya"},{"floor":26,"key":"Regal Pillow"}],"event_choices":[{"event_name":"Golden Idol","player_choice":"Take Damage","floor":4,"damage_taken":0},{"event_name":"Purifier","player_choice":"One Purge","floor":5,"damage_taken":0},{"event_name":"Shining Light","player_choice":"Entered Light","floor":7,"damage_taken":0},{"event_name":"Big Fish","player_choice":"Donut","floor":8,"damage_taken":0},{"event_name":"Upgrade Shrine","player_choice":"Upgraded","floor":19,"damage_taken":0},{"event_name":"Beggar","player_choice":"Gave Gold","floor":21,"damage_taken":0}],"boss_relics":[{"not_picked":["Ectoplasm","Snecko Eye"],"picked":"Calling Bell"}],"items_purged_floors":[20],"potions_floor_spawned":[1,11,13,22,24],"seed_played":"4069346696425386242","killed_by":"Snecko","ascension_level":0,"potions_obtained":[{"floor":1,"key":"AttackPotion"},{"floor":11,"key":"LiquidBronze"},{"floor":13,"key":"Regen Potion"},{"floor":22,"key":"SkillPotion"},{"floor":24,"key":"Regen Potion"}],"is_trial":false}