{"gold_per_floor":[114,134,134,57,75,75,95,125,125,158,158,158,158,168,168,268,268,253,253,269,65,80,80,91,111,136,171,96,96,129,51,51,156,156,174,191,201,201,212,212,238,238,238,43,58,58,58,58,58,58],"floor_reached":51,"playtime":2168,"items_purged":[],"score":968,"play_id":"f518caf9-c163-476a-aeac-e00fb3b851f5","local_time":"20180914190254","is_ascension_mode":true,"campfire_choices":[{"data":"1","floor":6,"key":"LIFT"},{"floor":11,"key":"REST"},{"data":"2","floor":13,"key":"LIFT"},{"floor":15,"key":"REST"},{"floor":23,"key":"REST"},{"floor":29,"key":"REST"},{"floor":32,"key":"REST"},{"data":"Seek","floor":40,"key":"SMITH"},{"floor":42,"key":"REST"},{"data":"Consume","floor":46,"key":"SMITH"},{"data":"Fission","floor":49,"key":"SMITH"}],"neow_cost":"PERCENT_DAMAGE","seed_source_timestamp":0,"circlet_count":0,"master_deck":["Strike_B+1","Strike_B","Defend_B","Defend_B","Defend_B+1","Defend_B","Zap+1","Dualcast","Sweeping Beam","Compile Driver","Self Repair","Leap+1","Ball Lightning","Fission+1","Seek+1","Beam Cell","Coolheaded","Auto Shields+1","Loop+1","Tempest","Consume+1","Electrodynamics","Loop+1","Swift Strike"],"special_seed":0,"relics":["Cracked Core","Girya","Bottled Flame","FossilizedHelix","Ginger","Nuclear Battery","Gambling Chip","Runic Capacitor","War Paint","Red Mask","DataDisk","Busted Crown","Centennial Puzzle","Kunai","Chemical X"],"potions_floor_usage":[8,8,25,27,30,33,50,50],"damage_taken":[{"damage":8,"enemies":"Jaw Worm","floor":1,"turns":4},{"damage":1,"enemies":"Cultist","floor":2,"turns":3},{"damage":0,"enemies":"Small Slimes","floor":5,"turns":2},{"damage":9,"enemies":"Red Slaver","floor":7,"turns":4},{"damage":32,"enemies":"Lagavulin","floor":8,"turns":8},{"damage":0,"enemies":"Gremlin Nob","floor":10,"turns":3},{"damage":0,"enemies":"2 Fungi Beasts","floor":14,"turns":3},{"damage":10,"enemies":"Slime Boss","floor":16,"turns":8},{"damage":28,"enemies":"2 Thieves","floor":18,"turns":4},{"damage":3,"enemies":"3 Byrds","floor":20,"turns":3},{"damage":30,"enemies":"Cultist and Chosen","floor":22,"turns":7},{"damage":10,"enemies":"Shelled Parasite and Fungi","floor":24,"turns":6},{"damage":16,"enemies":"Centurion and Healer","floor":25,"turns":8},{"damage":22,"enemies":"Masked Bandits","floor":27,"turns":6},{"damage":14,"enemies":"Gremlin Leader","floor":30,"turns":7},{"damage":35,"enemies":"Automaton","floor":33,"turns":9},{"damage":0,"enemies":"3 Darklings","floor":35,"turns":2},{"damage":0,"enemies":"Orb Walker","floor":36,"turns":2},{"damage":14,"enemies":"Reptomancer","floor":37,"turns":4},{"damage":2,"enemies":"Maw","floor":39,"turns":6},{"damage":18,"enemies":"2 Orb Walkers","floor":41,"turns":3},{"damage":0,"enemies":"Transient","floor":45,"turns":5},{"damage":56,"enemies":"Awakened One","floor":50,"turns":9}],"seed_played":"-567447331187307175","potions_obtained":[{"floor":2,"key":"PowerPotion"},{"floor":5,"key":"Explosive Potion"},{"floor":24,"key":"AttackPotion"},{"floor":25,"key":"EssenceOfSteel"},{"floor":27,"key":"Strength Potion"},{"floor":30,"key":"Energy Potion"},{"floor":39,"key":"Explosive Potion"},{"floor":45,"key":"SpeedPotion"}],"is_trial":false,"path_per_floor":["M","M","?","$","M","R","M","E","T","E","R","?","R","M","R","B",null,"M","T","M","$","M","R","M","M","T","?","?","R","E","$","R","B",null,"M","M","M","?","M","R","E","R","T","$","M","R","?","?","R","B"],"character_chosen":"DEFECT","items_purchased":["Self Repair","Runic Capacitor","Consume","Chemical X"],"campfire_rested":6,"item_purchase_floors":[4,21,31,44],"current_hp_per_floor":[42,41,41,41,41,41,39,21,21,28,50,35,35,35,57,54,70,49,49,46,46,23,45,42,33,33,18,18,40,33,33,55,27,63,63,63,56,56,61,61,43,65,65,65,72,72,72,72,72,16],"gold":58,"neow_bonus":"ONE_RARE_RELIC","is_prod":false,"is_daily":false,"chose_seed":false,"campfire_upgraded":3,"win_rate":0,"timestamp":1536966174,"path_taken":["M","M","?","$","M","R","M","E","T","E","R","?","R","M","R","BOSS","M","?","M","$","M","R","M","M","T","?","?","R","E","$","R","BOSS","M","?","M","?","M","R","E","R","T","$","?","R","?","?","R","BOSS"],"build_version":"2018-09-06","purchased_purges":0,"victory":true,"max_hp_per_floor":[75,75,75,75,75,75,75,75,75,75,75,75,75,75,75,75,75,75,75,75,75,75,75,75,75,75,75,75,75,75,75,75,75,75,75,75,75,75,75,75,75,75,75,75,75,75,75,75,75,75],"card_choices":[{"not_picked":["Barrage","Hologram"],"picked":"Sweeping Beam","floor":1},{"not_picked":["Steam","Hello World"],"picked":"Compile Driver","floor":2},{"not_picked":["Sweeping Beam","Stack"],"picked":"Leap","floor":5},{"not_picked":["Leap","Blizzard","Stack"],"picked":"SKIP","floor":7},{"not_picked":["Gash","Undo"],"picked":"Ball Lightning","floor":8},{"not_picked":["Doom and Gloom","Compile Driver"],"picked":"Fission","floor":10},{"not_picked":["Compile Driver","Ball Lightning","Steam"],"picked":"SKIP","floor":14},{"not_picked":["Fission","All For One"],"picked":"Seek","floor":16},{"not_picked":["Tempest+1","Conserve Battery"],"picked":"Beam Cell","floor":18},{"not_picked":["Turbo","Barrage","Cold Snap"],"picked":"SKIP","floor":20},{"not_picked":["Fusion+1","Cold Snap"],"picked":"Coolheaded","floor":22},{"not_picked":["Double Energy","Gash+1"],"picked":"Auto Shields+1","floor":24},{"not_picked":["Leap+1","Buffer"],"picked":"Loop+1","floor":25},{"not_picked":["Streamline","Loop"],"picked":"Tempest","floor":27},{"not_picked":["Beam Cell","Coolheaded"],"picked":"Compile Driver+1","floor":30},{"not_picked":["Core Surge","Rainbow"],"picked":"Electrodynamics","floor":33},{"not_picked":["Conserve Battery+1"],"picked":"SKIP","floor":35},{"not_picked":["Conserve Battery+1"],"picked":"SKIP","floor":36},{"not_picked":["Cold Snap"],"picked":"SKIP","floor":37},{"not_picked":[],"picked":"Loop+1","floor":39},{"not_picked":["Compile Driver"],"picked":"SKIP","floor":41},{"not_picked":["Lockon+1"],"picked":"SKIP","floor":45},{"not_picked":[],"picked":"Swift Strike","floor":48}],"player_experience":532030,"relics_obtained":[{"floor":8,"key":"Bottled Flame"},{"floor":9,"key":"FossilizedHelix"},{"floor":10,"key":"Ginger"},{"floor":19,"key":"Gambling Chip"},{"floor":26,"key":"War Paint"},{"floor":27,"key":"Red Mask"},{"floor":30,"key":"DataDisk"},{"floor":41,"key":"Centennial Puzzle"},{"floor":43,"key":"Kunai"}],"event_choices":[{"event_name":"Bonfire Elementals","player_choice":"BASIC","floor":3,"damage_taken":0},{"event_name":"Shining Light","player_choice":"Entered Light","floor":12,"damage_taken":0},{"event_name":"Masked Bandits","player_choice":"Fought Bandits","floor":27,"damage_taken":0},{"event_name":"Beggar","player_choice":"Gave Gold","floor":28,"damage_taken":0},{"event_name":"Falling","player_choice":"Removed Attack","floor":38,"damage_taken":0},{"event_name":"Mysterious Sphere","player_choice":"Ignore","floor":47,"damage_taken":0},{"event_name":"SensoryStone","player_choice":"Memory 1","floor":48,"damage_taken":0}],"is_beta":false,"boss_relics":[{"not_picked":["Velvet Choker","Snecko Eye"],"picked":"Nuclear Battery"},{"not_picked":["Coffee Dripper","Cursed Key"],"picked":"Busted Crown"}],"items_purged_floors":[],"is_endless":false,"potions_floor_spawned":[2,5,24,25,27,30,39,45],"ascension_level":7}