{"path_per_floor":["M","?","$","M","?","E","?","E","T","R","E","?","$","M","R","B",null,"M","M","$","?","M","R","E"],"character_chosen":"IRONCLAD","items_purchased":["Inflame","Pummel"],"gold_per_floor":[110,110,0,19,94,124,124,156,211,211,243,243,143,156,156,257,257,267,284,79,2,15,15,48,48],"floor_reached":25,"campfire_rested":1,"playtime":829,"current_hp_per_floor":[74,74,74,80,69,49,70,47,47,72,64,64,64,70,70,76,85,66,71,71,71,60,60,15,0],"items_purged":["Defend_R","Strike_R","Body Slam"],"gold":48,"score":344,"play_id":"306f915c-891c-41af-854b-c51fa14e6463","local_time":"20180515144417","is_prod":false,"is_daily":false,"chose_seed":false,"is_ascension_mode":true,"campfire_upgraded":2,"timestamp":1526366657,"path_taken":["M","?","$","M","?","E","?","E","T","R","E","?","$","M","R","BOSS","M","M","$","?","M","R","E","?"],"build_version":"2018-05-10","seed_source_timestamp":18334943299715,"purchased_purges":3,"victory":false,"master_deck":["Bash+1","True Grit","Inflame+1","Twin Strike","Heavy Blade","Demon Form+1","Shrug It Off","Flex","Clothesline","True Grit","Evolve","Cleave","Pummel","J.A.X.","Sword Boomerang"],"max_hp_per_floor":[86,86,86,86,86,86,86,86,86,86,88,85,85,85,85,85,85,87,89,89,89,91,91,91,91],"relics":["Burning Blood","Mango","Pen Nib","Orichalcum","Dream Catcher","Singing Bowl","Pandora\u0027s Box","Bag of Marbles"],"card_choices":[{"not_picked":["Sever Soul","Cleave"],"picked":"True Grit","floor":1},{"not_picked":["Anger","Perfected Strike"],"picked":"Twin Strike","floor":6},{"not_picked":["Iron Wave","Twin Strike"],"picked":"Heavy Blade","floor":14},{"not_picked":["Impervious","Immolate"],"picked":"Demon Form","floor":16},{"not_picked":["Cleave","Clothesline"],"picked":"Sword Boomerang","floor":24}],"player_experience":175257,"potions_floor_usage":[6,18,22,24],"damage_taken":[{"damage":18,"enemies":"Jaw Worm","floor":1,"turns":5},{"damage":0,"enemies":"Cultist","floor":4,"turns":3},{"damage":26,"enemies":"3 Sentries","floor":6,"turns":8},{"damage":29,"enemies":"Gremlin Nob","floor":8,"turns":4},{"damage":16,"enemies":"3 Sentries","floor":11,"turns":8},{"damage":0,"enemies":"2 Louse","floor":14,"turns":2},{"damage":0,"enemies":"Slime Boss","floor":16,"turns":4},{"damage":27,"enemies":"2 Thieves","floor":18,"turns":3},{"damage":3,"enemies":"Spheric Guardian","floor":19,"turns":3},{"damage":27,"enemies":"Snake Plant","floor":22,"turns":4},{"damage":68,"enemies":"Slavers","floor":24,"turns":5}],"event_choices":[{"event_name":"Upgrade Shrine","player_choice":"Upgraded","floor":2,"damage_taken":0},{"event_name":"World of Goop","player_choice":"Gather Gold","floor":5,"damage_taken":0},{"event_name":"Mushrooms","player_choice":"Healed and dodged fight","floor":7,"damage_taken":0},{"event_name":"Fountain of Cleansing","player_choice":"Removed Curse","floor":12,"damage_taken":0},{"event_name":"Drug Dealer","player_choice":"Got JAXXED","floor":21,"damage_taken":0}],"boss_relics":[{"not_picked":["Lizard Tail","Ectoplasm"],"picked":"Pandora\u0027s Box"}],"potions_floor_spawned":[1,8,14,19,22],"seed_played":"-6747930250764477362","ascension_level":4,"is_trial":false}