{"gold_per_floor":[110,110,110,110,121,121,154,168,194,206,237,270,282,294,306,391,403,433,131,56,74,91,91,91,124,124,124,124,124],"floor_reached":29,"playtime":690,"items_purged":[],"score":449,"play_id":"70538f19-6c06-4220-ac04-1864a4d2c88c","local_time":"20180923181612","is_ascension_mode":true,"campfire_choices":[{"data":"Tempest","floor":6.0,"key":"SMITH"},{"data":"Ball Lightning","floor":10.0,"key":"SMITH"},{"data":"Consume","floor":13.0,"key":"SMITH"},{"data":"Zap","floor":15.0,"key":"SMITH"},{"floor":23,"key":"REST"}],"neow_cost":"NONE","seed_source_timestamp":0,"circlet_count":0,"master_deck":["Strike_B","Strike_B","Strike_B","Defend_B","Defend_B","Defend_B","Defend_B","Zap+1","Dualcast","AscendersBane","Tempest+1","Self Repair","Ball Lightning+1","Conserve Battery","Defragment+1","Consume+1","Electrodynamics","Coolheaded","Chill","BootSequence","Fission","Decay"],"special_seed":0,"relics":["Cracked Core","NeowsBlessing","Bag of Preparation","Smiling Mask","MawBank","Odd Mushroom","Inserter","Torii","Anchor","Mercury Hourglass"],"potions_floor_usage":[21,21,29,29],"damage_taken":[{"damage":0.0,"enemies":"Small Slimes","floor":1.0,"turns":1.0},{"damage":0.0,"enemies":"Jaw Worm","floor":5.0,"turns":1.0},{"damage":0.0,"enemies":"3 Sentries","floor":7.0,"turns":1.0},{"damage":16.0,"enemies":"2 Louse","floor":8.0,"turns":2.0},{"damage":4.0,"enemies":"Blue Slaver","floor":11.0,"turns":3.0},{"damage":0.0,"enemies":"The Mushroom Lair","floor":12.0,"turns":3.0},{"damage":39.0,"enemies":"Slime Boss","floor":16.0,"turns":7.0},{"damage":24.0,"enemies":"2 Thieves","floor":18.0,"turns":3.0},{"damage":0,"enemies":"3 Byrds","floor":21,"turns":2},{"damage":26,"enemies":"Snecko","floor":22,"turns":4},{"damage":26,"enemies":"Book of Stabbing","floor":25,"turns":6},{"damage":23,"enemies":"Snake Plant","floor":29,"turns":3}],"seed_played":"-5863322613457269770","potions_obtained":[{"floor":1.0,"key":"SpeedPotion"},{"floor":7.0,"key":"EntropicBrew"},{"floor":25,"key":"LiquidBronze"}],"is_trial":false,"path_per_floor":["M","$","?","$","M","R","E","M","T","R","M","?","R","?","R","B",null,"M","$","?","M","M","R","?","E","T","?","?"],"character_chosen":"DEFECT","items_purchased":["Torii"],"campfire_rested":1,"item_purchase_floors":[19],"current_hp_per_floor":[64,64,61,61,61,61,68,59,59,59,62,69,69,69,69,37,63,46,46,46,46,27,48,41,22,22,22,22,0],"gold":124,"neow_bonus":"THREE_ENEMY_KILL","is_prod":false,"is_daily":false,"chose_seed":false,"campfire_upgraded":4,"win_rate":0,"timestamp":1537740972,"path_taken":["M","$","?","$","M","R","E","M","T","R","M","?","R","?","R","BOSS","M","$","?","M","M","R","?","E","T","?","?","?"],"build_version":"2018-09-20","purchased_purges":0,"victory":false,"max_hp_per_floor":[71,71,71,71,71,71,71,71,71,71,71,71,71,71,71,71,71,71,71,71,71,71,71,71,71,71,71,71,71],"card_choices":[{"not_picked":["Genetic Algorithm","Chill"],"picked":"Tempest","floor":1.0},{"not_picked":["Skim","Redo"],"picked":"Self Repair","floor":5.0},{"not_picked":["Stack","Sweeping Beam"],"picked":"Ball Lightning","floor":7.0},{"not_picked":["Streamline","Force Field"],"picked":"Conserve Battery","floor":8.0},{"not_picked":["Rip and Tear","Cold Snap"],"picked":"Defragment","floor":11.0},{"not_picked":["Gash","Beam Cell"],"picked":"Consume","floor":12.0},{"not_picked":["Rainbow","Reboot"],"picked":"Electrodynamics","floor":16.0},{"not_picked":["Conserve Battery","Streamline"],"picked":"Coolheaded","floor":18.0},{"not_picked":["Aggregate","Heatsinks+1"],"picked":"Chill","floor":21},{"not_picked":["Leap","Cold Snap"],"picked":"BootSequence","floor":22},{"not_picked":["Redo","Hologram"],"picked":"Fission","floor":25}],"player_experience":578620,"relics_obtained":[{"floor":7.0,"key":"Smiling Mask"},{"floor":9.0,"key":"MawBank"},{"floor":12.0,"key":"Odd Mushroom"},{"floor":25,"key":"Anchor"},{"floor":26,"key":"Mercury Hourglass"}],"event_choices":[{"event_name":"Scrap Ooze","player_choice":"success","floor":3.0,"damage_taken":3.0},{"event_name":"Mushrooms","player_choice":"Fought Mushrooms","floor":12.0,"damage_taken":0.0},{"event_name":"Accursed Blacksmith","player_choice":"Forge","floor":14.0,"damage_taken":0.0},{"event_name":"Beggar","player_choice":"Gave Gold","floor":20.0,"damage_taken":0.0},{"event_name":"Knowing Skull","player_choice":"","floor":24,"damage_taken":0},{"event_name":"Cursed Tome","player_choice":"Ignored","floor":27,"damage_taken":0},{"event_name":"Forgotten Altar","player_choice":"Smashed Altar","floor":28,"damage_taken":0}],"is_beta":false,"boss_relics":[{"not_picked":["Tiny House","Eternal Feather"],"picked":"Inserter"}],"items_purged_floors":[],"is_endless":false,"potions_floor_spawned":[1,7,16,25],"killed_by":"Snake Plant","ascension_level":14}