{"gold_per_floor":[118,118,88,106,106,132,132,152,152,77,77,97,127,143,143,248,248,264,264,274,274,274,301,301,318,318,338,356,356,375,90,90,192,192,208,208,208],"floor_reached":37,"playtime":2172,"items_purged":["Strike_B","Defend_B"],"score":437,"play_id":"7581742a-ce8e-4fc6-8288-f4c56f2236c5","local_time":"20180712074824","is_ascension_mode":true,"campfire_choices":[{"data":"Sunder","floor":7,"key":"SMITH"},{"floor":15,"key":"REST"},{"floor":24,"key":"REST"},{"floor":29,"key":"REST"},{"floor":32,"key":"REST"}],"neow_cost":"TEN_PERCENT_HP_LOSS","seed_source_timestamp":5140517009754,"circlet_count":0,"master_deck":["Strike_B+1","Defend_B+1","Defend_B","Defend_B","Zap","Dualcast","Coolheaded","Blizzard","Sunder+1","Conserve Battery","Defragment","Creative AI","Double Energy","Amplify+1","Loop","Bandage Up","Hyperbeam+1","Fusion+1","Defragment","Fission"],"relics":["Cracked Core","Ice Cream","Pen Nib","Bird Faced Urn","Odd Mushroom","Emotion Chip","Mango","Inserter","Mummified Hand","Pantograph","Whetstone","War Paint","White Beast Statue"],"potions_floor_usage":[6,14,20,23,28,30,37],"damage_taken":[{"damage":4,"enemies":"Jaw Worm","floor":1,"turns":5},{"damage":0,"enemies":"Small Slimes","floor":4,"turns":3},{"damage":15,"enemies":"3 Sentries","floor":6,"turns":9},{"damage":32,"floor":8,"turns":5},{"damage":0,"enemies":"2 Louse","floor":12,"turns":1},{"damage":21,"enemies":"Gremlin Nob","floor":13,"turns":4},{"damage":4,"enemies":"Looter","floor":14,"turns":3},{"damage":37,"enemies":"The Guardian","floor":16,"turns":8},{"damage":25,"enemies":"Shell Parasite","floor":18,"turns":7},{"damage":35,"enemies":"3 Byrds","floor":20,"turns":4},{"damage":47,"enemies":"Slavers","floor":23,"turns":5},{"damage":6,"enemies":"Snecko","floor":25,"turns":5},{"damage":24,"enemies":"Centurion and Healer","floor":27,"turns":9},{"damage":36,"enemies":"Snake Plant","floor":28,"turns":4},{"damage":8,"enemies":"Cultist and Chosen","floor":30,"turns":4},{"damage":20,"enemies":"Automaton","floor":33,"turns":10},{"damage":71,"enemies":"Flame Bruiser 1 Orb","floor":35,"turns":8},{"damage":49,"enemies":"3 Darklings","floor":37,"turns":4}],"seed_played":"-4757825297454140987","potions_obtained":[{"floor":3,"key":"GamblersBrew"},{"floor":3,"key":"LiquidBronze"},{"floor":13,"key":"PowerPotion"},{"floor":14,"key":"Dexterity Potion"},{"floor":20,"key":"Regen Potion"},{"floor":25,"key":"FearPotion"},{"floor":27,"key":"AttackPotion"},{"floor":28,"key":"GamblersBrew"},{"floor":35,"key":"Explosive Potion"}],"is_trial":false,"path_per_floor":["M","?","?","M","T","E","R","?","T","$","?","M","E","M","R","B",null,"M","?","M","?","T","E","R","M","T","M","M","R","M","$","R","B",null,"M","?"],"character_chosen":"DEFECT","items_purchased":["Defragment","War Paint"],"campfire_rested":4,"item_purchase_floors":[31,31],"current_hp_per_floor":[64,64,64,64,64,49,49,17,17,17,39,39,34,36,60,41,82,71,55,32,32,32,9,33,41,41,41,13,37,37,37,61,82,82,35,35,0],"gold":208,"neow_bonus":"ONE_RARE_RELIC","is_prod":false,"is_daily":false,"chose_seed":false,"campfire_upgraded":1,"win_rate":0,"timestamp":1531374504,"path_taken":["M","?","?","?","?","E","R","?","T","$","?","M","E","M","R","BOSS","M","?","?","?","?","E","R","M","T","?","M","R","M","$","R","BOSS","M","?","M"],"build_version":"2018-07-10","purchased_purges":2,"victory":false,"max_hp_per_floor":[68,68,68,68,68,68,68,68,68,68,68,68,82,82,82,82,82,82,82,82,82,82,82,82,82,82,82,82,82,82,82,82,82,82,82,82,82],"card_choices":[{"not_picked":["Go for the Eyes","Streamline"],"picked":"Coolheaded","floor":1},{"not_picked":["Undo","Go for the Eyes","Coolheaded"],"picked":"SKIP","floor":4},{"not_picked":["Consume","Capacitor"],"picked":"Sunder","floor":6},{"not_picked":["Steam Power","Coolheaded"],"picked":"Conserve Battery","floor":8},{"not_picked":["Reinforced Body","Consume"],"picked":"Defragment","floor":12},{"not_picked":["Chaos","Darkness"],"picked":"Creative AI","floor":13},{"not_picked":["Redo","Cold Snap"],"picked":"Double Energy","floor":14},{"not_picked":["Machine Learning","Rainbow"],"picked":"Amplify","floor":16},{"not_picked":["Conserve Battery","Tempest"],"picked":"Loop","floor":18},{"not_picked":["Static Discharge","Barrage","Stack+1"],"picked":"SKIP","floor":20},{"not_picked":["Beam Cell","Hologram","Reprogram"],"picked":"SKIP","floor":23},{"not_picked":["Glacier","BootSequence"],"picked":"Fusion+1","floor":25},{"not_picked":["Aggregate","Barrage+1","Compile Driver+1"],"picked":"SKIP","floor":27},{"not_picked":["Fusion","Sunder","Storm"],"picked":"SKIP","floor":28},{"not_picked":["Compile Driver","Beam Cell+1","FTL"],"picked":"SKIP","floor":30},{"not_picked":["All For One","Biased Cognition"],"picked":"Fission","floor":33},{"not_picked":["Cold Snap","Gash+1","Stack"],"picked":"SKIP","floor":35}],"player_experience":47094,"relics_obtained":[{"floor":5,"key":"Pen Nib"},{"floor":6,"key":"Bird Faced Urn"},{"floor":8,"key":"Odd Mushroom"},{"floor":9,"key":"Emotion Chip"},{"floor":13,"key":"Mango"},{"floor":22,"key":"Mummified Hand"},{"floor":23,"key":"Pantograph"},{"floor":26,"key":"Whetstone"}],"event_choices":[{"event_name":"Living Wall","player_choice":"Change","floor":2,"damage_taken":0},{"event_name":"The Woman in Blue","player_choice":"Bought 2 Potions","floor":3,"damage_taken":0},{"event_name":"Mushrooms","player_choice":"Fought Mushrooms","floor":8,"damage_taken":0},{"event_name":"Big Fish","player_choice":"Banana","floor":11,"damage_taken":0},{"event_name":"Knowing Skull","player_choice":"CARD ","floor":19,"damage_taken":0},{"event_name":"Transmorgrifier","player_choice":"Transform","floor":21,"damage_taken":0},{"event_name":"The Lab","player_choice":"Got Potions","floor":36,"damage_taken":0}],"boss_relics":[{"not_picked":["Astrolabe","Empty Cage"],"picked":"Inserter"},{"not_picked":["Velvet Choker","Fusion Hammer"],"picked":"White Beast Statue"}],"items_purged_floors":[10,31],"is_endless":false,"potions_floor_spawned":[13,14,20,25,27,28,35],"killed_by":"3 Darklings","ascension_level":2}