{"gold_per_floor":[117,117,117,2,47,47,76,94,121,121,121,132,166,178,178,178],"floor_reached":16,"playtime":970,"items_purged":[],"score":108,"play_id":"e802d7eb-e2cf-4fcc-bf1f-5c87ca3d95ad","local_time":"20181231132226","is_ascension_mode":false,"campfire_choices":[{"data":"Sunder","floor":6,"key":"SMITH"},{"floor":11,"key":"REST"},{"floor":15,"key":"REST"}],"neow_cost":"NONE","seed_source_timestamp":253271450961007,"circlet_count":0,"master_deck":["Strike_B+1","Strike_B+1","Strike_B","Strike_B","Defend_B","Defend_B","Defend_B","Defend_B","Zap","Dualcast","Coolheaded","Regret","Self Repair","Sunder+1","Hologram","Stack","Doubt","Go for the Eyes","Defragment","Tempest","Rebound","Redo","Streamline"],"relics":["Cracked Core","Ginger","Centennial Puzzle","Whetstone","Blood Vial","Lantern","Dream Catcher"],"potions_floor_usage":[16],"damage_taken":[{"damage":1,"enemies":"Cultist","floor":1,"turns":4},{"damage":52,"enemies":"Gremlin Nob","floor":7,"turns":5},{"damage":9,"enemies":"Jaw Worm","floor":8,"turns":4},{"damage":0,"enemies":"Small Slimes","floor":12,"turns":1},{"damage":41,"enemies":"Lagavulin","floor":13,"turns":8},{"damage":13,"enemies":"Gremlin Gang","floor":14,"turns":3},{"damage":52,"enemies":"Hexaghost","floor":16,"turns":12}],"seed_played":"-6792821566813595877","potions_obtained":[{"floor":7,"key":"SkillPotion"},{"floor":13,"key":"GamblersBrew"}],"is_trial":false,"path_per_floor":["M","T","?","$","T","R","E","M","T","?","R","M","E","M","R","B"],"character_chosen":"DEFECT","items_purchased":["Self Repair","Sunder"],"campfire_rested":2,"item_purchase_floors":[4,4],"current_hp_per_floor":[81,81,81,81,81,81,36,36,36,36,60,62,30,26,50,0],"gold":178,"neow_bonus":"TEN_PERCENT_HP_BONUS","is_prod":false,"is_daily":false,"chose_seed":false,"campfire_upgraded":1,"win_rate":0.0,"timestamp":1546291346,"path_taken":["M","?","?","?","?","R","E","M","T","?","R","M","E","?","R","BOSS"],"build_version":"2018-12-20","purchased_purges":0,"victory":false,"max_hp_per_floor":[82,82,82,82,82,82,82,82,82,82,82,82,82,82,82,82],"card_choices":[{"not_picked":["Hologram","Consume"],"picked":"Coolheaded","floor":1},{"not_picked":["Conserve Battery","Coolheaded"],"picked":"Hologram","floor":7},{"not_picked":["Loop","Chill"],"picked":"Stack","floor":8},{"not_picked":["Sweeping Beam","Scrape"],"picked":"Tempest","floor":12},{"not_picked":["Sweeping Beam","Reprogram"],"picked":"Rebound","floor":13},{"not_picked":["Cold Snap","Reinforced Body"],"picked":"Redo","floor":14},{"not_picked":["Chill","Beam Cell"],"picked":"Streamline","floor":15}],"player_experience":181394,"relics_obtained":[{"floor":2,"key":"Ginger"},{"floor":5,"key":"Whetstone"},{"floor":7,"key":"Blood Vial"},{"floor":9,"key":"Lantern"},{"floor":13,"key":"Dream Catcher"}],"event_choices":[{"damage_healed":0,"gold_gain":0,"player_choice":"Box","damage_taken":0,"relics_obtained":["Centennial Puzzle"],"max_hp_gain":0,"max_hp_loss":0,"event_name":"Big Fish","floor":3,"gold_loss":0,"cards_obtained":["Regret"]},{"damage_healed":0,"gold_gain":0,"player_choice":"3 cards matched","damage_taken":0,"max_hp_gain":0,"max_hp_loss":0,"event_name":"Match and Keep!","floor":10,"gold_loss":0,"cards_obtained":["Doubt","Go for the Eyes","Defragment"]},{"damage_healed":0,"gold_gain":0,"player_choice":"3 cards matched","damage_taken":0,"max_hp_gain":0,"max_hp_loss":0,"event_name":"Match and Keep!","floor":10,"gold_loss":0,"cards_obtained":["Doubt","Go for the Eyes","Defragment"]}],"is_beta":false,"boss_relics":[],"items_purged_floors":[],"is_endless":false,"potions_floor_spawned":[7,13],"killed_by":"Hexaghost","ascension_level":0}