{"gold_per_floor":[112,112,131,150,150,150,177,177,230,5,25,25,38,62,62,158,158,178,199,41,91,91,91,91,91],"floor_reached":25,"playtime":590,"items_purged":["Defend_B"],"score":402,"play_id":"7243f57a-74f3-4c5c-b1cb-3d4bb8e75c50","local_time":"20190301223736","is_ascension_mode":true,"campfire_choices":[{"data":"Zap","floor":6,"key":"SMITH"},{"data":"Coolheaded","floor":8,"key":"SMITH"},{"data":"Recycle","floor":15,"key":"SMITH"},{"data":"Hologram","floor":23,"key":"SMITH"}],"neow_cost":"TEN_PERCENT_HP_LOSS","seed_source_timestamp":111749714283801,"circlet_count":0,"master_deck":["AscendersBane","Strike_B+1","Defend_B","Defend_B+1","Defend_B","Zap+1","Dualcast","Ball Lightning","Conserve Battery","Coolheaded+1","Go for the Eyes","Electrodynamics","Hologram+1","Recycle+1","White Noise","Coolheaded","Rainbow","Cold Snap","Loop"],"relics":["Cracked Core","Du-Vu Doll","Orichalcum","Oddly Smooth Stone","Golden Idol","Empty Cage"],"potions_floor_usage":[7],"damage_taken":[{"damage":4,"enemies":"Jaw Worm","floor":1,"turns":5},{"damage":12,"enemies":"2 Louse","floor":3,"turns":2},{"damage":0,"enemies":"Small Slimes","floor":4,"turns":2},{"damage":5,"enemies":"3 Sentries","floor":7,"turns":6},{"damage":0,"enemies":"Looter","floor":11,"turns":3},{"damage":0,"enemies":"3 Louse","floor":13,"turns":1},{"damage":0,"enemies":"Large Slime","floor":14,"turns":4},{"damage":12,"enemies":"The Guardian","floor":16,"turns":14},{"damage":3,"enemies":"Spheric Guardian","floor":18,"turns":4},{"damage":7,"enemies":"3 Byrds","floor":19,"turns":3},{"damage":42,"enemies":"Book of Stabbing","floor":25,"turns":4}],"seed_played":"-1506960835750148876","potions_obtained":[{"floor":1,"key":"AttackPotion"},{"floor":7,"key":"Explosive Potion"},{"floor":13,"key":"Regen Potion"},{"floor":16,"key":"Block Potion"}],"is_trial":false,"path_per_floor":["M","?","M","M","?","R","E","R","T","$","M","?","M","M","R","B",null,"M","M","$","?","?","R","?","E"],"character_chosen":"DEFECT","items_purchased":["Electrodynamics","Hologram","Loop"],"campfire_rested":0,"item_purchase_floors":[10,10,20],"current_hp_per_floor":[60,41,29,29,22,22,17,17,17,17,17,17,17,17,17,5,45,42,35,35,35,35,35,35,0],"gold":91,"neow_bonus":"ONE_RARE_RELIC","is_prod":false,"is_daily":false,"chose_seed":false,"campfire_upgraded":4,"win_rate":0,"timestamp":1551451056,"path_taken":["M","?","M","M","?","R","E","R","T","$","M","?","M","M","R","BOSS","M","M","$","?","?","R","?","E"],"build_version":"2019-01-23","purchased_purges":1,"victory":false,"max_hp_per_floor":[64,64,64,64,64,64,64,64,64,64,64,58,58,58,58,58,58,58,58,58,58,58,58,58,58],"card_choices":[{"not_picked":["Lockon","Conserve Battery"],"picked":"Ball Lightning","floor":1},{"not_picked":["Aggregate","Gash"],"picked":"Conserve Battery","floor":3},{"not_picked":["Rebound","Compile Driver"],"picked":"Coolheaded","floor":4},{"not_picked":["Rebound","Leap"],"picked":"Go for the Eyes","floor":7},{"not_picked":["Reboot","Aggregate"],"picked":"Recycle","floor":11},{"not_picked":["Sunder","Redo"],"picked":"White Noise","floor":13},{"not_picked":["Gash","Self Repair"],"picked":"Coolheaded","floor":14},{"not_picked":["Electrodynamics","Creative AI"],"picked":"Rainbow","floor":16},{"not_picked":["Melter","Static Discharge","Rebound"],"picked":"SKIP","floor":18},{"not_picked":["Melter","Conserve Battery"],"picked":"Cold Snap","floor":19}],"player_experience":1061733,"relics_obtained":[{"floor":7,"key":"Orichalcum"},{"floor":9,"key":"Oddly Smooth Stone"}],"event_choices":[{"damage_healed":0,"gold_gain":0,"player_choice":"Entered Light","damage_taken":19,"max_hp_gain":0,"max_hp_loss":0,"event_name":"Shining Light","floor":2,"gold_loss":0,"cards_upgraded":["Strike_B","Defend_B"]},{"cards_removed":["Strike_B"],"damage_healed":0,"gold_gain":0,"player_choice":"Card Removal","damage_taken":7,"max_hp_gain":0,"max_hp_loss":0,"event_name":"Golden Wing","floor":5,"gold_loss":0},{"damage_healed":0,"gold_gain":0,"player_choice":"Lose Max HP","damage_taken":0,"relics_obtained":["Golden Idol"],"max_hp_gain":0,"max_hp_loss":6,"event_name":"Golden Idol","floor":12,"gold_loss":0},{"damage_healed":0,"gold_gain":50,"player_choice":"Stole From Cult","damage_taken":0,"max_hp_gain":0,"max_hp_loss":0,"event_name":"Nest","floor":21,"gold_loss":0},{"damage_healed":0,"gold_gain":0,"player_choice":"Ignored","damage_taken":0,"max_hp_gain":0,"max_hp_loss":0,"event_name":"Cursed Tome","floor":22,"gold_loss":0},{"damage_healed":0,"gold_gain":0,"player_choice":"Ignored","damage_taken":0,"max_hp_gain":0,"max_hp_loss":0,"event_name":"Vampires","floor":24,"gold_loss":0}],"is_beta":false,"boss_relics":[{"not_picked":["White Beast Statue","Lizard Tail"],"picked":"Empty Cage"}],"items_purged_floors":[20],"is_endless":false,"potions_floor_spawned":[1,7,13,16],"killed_by":"Book of Stabbing","ascension_level":20}