{"gold_per_floor":[114,114,16,27,39,39,57,83,83,8,8,8,33,53,53,128,128,145,162,107,126,126,126,159,159,186,186,7,7,39,39,39,117,117,132,151,1,1,21,21,49,49,121,137,170,181,210,224,224,224,224,224,224,5,33,33],"floor_reached":57,"playtime":2540,"items_purged":["Defend_B"],"score":2901,"play_id":"8de946e3-1a86-48ce-8561-065010a91e94","local_time":"20190410175945","is_ascension_mode":true,"campfire_choices":[{"data":"Defragment","floor":6.0,"key":"SMITH"},{"data":"Zap","floor":12.0,"key":"SMITH"},{"data":"Turbo","floor":15.0,"key":"SMITH"},{"data":"Coolheaded","floor":23.0,"key":"SMITH"},{"data":"Dualcast","floor":25.0,"key":"SMITH"},{"data":"Go for the Eyes","floor":27.0,"key":"SMITH"},{"data":"Tempest","floor":32.0,"key":"SMITH"},{"data":"Defragment","floor":40.0,"key":"SMITH"},{"data":"Multi-Cast","floor":42.0,"key":"SMITH"},{"floor":49.0,"key":"RECALL"},{"data":"Heatsinks","floor":53,"key":"SMITH"}],"neow_cost":"NONE","seed_source_timestamp":103056231531147,"circlet_count":0,"master_deck":["AscendersBane","Zap+1","Dualcast+1","Defragment+1","Ball Lightning","Self Repair","Cold Snap","Go for the Eyes+1","Multi-Cast+1","Glacier","Turbo+1","Tempest+1","Thunder Strike","Compile Driver+1","Turbo+1","Rainbow+1","Sunder+1","Coolheaded+1","Creative AI+1","Echo Form","Fusion+1","Defragment+1","Hologram","Heatsinks+1","Skim+1"],"special_seed":0,"relics":["Cracked Core","Omamori","Vajra","Orichalcum","Pantograph","Astrolabe","Ancient Tea Set","DataDisk","Singing Bowl","Nuclear Battery","CultistMask","Gambling Chip","Blood Vial","Chemical X","Sundial"],"potions_floor_usage":[],"damage_taken":[{"damage":6.0,"enemies":"Jaw Worm","floor":1.0,"turns":4.0},{"damage":0.0,"enemies":"Cultist","floor":4.0,"turns":3.0},{"damage":5.0,"enemies":"Small Slimes","floor":5.0,"turns":4.0},{"damage":7.0,"enemies":"2 Fungi Beasts","floor":7.0,"turns":3.0},{"damage":16.0,"enemies":"Lagavulin","floor":8.0,"turns":6.0},{"damage":14.0,"enemies":"Gremlin Nob","floor":13.0,"turns":4.0},{"damage":15.0,"enemies":"Large Slime","floor":14.0,"turns":4.0},{"damage":45.0,"enemies":"Hexaghost","floor":16.0,"turns":10.0},{"damage":0.0,"enemies":"3 Byrds","floor":18.0,"turns":3.0},{"damage":17.0,"enemies":"2 Thieves","floor":19.0,"turns":4.0},{"damage":19.0,"enemies":"Centurion and Healer","floor":21.0,"turns":6.0},{"damage":8.0,"enemies":"Gremlin Leader","floor":24.0,"turns":7.0},{"damage":16.0,"enemies":"Book of Stabbing","floor":30.0,"turns":5.0},{"damage":45.0,"enemies":"Champ","floor":33.0,"turns":11.0},{"damage":0.0,"enemies":"Orb Walker","floor":35.0,"turns":1.0},{"damage":0.0,"enemies":"3 Darklings","floor":36.0,"turns":4.0},{"damage":11.0,"enemies":"Maw","floor":39.0,"turns":5.0},{"damage":0.0,"enemies":"Giant Head","floor":41.0,"turns":7.0},{"damage":7.0,"enemies":"Sphere and 2 Shapes","floor":44.0,"turns":3.0},{"damage":2.0,"enemies":"Reptomancer","floor":45.0,"turns":6.0},{"damage":14.0,"enemies":"3 Darklings","floor":46.0,"turns":3.0},{"damage":9.0,"enemies":"Giant Head","floor":47.0,"turns":6.0},{"damage":15.0,"enemies":"Writhing Mass","floor":48.0,"turns":4.0},{"damage":33,"enemies":"Donu and Deca","floor":50,"turns":7},{"damage":58,"enemies":"Time Eater","floor":51,"turns":6},{"damage":0,"enemies":"Shield and Spear","floor":55,"turns":2},{"damage":87,"enemies":"The Heart","floor":56,"turns":9}],"seed_played":"-4005864300704104280","potions_obtained":[{"floor":4.0,"key":"Swift Potion"},{"floor":5.0,"key":"EntropicBrew"},{"floor":8.0,"key":"Fruit Juice"},{"floor":30.0,"key":"SpeedPotion"},{"floor":36.0,"key":"Energy Potion"},{"floor":45.0,"key":"Energy Potion"},{"floor":46.0,"key":"Dexterity Potion"}],"is_trial":false,"path_per_floor":["M","?","$","M","M","R","M","E","T","?","?","R","E","M","R","B",null,"M","M","$","M","?","R","E","R","T","R","$","?","E","?","R","B",null,"M","M","$","?","M","R","E","R","T","M","E","M","E","M","R","B","B",null,"R","$","E","B",null],"character_chosen":"DEFECT","items_purchased":["Ball Lightning","Self Repair","Block Potion","Creative AI","Defragment","Chemical X"],"campfire_rested":0,"item_purchase_floors":[3,3,20,28,37,54],"current_hp_per_floor":[58,58,58,65,67,67,60,56,56,56,49,49,35,27,27,14,61,68,58,58,46,46,46,45,45,45,45,45,45,38,38,38,25,65,67,74,74,74,72,72,79,79,79,79,84,77,79,75,75,62,44,77,77,77,88,10],"gold":33,"neow_bonus":"RANDOM_COMMON_RELIC","is_prod":false,"is_daily":false,"chose_seed":false,"campfire_upgraded":10,"win_rate":0,"timestamp":1554890385,"path_taken":["M","?","$","?","M","R","M","E","T","?","?","R","E","M","R","BOSS","M","M","$","M","?","R","E","R","T","R","$","?","E","?","R","BOSS","M","M","?","?","M","R","E","R","T","M","E","?","E","M","R","BOSS","BOSS","R","$","E","BOSS"],"build_version":"2019-01-23","purchased_purges":1,"victory":true,"max_hp_per_floor":[71,71,71,71,71,71,71,76,76,76,76,76,76,76,76,76,76,76,76,76,76,76,76,76,76,76,76,76,76,78,78,78,78,78,80,80,80,80,82,82,82,82,82,82,84,84,86,88,88,88,88,88,88,88,90,90],"card_choices":[{"not_picked":["Compile Driver","Coolheaded"],"picked":"Defragment","floor":1.0},{"not_picked":["Steam Power","Sunder"],"picked":"Cold Snap","floor":4.0},{"not_picked":["Barrage","Force Field"],"picked":"Go for the Eyes","floor":5.0},{"not_picked":["Stack","Compile Driver"],"picked":"Multi-Cast","floor":7.0},{"not_picked":["Cold Snap","Fission"],"picked":"Glacier","floor":8.0},{"not_picked":["Barrage","Lockon"],"picked":"Turbo","floor":13.0},{"not_picked":["FTL","Redo"],"picked":"Tempest","floor":14.0},{"not_picked":["Echo Form","All For One"],"picked":"Thunder Strike","floor":16.0},{"not_picked":["Turbo","Storm","Self Repair"],"picked":"SKIP","floor":18.0},{"not_picked":["Gash","Darkness"],"picked":"Sunder+1","floor":19.0},{"not_picked":["Undo","Rebound"],"picked":"Coolheaded","floor":21.0},{"not_picked":["Melter","Rebound","Redo"],"picked":"SKIP","floor":24.0},{"not_picked":["Streamline","Consume","Tempest"],"picked":"Singing Bowl","floor":30.0},{"not_picked":["Amplify","Rainbow"],"picked":"Echo Form","floor":33.0},{"not_picked":["Rebound","Ball Lightning+1","Sweeping Beam"],"picked":"Singing Bowl","floor":35.0},{"not_picked":["Storm","Stack+1"],"picked":"Fusion+1","floor":36.0},{"not_picked":["Stack+1","FTL","Scrape"],"picked":"Singing Bowl","floor":39.0},{"not_picked":["Creative AI","Go for the Eyes+1"],"picked":"Hologram","floor":41.0},{"not_picked":["Gash","Compile Driver+1"],"picked":"Heatsinks","floor":44.0},{"not_picked":["Reprogram","Rebound","Streamline+1"],"picked":"Singing Bowl","floor":45.0},{"not_picked":["Steam Power","Chill"],"picked":"Skim+1","floor":46.0},{"not_picked":["Rainbow","Sunder","Melter"],"picked":"Singing Bowl","floor":47.0},{"not_picked":["Go for the Eyes","Static Discharge+1","Compile Driver"],"picked":"Singing Bowl","floor":48.0},{"not_picked":["Heatsinks","Doom and Gloom","Sunder"],"picked":"Singing Bowl","floor":55}],"player_experience":1356114,"relics_obtained":[{"floor":8.0,"key":"Vajra"},{"floor":9.0,"key":"Orichalcum"},{"floor":13.0,"key":"Pantograph"},{"floor":24.0,"key":"Ancient Tea Set"},{"floor":26.0,"key":"DataDisk"},{"floor":30.0,"key":"Singing Bowl"},{"floor":41.0,"key":"Gambling Chip"},{"floor":45.0,"key":"Blood Vial"},{"floor":55,"key":"Sundial"}],"event_choices":[{"cards_removed":["Strike_B"],"damage_healed":0.0,"max_hp_gain":0.0,"max_hp_loss":0.0,"gold_gain":0.0,"event_name":"Bonfire Elementals","player_choice":"Offered Basic","floor":2.0,"gold_loss":0.0,"damage_taken":0.0},{"cards_removed":["Strike_B"],"damage_healed":0.0,"max_hp_gain":0.0,"max_hp_loss":0.0,"gold_gain":0.0,"event_name":"The Cleric","player_choice":"Card Removal","floor":10.0,"gold_loss":75.0,"damage_taken":0.0},{"cards_removed":["Strike_B"],"damage_healed":0.0,"max_hp_gain":0.0,"max_hp_loss":0.0,"gold_gain":0.0,"event_name":"Golden Wing","player_choice":"Card Removal","floor":11.0,"gold_loss":0.0,"damage_taken":7.0},{"cards_removed":["Defend_B"],"damage_healed":0.0,"max_hp_gain":0.0,"max_hp_loss":0.0,"gold_gain":0.0,"event_name":"Back to Basics","player_choice":"Elegance","floor":22.0,"gold_loss":0.0,"damage_taken":0.0},{"damage_healed":0.0,"max_hp_gain":0.0,"max_hp_loss":0.0,"gold_gain":0.0,"event_name":"Accursed Blacksmith","player_choice":"Forge","floor":31.0,"gold_loss":0.0,"damage_taken":0.0,"cards_upgraded":["Creative AI"]},{"damage_healed":0.0,"max_hp_gain":0.0,"max_hp_loss":0.0,"gold_gain":0.0,"event_name":"FaceTrader","player_choice":"Trade","floor":38.0,"gold_loss":0.0,"damage_taken":0.0,"relics_obtained":["CultistMask"]}],"is_beta":false,"boss_relics":[{"not_picked":["Calling Bell","Coffee Dripper"],"picked":"Astrolabe"},{"not_picked":["Busted Crown","Cursed Key"],"picked":"Nuclear Battery"}],"items_purged_floors":[37],"is_endless":false,"potions_floor_spawned":[4,5,8,19,30,35,36,41,45,46,55],"ascension_level":20}