{"gold_per_floor":[110,185,210,175,186,186,220,234,234,245,245,275,285,243,243,320,320,332,382,398,398],"floor_reached":21,"playtime":596,"items_purged":[],"score":407,"play_id":"36ba000a-0575-4a51-ae7b-f0948cdd27aa","local_time":"20181108114010","is_ascension_mode":true,"campfire_choices":[{"data":"Cloak And Dagger","floor":6,"key":"SMITH"},{"data":"Choke","floor":11,"key":"SMITH"},{"data":"Corpse Explosion","floor":15,"key":"SMITH"}],"neow_cost":"NONE","seed_source_timestamp":276142838825005,"circlet_count":0,"master_deck":["AscendersBane","Defend_G","Defend_G+1","Defend_G","Defend_G","Defend_G","Strike_G","Strike_G","Strike_G","Strike_G","Strike_G","Survivor+1","Neutralize","Dagger Spray","Cloak And Dagger+1","Dagger Spray","Choke+1","Tools of the Trade","Corpse Explosion+1","Backflip","Footwork","Storm of Steel","Terror+1","Deflect+1"],"relics":["Ring of the Serpent","NeowsBlessing","PreservedInsect","Ancient Tea Set","Dodecahedron","War Paint"],"potions_floor_usage":[10,12,18,21],"damage_taken":[{"damage":0,"enemies":"Jaw Worm","floor":1,"turns":1},{"damage":0,"enemies":"Small Slimes","floor":5,"turns":1},{"damage":0,"enemies":"3 Sentries","floor":7,"turns":1},{"damage":0,"enemies":"2 Louse","floor":8,"turns":2},{"damage":5,"enemies":"Red Slaver","floor":10,"turns":3},{"damage":12,"enemies":"Lagavulin","floor":12,"turns":3},{"damage":10,"enemies":"Large Slime","floor":13,"turns":4},{"damage":19,"enemies":"The Guardian","floor":16,"turns":12},{"damage":22,"enemies":"2 Thieves","floor":18,"turns":4},{"damage":29,"enemies":"Shell Parasite","floor":20,"turns":9},{"damage":14,"enemies":"Masked Bandits","floor":21,"turns":2}],"seed_played":"1003338012086295842","potions_obtained":[{"floor":5,"key":"FearPotion"},{"floor":7,"key":"Poison Potion"},{"floor":10,"key":"SteroidPotion"},{"floor":13,"key":"LiquidBronze"}],"is_trial":false,"path_per_floor":["M","?","T","?","M","R","E","M","T","M","R","E","M","$","R","B",null,"M","?","M","?"],"character_chosen":"THE_SILENT","items_purchased":["Footwork"],"campfire_rested":0,"item_purchase_floors":[14],"current_hp_per_floor":[59,48,48,64,64,64,64,64,64,59,59,47,37,37,37,18,54,32,32,3,0],"gold":398,"neow_bonus":"THREE_ENEMY_KILL","is_prod":false,"is_daily":false,"chose_seed":false,"campfire_upgraded":3,"win_rate":0,"timestamp":1541695210,"path_taken":["M","?","?","?","M","R","E","M","T","M","R","E","M","?","R","BOSS","M","?","?","?"],"build_version":"2018-11-01","purchased_purges":0,"victory":false,"max_hp_per_floor":[66,66,66,66,66,66,66,66,66,66,66,66,66,66,66,66,66,66,66,66,66],"card_choices":[{"not_picked":["Dodge and Roll","Setup"],"picked":"Dagger Spray","floor":1},{"not_picked":["Dagger Spray","Backflip"],"picked":"Cloak And Dagger","floor":5},{"not_picked":["Backstab","Dagger Throw"],"picked":"Dagger Spray","floor":7},{"not_picked":["Dagger Spray","Predator"],"picked":"Choke","floor":8},{"not_picked":["Acrobatics","Deadly Poison"],"picked":"Tools of the Trade","floor":10},{"not_picked":["Backstab","Poisoned Stab"],"picked":"Corpse Explosion","floor":12},{"not_picked":["Calculated Gamble","Dagger Throw"],"picked":"Backflip","floor":13},{"not_picked":["Doppelganger","Die Die Die"],"picked":"Storm of Steel","floor":16},{"not_picked":["PiercingWail","Bane+1"],"picked":"Terror+1","floor":18},{"not_picked":["Tactician","Outmaneuver"],"picked":"Deflect+1","floor":20}],"player_experience":708707,"relics_obtained":[{"floor":3,"key":"PreservedInsect"},{"floor":7,"key":"Ancient Tea Set"},{"floor":9,"key":"Dodecahedron"},{"floor":12,"key":"War Paint"}],"event_choices":[{"damage_healed":0,"gold_gain":75,"player_choice":"Gather Gold","damage_taken":11,"max_hp_gain":0,"max_hp_loss":0,"event_name":"World of Goop","floor":2,"gold_loss":0},{"damage_healed":16,"gold_gain":0,"player_choice":"Healed","damage_taken":0,"max_hp_gain":0,"max_hp_loss":0,"event_name":"The Cleric","floor":4,"gold_loss":35},{"damage_healed":0,"gold_gain":100,"player_choice":"Bet on Murderer","damage_taken":0,"max_hp_gain":0,"max_hp_loss":0,"event_name":"The Joust","floor":19,"gold_loss":50},{"damage_healed":0,"gold_gain":0,"player_choice":"Fought Bandits","damage_taken":0,"max_hp_gain":0,"max_hp_loss":0,"event_name":"Masked Bandits","floor":21,"gold_loss":0}],"is_beta":false,"boss_relics":[{"not_picked":["Velvet Choker","Fusion Hammer"],"picked":"Ring of the Serpent"}],"items_purged_floors":[],"is_endless":false,"potions_floor_spawned":[5,7,10,13],"killed_by":"Masked Bandits","ascension_level":18}