{"gold_per_floor":[112,112,60,60,70,70,98,112,138,163,163,182,196,212,212,212],"floor_reached":16,"playtime":451,"items_purged":[],"score":260,"play_id":"3c58dde3-297e-4b30-830b-228df65190cc","local_time":"20181116082716","is_ascension_mode":true,"campfire_choices":[{"data":"Blade Dance","floor":6,"key":"SMITH"},{"data":"Crippling Poison","floor":15,"key":"SMITH"}],"neow_cost":"NONE","seed_source_timestamp":139188684205451,"circlet_count":0,"master_deck":["AscendersBane","Defend_G","Defend_G","Defend_G+1","Defend_G+1","Defend_G","Strike_G","Strike_G","Strike_G","Strike_G","Strike_G","Survivor","Neutralize","Dash","Regret","Blade Dance+1","Dagger Throw","Underhanded Strike","Blade Dance","Crippling Poison+1","All Out Attack","Prepared"],"relics":["Ring of the Snake","NeowsBlessing","Strawberry","Pen Nib","War Paint","Ancient Tea Set","Tingsha"],"potions_floor_usage":[10,12],"damage_taken":[{"damage":0,"enemies":"2 Louse","floor":1,"turns":1},{"damage":0,"enemies":"Small Slimes","floor":5,"turns":1},{"damage":0,"enemies":"Lagavulin","floor":7,"turns":1},{"damage":2,"enemies":"Cultist","floor":8,"turns":3},{"damage":11,"enemies":"Gremlin Nob","floor":10,"turns":3},{"damage":15,"enemies":"Exordium Wildlife","floor":12,"turns":5},{"damage":3,"enemies":"Blue Slaver","floor":13,"turns":2},{"damage":2,"enemies":"3 Louse","floor":14,"turns":3},{"damage":50,"enemies":"Hexaghost","floor":16,"turns":11}],"seed_played":"1517159340759445512","potions_obtained":[{"floor":1,"key":"FearPotion"},{"floor":8,"key":"AttackPotion"},{"floor":10,"key":"Regen Potion"},{"floor":12,"key":"SmokeBomb"},{"floor":13,"key":"EntropicBrew"}],"is_trial":false,"path_per_floor":["M","?","$","?","M","R","E","M","T","E","?","M","M","M","R","B"],"character_chosen":"THE_SILENT","items_purchased":["Blade Dance"],"campfire_rested":0,"item_purchase_floors":[3],"current_hp_per_floor":[59,66,66,66,66,66,66,64,64,53,53,52,49,47,47,0],"gold":212,"neow_bonus":"THREE_ENEMY_KILL","is_prod":false,"is_daily":false,"chose_seed":false,"campfire_upgraded":2,"win_rate":0,"timestamp":1542374836,"path_taken":["M","?","$","?","?","R","E","M","T","E","?","M","M","M","R","BOSS"],"build_version":"2018-11-15","purchased_purges":0,"victory":false,"max_hp_per_floor":[66,73,73,73,73,73,73,73,73,73,73,73,73,73,73,73],"card_choices":[{"not_picked":["Flying Knee","Predator"],"picked":"Dash","floor":1},{"not_picked":["Predator","Concentrate"],"picked":"Dagger Throw","floor":5},{"not_picked":["Dagger Throw","Prepared"],"picked":"Underhanded Strike","floor":7},{"not_picked":["Heel Hook","Backflip"],"picked":"Blade Dance","floor":8},{"not_picked":["Outmaneuver","Quick Slash"],"picked":"Crippling Poison","floor":10},{"not_picked":["Prepared","Infinite Blades"],"picked":"All Out Attack","floor":12},{"not_picked":["Sucker Punch","Backflip"],"picked":"Prepared","floor":13},{"not_picked":["Caltrops","Dodge and Roll","Expertise"],"picked":"SKIP","floor":14}],"player_experience":728017,"relics_obtained":[{"floor":7,"key":"War Paint"},{"floor":9,"key":"Ancient Tea Set"},{"floor":10,"key":"Tingsha"}],"event_choices":[{"damage_healed":0,"gold_gain":0,"player_choice":"Box","damage_taken":0,"relics_obtained":["Strawberry"],"max_hp_gain":0,"max_hp_loss":0,"event_name":"Big Fish","floor":2,"gold_loss":0,"cards_obtained":["Regret"]},{"damage_healed":0,"gold_gain":0,"player_choice":"Gave Potion","damage_taken":0,"relics_obtained":["Pen Nib"],"max_hp_gain":0,"max_hp_loss":0,"event_name":"WeMeetAgain","floor":4,"gold_loss":0},{"damage_healed":0,"gold_gain":0,"player_choice":"Ignored","damage_taken":0,"max_hp_gain":0,"max_hp_loss":0,"event_name":"Shining Light","floor":11,"gold_loss":0}],"is_beta":false,"boss_relics":[],"items_purged_floors":[],"is_endless":false,"potions_floor_spawned":[1,8,10,12,13],"killed_by":"Hexaghost","ascension_level":18}