{"path_per_floor":["M","$","M","?","M","R","?","R","T","M","?","$","M","M","R","B",null,"M","M","M","$","?","M","E","M","T","M","R","M","R","M","R","B",null,"M","?","$","M","M","E","M"],"character_chosen":"DEFECT","items_purchased":["Dark Shackles","Trip","War Paint","Sadistic Nature"],"gold_per_floor":[111,12,24,24,38,38,38,38,38,54,54,54,68,87,87,213,213,237,251,275,31,31,45,80,99,99,122,122,138,138,154,154,280,280,301,301,45,63,86,117,140,140],"floor_reached":42,"campfire_rested":2,"playtime":2049,"current_hp_per_floor":[69,69,68,68,68,68,50,50,50,51,36,36,32,34,56,25,75,70,54,45,45,45,47,33,35,35,33,70,61,61,61,61,21,75,75,75,75,48,39,18,9,0],"items_purged":["Strike_B"],"gold":140,"score":468,"play_id":"f230a6b8-29c5-40fa-8c94-a35a3207d71d","local_time":"20180506182036","is_prod":false,"is_daily":false,"chose_seed":false,"is_ascension_mode":true,"campfire_upgraded":4,"timestamp":1525645236,"path_taken":["M","$","M","?","M","R","?","R","T","M","?","$","M","M","R","BOSS","M","M","M","$","?","?","E","M","T","M","R","M","R","M","R","BOSS","M","?","$","?","M","E","M","M"],"build_version":"2018-05-03","seed_source_timestamp":0,"purchased_purges":1,"victory":false,"master_deck":["Strike_B+1","Strike_B+1","Strike_B+1","Defend_B+1","Defend_B+1","Defend_B+1","Defend_B+1","Zap+1","Dualcast+1","Skim","Dark Shackles+1","Ball Lightning+1","Machine Learning+1","Chaos+1","Lockon","All For One+1","Steam Power","FTL+1","Axe Kick+1","Trip+1","Rebound+1","BootSequence","Go for the Eyes+1","Static Discharge+1","Prime+1","Melter+1","Sadistic Nature+1","BootSequence+1","Glacier+1"],"max_hp_per_floor":[75,75,75,75,75,75,75,75,75,75,75,75,75,75,75,75,75,75,75,75,75,75,75,75,75,75,75,75,75,75,75,75,75,75,75,75,75,75,75,75,75,75],"relics":["Cracked Core","Golden Idol","Blood Vial","Inserter","War Paint","Regal Pillow","Frozen Egg 2","Black Star","Vajra","Juzu Bracelet"],"card_choices":[{"not_picked":["Melter","Axe Kick"],"picked":"Skim","floor":1.0},{"not_picked":["Skim","Blizzard"],"picked":"Ball Lightning","floor":3.0},{"not_picked":["Rebound","Reprogram"],"picked":"Machine Learning","floor":5.0},{"not_picked":["Melter","Skim"],"picked":"Chaos","floor":10.0},{"not_picked":["Capacitor","Stack"],"picked":"Lockon","floor":13.0},{"not_picked":["Redo","Creative AI"],"picked":"All For One","floor":16.0},{"not_picked":["Coolheaded","Reinforced Body"],"picked":"Steam Power","floor":18.0},{"not_picked":["Axe Kick","Impulse"],"picked":"FTL","floor":19.0},{"not_picked":["Undo","Coolheaded"],"picked":"Axe Kick","floor":20.0},{"not_picked":["Consume","Gash"],"picked":"Rebound","floor":25.0},{"not_picked":["Skim","Cold Snap"],"picked":"BootSequence","floor":27.0},{"not_picked":["Hologram","Glacier"],"picked":"Go for the Eyes","floor":29.0},{"not_picked":["Capacitor","Axe Kick"],"picked":"Static Discharge","floor":31.0},{"not_picked":["Fusion","Meteor Strike"],"picked":"Prime","floor":33.0},{"not_picked":["Undo","Axe Kick"],"picked":"Melter","floor":35.0},{"not_picked":["Sweeping Beam","White Noise"],"picked":"BootSequence","floor":39.0},{"not_picked":["Skim","Auto Shields"],"picked":"Glacier","floor":40.0}],"player_experience":51270,"potions_floor_usage":[41],"damage_taken":[{"damage":6.0,"enemies":"Jaw Worm","floor":1.0,"turns":3.0},{"damage":1.0,"enemies":"Cultist","floor":3.0,"turns":3.0},{"damage":0.0,"enemies":"Small Slimes","floor":5.0,"turns":2.0},{"damage":1.0,"enemies":"Looter","floor":10.0,"turns":3.0},{"damage":6.0,"enemies":"Large Slime","floor":13.0,"turns":4.0},{"damage":0.0,"enemies":"Blue Slaver","floor":14.0,"turns":3.0},{"damage":33.0,"enemies":"The Guardian","floor":16.0,"turns":9.0},{"damage":5.0,"enemies":"Spheric Guardian","floor":18.0,"turns":3.0},{"damage":18.0,"enemies":"Shell Parasite","floor":19.0,"turns":6.0},{"damage":11.0,"enemies":"Snake Plant","floor":20.0,"turns":4.0},{"damage":0.0,"enemies":"Chosen and Byrds","floor":23.0,"turns":3.0},{"damage":25.0,"enemies":"Book of Stabbing","floor":24.0,"turns":4.0},{"damage":0.0,"enemies":"Cultist and Chosen","floor":25.0,"turns":3.0},{"damage":4.0,"enemies":"3 Cultists","floor":27.0,"turns":5.0},{"damage":11.0,"enemies":"Slaver and Parasite","floor":29.0,"turns":5.0},{"damage":2.0,"enemies":"Centurion and Healer","floor":31.0,"turns":5.0},{"damage":42.0,"enemies":"Champ","floor":33.0,"turns":8.0},{"damage":0.0,"enemies":"Flame Bruiser 1 Orb","floor":35.0,"turns":4.0},{"damage":27.0,"enemies":"3 Darklings","floor":38.0,"turns":3.0},{"damage":11.0,"enemies":"Maw","floor":39.0,"turns":6.0},{"damage":23.0,"enemies":"Giant Head","floor":40.0,"turns":8.0},{"damage":11,"enemies":"Spire Growth","floor":41,"turns":6},{"damage":20,"enemies":"Flame Bruiser 2 Orb","floor":42,"turns":2}],"event_choices":[{"event_name":"The Lab","player_choice":"Got Potions","floor":4.0,"damage_taken":0.0},{"event_name":"Golden Idol","player_choice":"Take Damage","floor":7.0,"damage_taken":0.0},{"event_name":"Shining Light","player_choice":"Entered Light","floor":11.0,"damage_taken":0.0},{"event_name":"Back to Basics","player_choice":"Simplicity","floor":22.0,"damage_taken":0.0},{"event_name":"Tomb of Lord Red Mask","player_choice":"Ignored","floor":36.0,"damage_taken":0.0}],"boss_relics":[],"potions_floor_spawned":[5,16,19,23,24,25,29,33,38],"seed_played":"-3873742070300642790","killed_by":"Flame Bruiser 2 Orb","ascension_level":1,"is_trial":false}