{"gold_per_floor":[110,110,110,133,146,180,180,195,267,267,267],"floor_reached":11,"playtime":222,"items_purged":[],"score":102,"play_id":"5dbeeac2-4245-4d3e-b9e0-2a7354777417","local_time":"20190417103200","is_ascension_mode":true,"campfire_choices":[{"data":"Rampage","floor":7,"key":"SMITH"}],"neow_cost":"NONE","seed_source_timestamp":526459828174300,"circlet_count":0,"master_deck":["Strike_R","Strike_R","Strike_R+1","Strike_R","Strike_R","Defend_R+1","Defend_R","Defend_R","Defend_R","Bash","Combust","Rampage+1","Shrug It Off","Ghostly Armor"],"relics":["Burning Blood","NeowsBlessing","Golden Idol","Nunchaku","Self Forming Clay","PreservedInsect"],"potions_floor_usage":[6],"damage_taken":[{"damage":0,"enemies":"2 Louse","floor":1,"turns":1},{"damage":0,"enemies":"Jaw Worm","floor":4,"turns":1},{"damage":0,"enemies":"Small Slimes","floor":5,"turns":1},{"damage":26,"enemies":"3 Sentries","floor":6,"turns":6},{"damage":17,"enemies":"3 Louse","floor":8,"turns":3},{"damage":22,"enemies":"Exordium Wildlife","floor":11,"turns":4}],"seed_played":"-4146365967003340612","potions_obtained":[{"floor":5,"key":"Swift Potion"},{"floor":6,"key":"LiquidBronze"}],"is_trial":false,"path_per_floor":["M","?","?","M","M","E","R","M","T","?","M"],"character_chosen":"IRONCLAD","items_purchased":[],"campfire_rested":0,"item_purchase_floors":[],"current_hp_per_floor":[78,62,42,48,54,34,34,23,23,11,0],"gold":267,"neow_bonus":"THREE_ENEMY_KILL","is_prod":false,"is_daily":false,"chose_seed":false,"campfire_upgraded":1,"win_rate":0,"timestamp":1555468320,"path_taken":["M","?","?","M","M","E","R","M","T","?","?"],"build_version":"2019-01-23","purchased_purges":0,"victory":false,"max_hp_per_floor":[80,80,80,80,80,80,80,80,80,80,80],"card_choices":[{"not_picked":["Shrug It Off","Warcry"],"picked":"Combust","floor":1},{"not_picked":["Havoc","Twin Strike"],"picked":"Rampage","floor":4},{"not_picked":["Armaments","Twin Strike"],"picked":"Shrug It Off","floor":5},{"not_picked":["Sentinel","Havoc"],"picked":"Ghostly Armor","floor":6},{"not_picked":["Twin Strike","Headbutt","Clothesline"],"picked":"SKIP","floor":8}],"player_experience":502487,"relics_obtained":[{"floor":6,"key":"Nunchaku"},{"floor":9,"key":"Self Forming Clay"}],"event_choices":[{"damage_healed":0,"gold_gain":0,"player_choice":"Entered Light","damage_taken":16,"max_hp_gain":0,"max_hp_loss":0,"event_name":"Shining Light","floor":2,"gold_loss":0,"cards_upgraded":["Strike_R","Defend_R"]},{"damage_healed":0,"gold_gain":0,"player_choice":"Take Damage","damage_taken":20,"relics_obtained":["Golden Idol"],"max_hp_gain":0,"max_hp_loss":0,"event_name":"Golden Idol","floor":3,"gold_loss":0},{"damage_healed":0,"gold_gain":0,"player_choice":"Success","damage_taken":12,"relics_obtained":["PreservedInsect"],"max_hp_gain":0,"max_hp_loss":0,"event_name":"Scrap Ooze","floor":10,"gold_loss":0}],"is_beta":false,"boss_relics":[],"items_purged_floors":[],"is_endless":false,"potions_floor_spawned":[5,6],"killed_by":"Exordium Wildlife","ascension_level":8}