{"gold_per_floor":[109,109,109,109,134,169,184,184,184,213,231,102,102,125,125,220,220,245,245,245,265,283,317,330,350,373,65,75,75,91,91,91,162,162,172,192,202,253,48,48,59,91,114,127,77,91,91,110,110,110],"floor_reached":51,"playtime":4326,"items_purged":["Strike_R","Strike_R","Defend_R","Defend_R"],"score":1166,"play_id":"78e62148-d6e6-48bb-b08f-bf3e2d061f1f","local_time":"20190501120112","is_ascension_mode":true,"campfire_choices":[{"data":"Flex","floor":8.0,"key":"SMITH"},{"data":"Flex","floor":15.0,"key":"SMITH"},{"floor":29.0,"key":"REST"},{"floor":32.0,"key":"REST"},{"floor":40,"key":"REST"},{"floor":47,"key":"REST"},{"floor":49,"key":"REST"}],"neow_cost":"NONE","seed_source_timestamp":89351697271000,"circlet_count":0,"master_deck":["AscendersBane","Strike_R+1","Defend_R","Defend_R+1","Bash+1","Inflame+1","Flex+1","Pummel","Flex+1","Flash of Steel","Dropkick","Brutality","Seeing Red","Offering","Shockwave","Iron Wave","Pommel Strike","Burning Pact","Rupture","Armaments","Heavy Blade","Power Through+1","Ghostly Armor","Madness","Shrug It Off","Impervious","Metallicize+1"],"special_seed":0,"relics":["Burning Blood","NeowsBlessing","Whetstone","The Courier","Mango","Paper Frog","Bloody Idol","Fusion Hammer","MutagenicStrength","Pocketwatch","Art of War","Gremlin Horn","White Beast Statue","Bottled Tornado","Smiling Mask"],"potions_floor_usage":[36,38,38,42,42,44,46,50,50],"damage_taken":[{"damage":0.0,"enemies":"Small Slimes","floor":1.0,"turns":1.0},{"damage":0.0,"enemies":"Lagavulin","floor":6.0,"turns":1.0},{"damage":0.0,"enemies":"2 Louse","floor":7.0,"turns":1.0},{"damage":15.0,"enemies":"3 Sentries","floor":10.0,"turns":5.0},{"damage":4.0,"enemies":"Jaw Worm","floor":11.0,"turns":2.0},{"damage":12.0,"enemies":"Exordium Wildlife","floor":14.0,"turns":4.0},{"damage":29.0,"enemies":"The Guardian","floor":16.0,"turns":8.0},{"damage":2.0,"enemies":"Spheric Guardian","floor":18.0,"turns":3.0},{"damage":24.0,"enemies":"3 Byrds","floor":21.0,"turns":5.0},{"damage":31.0,"enemies":"Snake Plant","floor":22.0,"turns":3.0},{"damage":13.0,"enemies":"Book of Stabbing","floor":23.0,"turns":3.0},{"damage":12.0,"enemies":"Snecko","floor":24.0,"turns":3.0},{"damage":33.0,"enemies":"Centurion and Healer","floor":25.0,"turns":4.0},{"damage":6.0,"enemies":"Snake Plant","floor":28.0,"turns":3.0},{"damage":30.0,"enemies":"Shelled Parasite and Fungi","floor":30.0,"turns":4.0},{"damage":43,"enemies":"Automaton","floor":33,"turns":6},{"damage":14,"enemies":"3 Shapes","floor":35,"turns":3},{"damage":6,"enemies":"3 Darklings","floor":36,"turns":1},{"damage":8,"enemies":"Jaw Worm Horde","floor":37,"turns":3},{"damage":38,"enemies":"2 Orb Walkers","floor":38,"turns":4},{"damage":26,"enemies":"Sphere and 2 Shapes","floor":41,"turns":5},{"damage":67,"enemies":"Nemesis","floor":42,"turns":7},{"damage":7,"enemies":"3 Darklings","floor":44,"turns":3},{"damage":25,"enemies":"Transient","floor":46,"turns":5},{"damage":11,"enemies":"Maw","floor":48,"turns":5},{"damage":68,"enemies":"Donu and Deca","floor":50,"turns":8}],"seed_played":"-5505337967965650118","potions_obtained":[{"floor":1.0,"key":"AttackPotion"},{"floor":6.0,"key":"SkillPotion"},{"floor":14.0,"key":"SteroidPotion"},{"floor":16.0,"key":"EssenceOfSteel"},{"floor":23.0,"key":"Weak Potion"},{"floor":24.0,"key":"Ancient Potion"},{"floor":25.0,"key":"Fire Potion"},{"floor":35,"key":"Swift Potion"},{"floor":36,"key":"SkillPotion"},{"floor":38,"key":"Regen Potion"},{"floor":41,"key":"PowerPotion"},{"floor":42,"key":"Regen Potion"},{"floor":44,"key":"Swift Potion"},{"floor":46,"key":"Poison Potion"},{"floor":48,"key":"Block Potion"}],"is_trial":false,"path_per_floor":["M","?","?","?","T","E","M","R","T","E","M","$","?","M","R","B",null,"M","?","?","M","M","E","M","M","T","$","M","R","M","?","R","B",null,"M","M","M","?","$","R","M","E","T","M","$","M","R","M","R","B",null],"character_chosen":"IRONCLAD","items_purchased":["Flash of Steel","Gremlin Horn","Iron Wave","Madness","Shrug It Off"],"campfire_rested":5,"item_purchase_floors":[12,27,27,39,39],"current_hp_per_floor":[74,74,67,52,52,58,64,64,78,69,71,71,49,43,43,20,72,76,76,76,63,43,41,40,18,23,23,28,54,35,35,61,29,74,71,76,79,52,52,78,63,22,27,40,40,26,52,52,78,16],"gold":110,"neow_bonus":"THREE_ENEMY_KILL","is_prod":false,"is_daily":false,"chose_seed":false,"campfire_upgraded":2,"win_rate":0,"timestamp":1556683272,"path_taken":["M","?","?","?","?","E","M","R","T","E","?","$","?","M","R","BOSS","M","?","?","M","M","E","M","M","T","$","M","R","M","?","R","BOSS","M","M","M","?","$","R","M","E","T","M","$","M","R","M","R","BOSS"],"build_version":"2019-01-23","purchased_purges":4,"victory":true,"max_hp_per_floor":[75,75,75,75,75,75,75,75,89,89,89,89,89,89,89,89,89,89,89,89,89,89,89,89,89,89,89,89,89,89,89,89,89,89,89,89,89,89,89,89,89,89,89,89,89,89,89,89,89,89],"card_choices":[{"not_picked":["Shockwave","Dropkick"],"picked":"Inflame","floor":1.0},{"not_picked":["Sever Soul","Anger"],"picked":"Flex","floor":6.0},{"not_picked":["Searing Blow","True Grit"],"picked":"Pummel","floor":7.0},{"not_picked":["Burning Pact","Power Through","Spot Weakness"],"picked":"SKIP","floor":10.0},{"not_picked":["Rage","Pommel Strike"],"picked":"Flex","floor":11.0},{"not_picked":["Perfected Strike","Wild Strike"],"picked":"Dropkick","floor":14.0},{"not_picked":["Impervious","Berserk"],"picked":"Brutality","floor":16.0},{"not_picked":["Fire Breathing+1","Cleave","Flex"],"picked":"SKIP","floor":18.0},{"not_picked":["Reckless Charge","Clothesline","Flex"],"picked":"SKIP","floor":21.0},{"not_picked":["Iron Wave","Clash"],"picked":"Seeing Red","floor":22.0},{"not_picked":["Armaments","Feel No Pain"],"picked":"Offering","floor":23.0},{"not_picked":["Fire Breathing","Perfected Strike","Armaments"],"picked":"SKIP","floor":24.0},{"not_picked":["Rampage","True Grit"],"picked":"Shockwave","floor":25.0},{"not_picked":["Combust","Heavy Blade"],"picked":"Pommel Strike","floor":28.0},{"not_picked":["Feel No Pain+1","Thunderclap"],"picked":"Burning Pact","floor":30.0},{"not_picked":["Armaments","True Grit","Searing Blow+1"],"picked":"SKIP","floor":35},{"not_picked":["True Grit","Searing Blow+1"],"picked":"Armaments","floor":35},{"not_picked":["Second Wind","Clash"],"picked":"Heavy Blade","floor":36},{"not_picked":["Armaments","Fire Breathing"],"picked":"Power Through+1","floor":37},{"not_picked":["Thunderclap","Sever Soul"],"picked":"Ghostly Armor","floor":38},{"not_picked":["Clothesline","Body Slam+1","Heavy Blade"],"picked":"SKIP","floor":41},{"not_picked":["Pommel Strike","True Grit+1","Clash"],"picked":"SKIP","floor":42},{"not_picked":["Rampage","Clash+1"],"picked":"Impervious","floor":44},{"not_picked":["Seeing Red","Heavy Blade"],"picked":"Metallicize+1","floor":46},{"not_picked":["True Grit","Spot Weakness","Cleave"],"picked":"SKIP","floor":48}],"player_experience":565346,"relics_obtained":[{"floor":5.0,"key":"Whetstone"},{"floor":6.0,"key":"The Courier"},{"floor":9.0,"key":"Mango"},{"floor":10.0,"key":"Paper Frog"},{"floor":23.0,"key":"Pocketwatch"},{"floor":26.0,"key":"Art of War"},{"floor":42,"key":"Bottled Tornado"},{"floor":43,"key":"Smiling Mask"}],"event_choices":[{"cards_removed":["Strike_R"],"damage_healed":0.0,"max_hp_gain":0.0,"max_hp_loss":0.0,"gold_gain":0.0,"event_name":"Living Wall","player_choice":"Forget","floor":2.0,"gold_loss":0.0,"damage_taken":0.0},{"cards_removed":["Strike_R"],"damage_healed":0.0,"max_hp_gain":0.0,"max_hp_loss":0.0,"gold_gain":0.0,"event_name":"Golden Wing","player_choice":"Card Removal","floor":3.0,"gold_loss":0.0,"damage_taken":7.0},{"damage_healed":0.0,"max_hp_gain":0.0,"max_hp_loss":0.0,"gold_gain":0.0,"event_name":"Shining Light","player_choice":"Entered Light","floor":4.0,"gold_loss":0.0,"damage_taken":15.0,"cards_upgraded":["Inflame","Defend_R"]},{"damage_healed":0.0,"max_hp_gain":0.0,"max_hp_loss":0.0,"gold_gain":0.0,"event_name":"Golden Idol","player_choice":"Take Damage","floor":13.0,"gold_loss":0.0,"damage_taken":22.0,"relics_obtained":["Golden Idol"]},{"damage_healed":0.0,"max_hp_gain":0.0,"max_hp_loss":0.0,"gold_gain":0.0,"event_name":"Forgotten Altar","player_choice":"Gave Idol","floor":19.0,"relics_lost":["Golden Idol"],"gold_loss":0.0,"damage_taken":0.0,"relics_obtained":["Bloody Idol"]},{"damage_healed":0.0,"max_hp_gain":0.0,"max_hp_loss":0.0,"gold_gain":0.0,"event_name":"Drug Dealer","player_choice":"Inject Mutagens","floor":20.0,"gold_loss":0.0,"damage_taken":0.0,"relics_obtained":["MutagenicStrength"]},{"damage_healed":0.0,"max_hp_gain":0.0,"max_hp_loss":0.0,"gold_gain":0.0,"event_name":"The Library","player_choice":"Read","floor":31.0,"gold_loss":0.0,"damage_taken":0.0,"cards_obtained":["Rupture"]},{"damage_healed":0,"gold_gain":0,"player_choice":"Fight","damage_taken":0,"max_hp_gain":0,"max_hp_loss":0,"event_name":"Mysterious Sphere","floor":38,"gold_loss":0}],"is_beta":false,"boss_relics":[{"not_picked":["Runic Cube","Empty Cage"],"picked":"Fusion Hammer"},{"not_picked":["Black Blood","Velvet Choker"],"picked":"White Beast Statue"}],"items_purged_floors":[12,27,39,45],"is_endless":false,"potions_floor_spawned":[1,6,14,16,23,24,25,28,35,36,37,38,41,42,44,46,48],"ascension_level":14}