{"gold_per_floor":[115,131,131,151,53,86,86,86,112,441,441,441,30,46,46,148,148,165,165,176,176,22,50,50,60,60,78,90,104,120,139,139,234,284,303,203,0,20,38,38,72,48,102,102,102,102,120,140,140,140],"floor_reached":50,"playtime":2754,"items_purged":["Clumsy","Parasite"],"score":630,"play_id":"f15e82b9-4e5b-453b-aac6-89a8d3c7cf27","local_time":"20180830131235","is_ascension_mode":true,"campfire_choices":[{"floor":7.0,"key":"REST"},{"data":"Defragment","floor":11.0,"key":"SMITH"},{"floor":15.0,"key":"REST"},{"data":"Chill","floor":24.0,"key":"SMITH"},{"data":"Consume","floor":32.0,"key":"SMITH"},{"data":"Seek","floor":40.0,"key":"SMITH"},{"data":"Defragment","floor":45.0,"key":"SMITH"},{"data":"Turbo","floor":49.0,"key":"SMITH"}],"neow_cost":"CURSE","seed_source_timestamp":0,"circlet_count":0,"master_deck":["Strike_B+1","Strike_B","Strike_B+1","Defend_B","Defend_B+1","Zap","Dualcast","Steam Power","Lockon+1","Ball Lightning","Tempest","Leap","Defragment+1","Self Repair+1","Master of Strategy","Amplify","Ball Lightning+1","Skim","Chill+1","All For One","Stack+1","Turbo+1","Consume+1","Reboot","Reprogram","Seek+1","Defragment+1","Stack","Conserve Battery+1","Steam Power+1"],"special_seed":0,"relics":["Cracked Core","Happy Flower","DataDisk","Old Coin","Toolbox","Inserter","Vajra","Whetstone","Tiny House","Red Mask","Letter Opener","Blood Vial"],"potions_floor_usage":[50],"damage_taken":[{"damage":5.0,"enemies":"Small Slimes","floor":1.0,"turns":3.0},{"damage":3.0,"enemies":"2 Louse","floor":2.0,"turns":2.0},{"damage":0.0,"enemies":"Cultist","floor":4.0,"turns":2.0},{"damage":34.0,"enemies":"3 Sentries","floor":6.0,"turns":6.0},{"damage":26.0,"enemies":"Lagavulin","floor":10.0,"turns":4.0},{"damage":5.0,"enemies":"Looter","floor":14.0,"turns":3.0},{"damage":41.0,"enemies":"Hexaghost","floor":16.0,"turns":8.0},{"damage":16.0,"enemies":"3 Byrds","floor":18.0,"turns":3.0},{"damage":12.0,"enemies":"Shell Parasite","floor":20.0,"turns":4.0},{"damage":21.0,"enemies":"Gremlin Leader","floor":23.0,"turns":7.0},{"damage":34.0,"enemies":"Snake Plant","floor":25.0,"turns":3.0},{"damage":14.0,"enemies":"Snecko","floor":27.0,"turns":5.0},{"damage":9.0,"enemies":"3 Cultists","floor":28.0,"turns":6.0},{"damage":6.0,"enemies":"Cultist and Chosen","floor":29.0,"turns":3.0},{"damage":0.0,"enemies":"Centurion and Healer","floor":30.0,"turns":5.0},{"damage":4.0,"enemies":"Chosen and Byrds","floor":31.0,"turns":5.0},{"damage":35.0,"enemies":"Collector","floor":33.0,"turns":12.0},{"damage":9.0,"enemies":"3 Darklings","floor":35.0,"turns":6.0},{"damage":17.0,"enemies":"Orb Walker","floor":38.0,"turns":3.0},{"damage":0.0,"enemies":"Transient","floor":39.0,"turns":5.0},{"damage":20.0,"enemies":"2 Orb Walkers","floor":41.0,"turns":4.0},{"damage":6.0,"enemies":"Sphere and 2 Shapes","floor":47.0,"turns":5.0},{"damage":0.0,"enemies":"Maw","floor":48.0,"turns":6.0},{"damage":83,"enemies":"Awakened One","floor":50,"turns":8}],"seed_played":"1988862520639169352","potions_obtained":[{"floor":1.0,"key":"SteroidPotion"},{"floor":4.0,"key":"Ancient Potion"},{"floor":6.0,"key":"Swift Potion"},{"floor":18.0,"key":"Poison Potion"},{"floor":20.0,"key":"SteroidPotion"},{"floor":25.0,"key":"SteroidPotion"},{"floor":31.0,"key":"Poison Potion"},{"floor":34.0,"key":"Poison Potion"},{"floor":38.0,"key":"PowerPotion"},{"floor":39.0,"key":"SpeedPotion"},{"floor":46.0,"key":"SmokeBomb"},{"floor":46.0,"key":"Swift Potion"}],"is_trial":false,"path_per_floor":["M","M","?","M","$","E","R","?","T","E","R","?","$","M","R","B",null,"M","?","M","?","$","E","R","M","T","M","M","M","M","M","R","B",null,"M","$","?","M","M","R","E","$","T","?","R","?","M","M","R"],"character_chosen":"DEFECT","items_purchased":["Leap","Master of Strategy","Toolbox","Skim","Chill","Stack"],"campfire_rested":2,"item_purchase_floors":[5,13,13,22,22,42],"current_hp_per_floor":[70,67,52,52,52,18,40,58,58,32,32,32,32,27,49,18,75,69,69,67,53,53,52,52,28,28,34,35,39,49,59,59,34,85,85,82,82,65,75,75,75,75,75,75,75,75,81,82,82,0],"gold":140,"neow_bonus":"TRANSFORM_TWO_CARDS","is_prod":false,"is_daily":false,"chose_seed":false,"campfire_upgraded":6,"win_rate":0,"timestamp":1535649155,"path_taken":["M","M","?","M","$","E","R","?","T","E","R","?","$","M","R","BOSS","M","?","?","?","$","E","R","M","T","?","M","M","M","M","R","BOSS","M","$","?","M","M","R","E","$","T","?","R","?","M","?","R","BOSS"],"build_version":"2018-08-23v2","purchased_purges":2,"victory":false,"max_hp_per_floor":[75,75,75,75,75,75,75,75,75,75,75,75,75,75,75,75,75,75,75,75,80,80,80,80,80,80,80,80,80,80,80,80,80,85,85,82,82,82,82,82,82,82,82,82,82,82,82,82,82,82],"card_choices":[{"not_picked":["Gash","Cold Snap"],"picked":"Ball Lightning","floor":1.0},{"not_picked":["Skim","Compile Driver"],"picked":"Tempest","floor":2.0},{"not_picked":["FTL","Streamline","Compile Driver"],"picked":"SKIP","floor":4.0},{"not_picked":["Darkness","Sunder"],"picked":"Defragment","floor":6.0},{"not_picked":["Creative AI","Redo"],"picked":"Self Repair","floor":10.0},{"not_picked":["Rip and Tear","Heatsinks","Barrage"],"picked":"SKIP","floor":14.0},{"not_picked":["Creative AI","Reboot"],"picked":"Amplify","floor":16.0},{"not_picked":["Hologram","Heatsinks+1"],"picked":"Ball Lightning+1","floor":18.0},{"not_picked":["Conserve Battery","Stack","Beam Cell"],"picked":"SKIP","floor":20.0},{"not_picked":["Gash","Redo"],"picked":"All For One","floor":23.0},{"not_picked":["Hologram","Gash"],"picked":"Stack","floor":25.0},{"not_picked":["Auto Shields+1","Ball Lightning+1"],"picked":"Turbo","floor":27.0},{"not_picked":["Compile Driver","Steam","Genetic Algorithm"],"picked":"SKIP","floor":28.0},{"not_picked":["Go for the Eyes","Compile Driver+1"],"picked":"Consume","floor":29.0},{"not_picked":["Scrape+1","Leap+1"],"picked":"Reboot","floor":30.0},{"not_picked":["Ball Lightning","Stack"],"picked":"Reprogram","floor":31.0},{"not_picked":["Reboot","All For One"],"picked":"Seek","floor":33.0},{"not_picked":["Rebound","Cold Snap+1","Darkness"],"picked":"SKIP","floor":35.0},{"not_picked":["Cold Snap","Coolheaded","Leap+1"],"picked":"SKIP","floor":38.0},{"not_picked":["Multi-Cast","Beam Cell"],"picked":"Defragment","floor":39.0},{"not_picked":["Coolheaded","Leap+1","Streamline+1"],"picked":"SKIP","floor":41.0},{"not_picked":["Gash+1","Ball Lightning"],"picked":"Conserve Battery+1","floor":47.0},{"not_picked":["Machine Learning","Leap+1"],"picked":"Steam Power+1","floor":48.0}],"player_experience":490698,"relics_obtained":[{"floor":6.0,"key":"Happy Flower"},{"floor":9.0,"key":"DataDisk"},{"floor":10.0,"key":"Old Coin"},{"floor":23.0,"key":"Vajra"},{"floor":26.0,"key":"Whetstone"},{"floor":41.0,"key":"Letter Opener"},{"floor":43.0,"key":"Blood Vial"}],"event_choices":[{"event_name":"Shining Light","player_choice":"Entered Light","floor":3.0,"damage_taken":0.0},{"event_name":"Mushrooms","player_choice":"Healed and dodged fight","floor":8.0,"damage_taken":0.0},{"event_name":"Living Wall","player_choice":"Grow","floor":12.0,"damage_taken":0.0},{"event_name":"Ghosts","player_choice":"Ignored","floor":19.0,"damage_taken":0.0},{"event_name":"Forgotten Altar","player_choice":"Shed Blood","floor":21.0,"damage_taken":0.0},{"event_name":"Tomb of Lord Red Mask","player_choice":"Paid","floor":37.0,"damage_taken":0.0},{"event_name":"Falling","player_choice":"Removed Skill","floor":44.0,"damage_taken":0.0},{"event_name":"The Lab","player_choice":"Got Potions","floor":46.0,"damage_taken":0.0}],"is_beta":false,"boss_relics":[{"not_picked":["Velvet Choker","White Beast Statue"],"picked":"Inserter"},{"not_picked":["Eternal Feather","Astrolabe"],"picked":"Tiny House"}],"items_purged_floors":[5,36],"is_endless":false,"potions_floor_spawned":[1,4,6,18,20,25,31,38,39,48],"killed_by":"Awakened One","ascension_level":4}