{"gold_per_floor":[109,119,135,135,146,146,20,32,58,73,73,88,88,38,38,134,134,148,79,79,79,0,0,0],"floor_reached":24,"playtime":721,"items_purged":["Defend_B"],"score":288,"play_id":"49c88294-9ad7-4ebf-af02-be2c6b83b754","local_time":"20190425102345","is_ascension_mode":true,"campfire_choices":[{"data":"Zap","floor":6,"key":"SMITH"},{"data":"Rainbow","floor":11,"key":"SMITH"},{"floor":15,"key":"REST"},{"floor":23,"key":"REST"}],"neow_cost":"TEN_PERCENT_HP_LOSS","seed_source_timestamp":131455217759200,"circlet_count":0,"master_deck":["AscendersBane","Defend_B","Zap+1","Dualcast","Genetic Algorithm","Coolheaded","Rainbow+1","Compile Driver","Echo Form","Redo+1","Loop"],"relics":["Cracked Core","Ancient Tea Set","Empty Cage"],"potions_floor_usage":[3,16,16],"damage_taken":[{"damage":2,"enemies":"Jaw Worm","floor":1,"turns":3},{"damage":7,"enemies":"2 Louse","floor":2,"turns":2},{"damage":1,"enemies":"Cultist","floor":3,"turns":3},{"damage":7,"enemies":"3 Louse","floor":5,"turns":4},{"damage":18,"enemies":"Large Slime","floor":8,"turns":6},{"damage":12,"enemies":"2 Fungi Beasts","floor":10,"turns":5},{"damage":2,"enemies":"3 Louse","floor":12,"turns":2},{"damage":33,"enemies":"Hexaghost","floor":16,"turns":9},{"damage":30,"enemies":"3 Byrds","floor":18,"turns":5},{"damage":42,"enemies":"Gremlin Leader","floor":24,"turns":2}],"seed_played":"-5684342087955362144","potions_obtained":[{"floor":1,"key":"FearPotion"},{"floor":3,"key":"Swift Potion"},{"floor":10,"key":"Fire Potion"},{"floor":18,"key":"FearPotion"}],"is_trial":false,"path_per_floor":["M","M","M","?","M","R","$","M","T","M","R","M","?","?","R","B",null,"M","$","?","$","?","R","E"],"character_chosen":"DEFECT","items_purchased":["Coolheaded","Loop"],"campfire_rested":2,"item_purchase_floors":[7,19],"current_hp_per_floor":[66,59,58,58,51,51,51,33,33,21,21,19,16,16,36,3,52,22,22,16,16,16,36,0],"gold":0,"neow_bonus":"REMOVE_TWO","is_prod":false,"is_daily":false,"chose_seed":false,"campfire_upgraded":2,"win_rate":0,"timestamp":1556159025,"path_taken":["M","M","M","?","M","R","$","M","T","M","R","M","?","?","R","BOSS","M","$","?","?","?","R","E"],"build_version":"2019-01-23","purchased_purges":1,"victory":false,"max_hp_per_floor":[68,68,68,68,68,68,68,68,68,68,68,68,68,68,68,68,68,68,68,68,68,68,68,68],"card_choices":[{"not_picked":["Fusion","Consume","FTL"],"picked":"SKIP","floor":1},{"not_picked":["Fusion","Consume","FTL"],"picked":"SKIP","floor":1},{"not_picked":["Rebound","Leap","Conserve Battery"],"picked":"SKIP","floor":2},{"not_picked":["Melter","Streamline"],"picked":"Genetic Algorithm","floor":3},{"not_picked":["Streamline","Barrage","FTL"],"picked":"SKIP","floor":5},{"not_picked":["Rebound","Conserve Battery","Redo"],"picked":"SKIP","floor":8},{"not_picked":["Go for the Eyes","Sweeping Beam"],"picked":"Rainbow","floor":10},{"not_picked":["Sweeping Beam","Stack"],"picked":"Compile Driver","floor":12},{"not_picked":["Meteor Strike","Multi-Cast"],"picked":"Echo Form","floor":16},{"not_picked":["Lockon","Sunder"],"picked":"Redo+1","floor":18}],"player_experience":531751,"relics_obtained":[{"floor":9,"key":"Ancient Tea Set"}],"event_choices":[{"cards_removed":["Strike_B"],"damage_healed":0,"gold_gain":0,"player_choice":"Forget","damage_taken":0,"max_hp_gain":0,"max_hp_loss":0,"event_name":"Living Wall","floor":4,"gold_loss":0},{"damage_healed":0,"gold_gain":0,"player_choice":"Fled","damage_taken":3,"max_hp_gain":0,"max_hp_loss":0,"event_name":"Scrap Ooze","floor":13,"gold_loss":0},{"cards_removed":["Strike_B"],"damage_healed":0,"gold_gain":0,"player_choice":"Card Removal","damage_taken":0,"max_hp_gain":0,"max_hp_loss":0,"event_name":"The Cleric","floor":14,"gold_loss":50},{"damage_healed":0,"gold_gain":0,"player_choice":"Damaged","damage_taken":6,"max_hp_gain":0,"max_hp_loss":0,"event_name":"Wheel of Change","floor":20,"gold_loss":0},{"damage_healed":0,"gold_gain":0,"player_choice":"Paid Fearfully","damage_taken":0,"max_hp_gain":0,"max_hp_loss":0,"event_name":"Masked Bandits","floor":22,"gold_loss":79}],"is_beta":false,"boss_relics":[{"not_picked":["White Beast Statue","Pandora\u0027s Box"],"picked":"Empty Cage"}],"items_purged_floors":[7],"is_endless":false,"potions_floor_spawned":[1,3,10,18],"killed_by":"Gremlin Leader","ascension_level":11}