{"gold_per_floor":[114,114,127,143,23,23,36,36,36,67,84,99,99,50,50,153,153,133,8,8,23,23,23],"floor_reached":23,"playtime":1035,"items_purged":["Strike_R","Defend_R"],"score":235,"play_id":"582d6ad1-056d-40b4-bc7f-8bda7be16bd4","local_time":"20190508142827","is_ascension_mode":true,"campfire_choices":[{"data":"Body Slam","floor":6,"key":"SMITH"},{"data":"True Grit","floor":8,"key":"SMITH"},{"floor":15,"key":"REST"}],"neow_cost":"NONE","seed_source_timestamp":9961399306676,"circlet_count":0,"master_deck":["Strike_R","Strike_R","Strike_R","Defend_R","Defend_R","Defend_R","Bash","Evolve","True Grit+1","Shrug It Off","Body Slam+1","Second Wind","Heavy Blade","Corruption","Carnage","Shrug It Off","Demon Form","Shrug It Off","Shrug It Off","Whirlwind"],"relics":["Black Blood","NeowsBlessing","Bottled Lightning","Sundial"],"potions_floor_usage":[10,18,18],"damage_taken":[{"damage":0,"enemies":"Small Slimes","floor":1,"turns":1},{"damage":0,"enemies":"Cultist","floor":3,"turns":1},{"damage":0,"enemies":"Jaw Worm","floor":4,"turns":1},{"damage":7,"enemies":"Exordium Wildlife","floor":7,"turns":4},{"damage":57,"enemies":"Gremlin Nob","floor":10,"turns":7},{"damage":18,"enemies":"Lots of Slimes","floor":11,"turns":6},{"damage":10,"enemies":"2 Fungi Beasts","floor":12,"turns":5},{"damage":54,"enemies":"The Guardian","floor":16,"turns":16},{"damage":39,"enemies":"2 Thieves","floor":18,"turns":4},{"damage":22,"enemies":"Shell Parasite","floor":21,"turns":5},{"damage":73,"enemies":"Gremlin Leader","floor":23,"turns":4}],"seed_played":"-7158729906467538417","potions_obtained":[{"floor":1,"key":"SkillPotion"},{"floor":7,"key":"Swift Potion"},{"floor":11,"key":"BloodPotion"},{"floor":12,"key":"Energy Potion"},{"floor":18,"key":"Ancient Potion"},{"floor":21,"key":"Ancient Potion"}],"is_trial":false,"path_per_floor":["M","?","M","M","$","R","M","R","T","E","M","M","?","$","R","B",null,"M","$","?","M","?","E"],"character_chosen":"IRONCLAD","items_purchased":["Body Slam","Shrug It Off","Shrug It Off"],"campfire_rested":1,"item_purchase_floors":[5,14,19],"current_hp_per_floor":[80,80,80,80,80,80,79,79,79,28,16,12,38,38,62,14,80,59,59,59,47,73,0],"gold":23,"neow_bonus":"THREE_ENEMY_KILL","is_prod":false,"is_daily":false,"chose_seed":false,"campfire_upgraded":2,"win_rate":0,"timestamp":1557318507,"path_taken":["M","?","M","M","$","R","M","R","T","E","M","?","?","$","R","BOSS","M","$","?","?","?","E"],"build_version":"2019-01-23","purchased_purges":2,"victory":false,"max_hp_per_floor":[80,80,80,80,80,80,80,80,80,80,80,80,80,80,80,80,80,80,80,80,80,80,80],"card_choices":[{"not_picked":["Bloodletting","Pommel Strike"],"picked":"Evolve","floor":1},{"not_picked":["Twin Strike","Heavy Blade"],"picked":"True Grit","floor":3},{"not_picked":["Clash","Twin Strike"],"picked":"Shrug It Off","floor":4},{"not_picked":["Sentinel","Double Tap"],"picked":"Second Wind","floor":7},{"not_picked":["Perfected Strike","Cleave"],"picked":"Heavy Blade","floor":10},{"not_picked":["Twin Strike","Sword Boomerang"],"picked":"Corruption","floor":11},{"not_picked":["Feel No Pain","Twin Strike"],"picked":"Carnage","floor":12},{"not_picked":["Barricade","Exhume"],"picked":"Demon Form","floor":16},{"not_picked":["Thunderclap+1","Warcry"],"picked":"Shrug It Off","floor":18},{"not_picked":["Pommel Strike","Havoc"],"picked":"Whirlwind","floor":21}],"player_experience":290798,"relics_obtained":[{"floor":9,"key":"Bottled Lightning"},{"floor":10,"key":"Sundial"}],"event_choices":[{"cards_removed":["Strike_R"],"damage_healed":0,"gold_gain":0,"player_choice":"Purged","damage_taken":0,"max_hp_gain":0,"max_hp_loss":0,"event_name":"Purifier","floor":2,"gold_loss":0},{"damage_healed":26,"gold_gain":0,"player_choice":"Banana","damage_taken":0,"max_hp_gain":0,"max_hp_loss":0,"event_name":"Big Fish","floor":13,"gold_loss":0},{"damage_healed":0,"gold_gain":0,"player_choice":"0 cards matched","damage_taken":0,"max_hp_gain":0,"max_hp_loss":0,"event_name":"Match and Keep!","floor":20,"gold_loss":0,"cards_obtained":[]},{"damage_healed":26,"gold_gain":0,"player_choice":"Heal","damage_taken":0,"max_hp_gain":0,"max_hp_loss":0,"event_name":"The Library","floor":22,"gold_loss":0}],"is_beta":false,"boss_relics":[{"not_picked":["Fusion Hammer","Empty Cage"],"picked":"Black Blood"}],"items_purged_floors":[5,19],"is_endless":false,"potions_floor_spawned":[1,7,11,12,16,18,21],"killed_by":"Gremlin Leader","ascension_level":2}