{"gold_per_floor":[119,119,119,44,44,44,69,89,115,136,155,170,213,236,236,236],"floor_reached":16,"playtime":1059,"items_purged":["Injury"],"score":104,"play_id":"2aa9ae87-6738-421f-bb0c-47967a75a4a4","local_time":"20190501072711","is_ascension_mode":false,"campfire_choices":[{"floor":6,"key":"RECALL"},{"data":"Shockwave","floor":15,"key":"SMITH"}],"neow_cost":"NONE","seed_source_timestamp":1759937987452614,"circlet_count":0,"master_deck":["Strike_R","Strike_R","Strike_R","Strike_R","Strike_R","Defend_R","Defend_R","Defend_R","Defend_R","Bash","Impatience","Shockwave+1","Feel No Pain","Uppercut","Clash","Pummel","Warcry","Shrug It Off","Rage"],"relics":["Burning Blood","Golden Idol","Bronze Scales","Dead Branch"],"potions_floor_usage":[13,13],"damage_taken":[{"damage":11,"enemies":"Jaw Worm","floor":1,"turns":5},{"damage":13,"enemies":"2 Louse","floor":7,"turns":3},{"damage":2,"enemies":"Cultist","floor":8,"turns":4},{"damage":14,"enemies":"Large Slime","floor":10,"turns":5},{"damage":12,"enemies":"3 Louse","floor":11,"turns":4},{"damage":16,"enemies":"Lots of Slimes","floor":12,"turns":4},{"damage":12,"enemies":"Lagavulin","floor":13,"turns":7},{"damage":17,"enemies":"Large Slime","floor":14,"turns":6},{"damage":37,"enemies":"Hexaghost","floor":16,"turns":10}],"seed_played":"1140816103205865740","potions_obtained":[{"floor":10,"key":"EssenceOfSteel"},{"floor":11,"key":"Strength Potion"},{"floor":12,"key":"EssenceOfSteel"}],"is_trial":false,"path_per_floor":["M","?","?","$","?","R","M","M","T","M","M","M","E","M","R","B"],"character_chosen":"IRONCLAD","items_purchased":[],"campfire_rested":0,"item_purchase_floors":[],"current_hp_per_floor":[75,75,75,75,75,75,68,72,72,64,58,48,42,31,31,0],"gold":236,"neow_bonus":"RANDOM_COLORLESS","is_prod":false,"is_daily":false,"chose_seed":false,"campfire_upgraded":1,"win_rate":0,"timestamp":1556713631,"path_taken":["M","?","?","$","?","R","?","M","T","?","M","M","E","M","R","BOSS"],"build_version":"2019-01-23","purchased_purges":1,"victory":false,"max_hp_per_floor":[80,80,80,80,80,80,80,80,80,80,80,80,80,80,80,80],"card_choices":[{"not_picked":["Anger","Headbutt"],"picked":"Shockwave","floor":1},{"not_picked":["Clothesline","Warcry"],"picked":"Feel No Pain","floor":7},{"not_picked":["Pommel Strike","Cleave"],"picked":"Uppercut","floor":8},{"not_picked":["Wild Strike","Flex"],"picked":"Clash","floor":10},{"not_picked":["Bludgeon","Sword Boomerang"],"picked":"Pummel","floor":11},{"not_picked":["Perfected Strike","Seeing Red"],"picked":"Warcry","floor":12},{"not_picked":["Searing Blow","Body Slam"],"picked":"Shrug It Off","floor":13},{"not_picked":["Clothesline","Intimidate"],"picked":"Rage","floor":14}],"player_experience":252350,"relics_obtained":[{"floor":9,"key":"Bronze Scales"},{"floor":13,"key":"Dead Branch"}],"event_choices":[{"damage_healed":0,"gold_gain":0,"player_choice":"Leave","damage_taken":0,"max_hp_gain":0,"max_hp_loss":0,"event_name":"The Cleric","floor":2,"gold_loss":0},{"damage_healed":0,"gold_gain":0,"player_choice":"Take Wound","damage_taken":0,"relics_obtained":["Golden Idol"],"max_hp_gain":0,"max_hp_loss":0,"event_name":"Golden Idol","floor":3,"gold_loss":0,"cards_obtained":["Injury"]},{"damage_healed":0,"gold_gain":0,"player_choice":"Ignored","damage_taken":0,"max_hp_gain":0,"max_hp_loss":0,"event_name":"Liars Game","floor":5,"gold_loss":0}],"is_beta":false,"boss_relics":[],"items_purged_floors":[4],"is_endless":false,"potions_floor_spawned":[10,11,12],"killed_by":"Hexaghost","ascension_level":0}