{"gold_per_floor":[115,115,40,57,69,69,97,107,161,188,188,198,226,242,242,340,340,323,342,362,61,61,61,61],"floor_reached":24,"playtime":757,"items_purged":["Strike_R","Strike_R"],"score":305,"play_id":"c357ea80-3b42-47d5-9863-48144687c9ff","local_time":"20190417104448","is_ascension_mode":true,"campfire_choices":[{"data":"Uppercut","floor":6,"key":"SMITH"},{"data":"Pommel Strike","floor":11,"key":"SMITH"},{"data":"Flex","floor":15,"key":"SMITH"},{"floor":23,"key":"REST"}],"neow_cost":"NONE","seed_source_timestamp":526691367746999,"circlet_count":0,"master_deck":["Strike_R","Strike_R","Defend_R","Defend_R","Defend_R","Defend_R","Bash","Uppercut+1","Seeing Red","Flex+1","Pommel Strike+1","Iron Wave","Impervious","Iron Wave","Battle Trance","Demon Form","Iron Wave+1","Dropkick","Armaments","Feed","Impatience"],"relics":["Burning Blood","NeowsBlessing","PreservedInsect","Tiny Chest","Ancient Tea Set","Regal Pillow","White Beast Statue"],"potions_floor_usage":[10,10,16,18,19,20,24,24],"damage_taken":[{"damage":0,"enemies":"Jaw Worm","floor":1,"turns":1},{"damage":0,"enemies":"Cultist","floor":4,"turns":1},{"damage":0,"enemies":"2 Louse","floor":5,"turns":1},{"damage":30,"enemies":"Gremlin Nob","floor":7,"turns":5},{"damage":8,"enemies":"Blue Slaver","floor":8,"turns":2},{"damage":20,"enemies":"3 Sentries","floor":10,"turns":3},{"damage":7,"enemies":"Looter","floor":12,"turns":3},{"damage":15,"enemies":"Lagavulin","floor":13,"turns":5},{"damage":2,"enemies":"Large Slime","floor":14,"turns":7},{"damage":16,"enemies":"Hexaghost","floor":16,"turns":9},{"damage":20,"enemies":"2 Thieves","floor":18,"turns":4},{"damage":30,"enemies":"Shell Parasite","floor":19,"turns":5},{"damage":34,"enemies":"Cultist and Chosen","floor":20,"turns":7},{"damage":47,"enemies":"Slavers","floor":24,"turns":6}],"seed_played":"-2239276967874781856","potions_obtained":[{"floor":4,"key":"Explosive Potion"},{"floor":7,"key":"Swift Potion"},{"floor":12,"key":"SkillPotion"},{"floor":13,"key":"SpeedPotion"},{"floor":14,"key":"Block Potion"},{"floor":18,"key":"BloodPotion"},{"floor":19,"key":"Dexterity Potion"},{"floor":20,"key":"Block Potion"}],"is_trial":false,"path_per_floor":["M","?","$","M","M","R","E","M","T","E","R","M","E","M","R","B",null,"M","M","M","$","?","R","E"],"character_chosen":"IRONCLAD","items_purchased":["Armaments","Feed"],"campfire_rested":1,"item_purchase_floors":[21,21],"current_hp_per_floor":[78,78,78,80,80,80,56,54,54,40,40,39,30,34,34,24,66,52,36,8,8,8,47,0],"gold":61,"neow_bonus":"THREE_ENEMY_KILL","is_prod":false,"is_daily":false,"chose_seed":false,"campfire_upgraded":3,"win_rate":0,"timestamp":1555469088,"path_taken":["M","?","$","M","M","R","E","M","T","E","R","?","E","M","R","BOSS","M","?","M","$","?","R","E"],"build_version":"2019-01-23","purchased_purges":2,"victory":false,"max_hp_per_floor":[80,80,80,80,80,80,80,80,80,80,80,80,80,80,80,80,80,80,80,80,80,80,80,80],"card_choices":[{"not_picked":["Cleave","Havoc"],"picked":"Uppercut","floor":1},{"not_picked":["Iron Wave","Sentinel"],"picked":"Seeing Red","floor":4},{"not_picked":["Disarm","Corruption"],"picked":"Flex","floor":5},{"not_picked":["Cleave","Rupture"],"picked":"Pommel Strike","floor":7},{"not_picked":["Anger","Sentinel"],"picked":"Iron Wave","floor":8},{"not_picked":["Anger","Shrug It Off"],"picked":"Impervious","floor":10},{"not_picked":["Thunderclap","Headbutt","True Grit"],"picked":"SKIP","floor":12},{"not_picked":["Clash","Clothesline"],"picked":"Iron Wave","floor":13},{"not_picked":["Sword Boomerang","Evolve"],"picked":"Battle Trance","floor":14},{"not_picked":["Offering","Impervious"],"picked":"Demon Form","floor":16},{"not_picked":["Feel No Pain","Anger"],"picked":"Iron Wave+1","floor":18},{"not_picked":["Uppercut","Twin Strike","Dropkick"],"picked":"SKIP","floor":19},{"not_picked":["Uppercut","Twin Strike"],"picked":"Dropkick","floor":19},{"not_picked":["Blood for Blood","Warcry","Bloodletting"],"picked":"SKIP","floor":20}],"player_experience":502709,"relics_obtained":[{"floor":7,"key":"PreservedInsect"},{"floor":9,"key":"Tiny Chest"},{"floor":10,"key":"Ancient Tea Set"},{"floor":13,"key":"Regal Pillow"}],"event_choices":[{"cards_removed":["Strike_R"],"damage_healed":0,"gold_gain":0,"player_choice":"Offered Basic","damage_taken":0,"max_hp_gain":0,"max_hp_loss":0,"event_name":"Bonfire Elementals","floor":2,"gold_loss":0},{"damage_healed":0,"gold_gain":0,"player_choice":"1 cards matched","damage_taken":0,"max_hp_gain":0,"max_hp_loss":0,"event_name":"Match and Keep!","floor":22,"gold_loss":0,"cards_obtained":["Impatience"]}],"is_beta":false,"boss_relics":[{"not_picked":["Philosopher\u0027s Stone","Eternal Feather"],"picked":"White Beast Statue"}],"items_purged_floors":[3,21],"is_endless":false,"potions_floor_spawned":[4,7,12,13,14,18,19,20],"killed_by":"Slavers","ascension_level":8}