{"gold_per_floor":[109,109,126,126,126,158,158,176,200,218,232,265,281,281,281,281],"floor_reached":16,"playtime":326,"items_purged":[],"score":274,"play_id":"3fc90ce3-5e90-46c6-8f32-5bd1af0ddda5","local_time":"20190427075222","is_ascension_mode":true,"campfire_choices":[{"data":"Bash","floor":7,"key":"SMITH"},{"data":"Dark Embrace","floor":15,"key":"SMITH"}],"neow_cost":"NONE","seed_source_timestamp":324557907589798,"circlet_count":0,"master_deck":["AscendersBane","Strike_R","Strike_R","Strike_R","Strike_R","Defend_R","Defend_R","Defend_R+1","Defend_R","Bash+1","Iron Wave","Feel No Pain","Cleave+1","Burning Pact","Flex+1","Sword Boomerang","Twin Strike","Dark Embrace+1","Thunderclap"],"relics":["Burning Blood","NeowsBlessing","Ornamental Fan","The Courier","Blood Vial","Bag of Preparation"],"potions_floor_usage":[10,12],"damage_taken":[{"damage":0,"enemies":"2 Louse","floor":1,"turns":1},{"damage":0,"enemies":"Cultist","floor":3,"turns":1},{"damage":0,"enemies":"Gremlin Nob","floor":6,"turns":1},{"damage":12,"enemies":"Jaw Worm","floor":8,"turns":3},{"damage":3,"enemies":"Blue Slaver","floor":10,"turns":4},{"damage":20,"enemies":"Exordium Thugs","floor":11,"turns":5},{"damage":20,"enemies":"Lagavulin","floor":12,"turns":5},{"damage":0,"enemies":"2 Fungi Beasts","floor":13,"turns":2},{"damage":71,"enemies":"Slime Boss","floor":16,"turns":6}],"seed_played":"3336716021083489367","potions_obtained":[{"floor":1,"key":"EssenceOfSteel"},{"floor":6,"key":"SteroidPotion"},{"floor":8,"key":"Explosive Potion"}],"is_trial":false,"path_per_floor":["M","?","M","?","T","E","R","M","T","M","M","E","M","?","R","B"],"character_chosen":"IRONCLAD","items_purchased":[],"campfire_rested":0,"item_purchase_floors":[],"current_hp_per_floor":[74,74,75,52,52,58,58,52,52,57,45,33,41,41,41,0],"gold":281,"neow_bonus":"THREE_ENEMY_KILL","is_prod":false,"is_daily":false,"chose_seed":false,"campfire_upgraded":2,"win_rate":0,"timestamp":1556365942,"path_taken":["M","?","?","?","?","E","R","M","T","?","M","E","M","?","R","BOSS"],"build_version":"2019-01-23","purchased_purges":0,"victory":false,"max_hp_per_floor":[75,75,75,75,75,75,75,75,75,75,75,75,75,75,75,75],"card_choices":[{"not_picked":["Evolve","Armaments"],"picked":"Iron Wave","floor":1},{"not_picked":["Burning Pact","Sentinel"],"picked":"Cleave","floor":3},{"not_picked":["Second Wind","Ghostly Armor"],"picked":"Burning Pact","floor":6},{"not_picked":["Shrug It Off","Heavy Blade"],"picked":"Flex","floor":8},{"not_picked":["Sever Soul","Clash"],"picked":"Sword Boomerang","floor":10},{"not_picked":["Cleave","Warcry"],"picked":"Twin Strike","floor":11},{"not_picked":["Shrug It Off","Headbutt"],"picked":"Dark Embrace","floor":12},{"not_picked":["Body Slam","Clash"],"picked":"Thunderclap","floor":13}],"player_experience":931110,"relics_obtained":[{"floor":5,"key":"Ornamental Fan"},{"floor":6,"key":"The Courier"},{"floor":9,"key":"Blood Vial"},{"floor":12,"key":"Bag of Preparation"}],"event_choices":[{"damage_healed":0,"gold_gain":0,"cards_transformed":["Strike_R"],"player_choice":"Transformed","damage_taken":0,"max_hp_gain":0,"max_hp_loss":0,"event_name":"Transmorgrifier","floor":2,"gold_loss":0,"cards_obtained":["Feel No Pain"]},{"damage_healed":0,"gold_gain":0,"player_choice":"Entered Light","damage_taken":23,"max_hp_gain":0,"max_hp_loss":0,"event_name":"Shining Light","floor":4,"gold_loss":0,"cards_upgraded":["Defend_R","Cleave"]},{"damage_healed":0,"gold_gain":0,"player_choice":"Upgraded","damage_taken":0,"max_hp_gain":0,"max_hp_loss":0,"event_name":"Upgrade Shrine","floor":14,"gold_loss":0,"cards_upgraded":["Flex"]}],"is_beta":false,"boss_relics":[],"items_purged_floors":[],"is_endless":false,"potions_floor_spawned":[1,6,8],"killed_by":"Slime Boss","ascension_level":20}