{"gold_per_floor":[118,131,131,131,149,149,99,99,99,99,119,44,44,44,44,140,140,160,160,6,6,74,106,106,125,125,125,143,160,233,208,208,305,305,315,333,42,59,72,105,155,205,229,229,249,269,319,51,51,51],"floor_reached":51,"playtime":2538,"items_purged":["Strike_B","Defend_B","Writhe"],"score":844,"play_id":"aae6f92b-dd7f-4417-91f1-45fbca85bbc8","local_time":"20180809042239","is_ascension_mode":true,"campfire_choices":[{"floor":6,"key":"DIG"},{"data":"Zap","floor":8,"key":"SMITH"},{"floor":10,"key":"DIG"},{"floor":15,"key":"DIG"},{"floor":24,"key":"REST"},{"floor":27,"key":"REST"},{"floor":32,"key":"REST"},{"floor":44,"key":"REST"},{"floor":49,"key":"REST"}],"neow_cost":"","seed_source_timestamp":10610654098134,"circlet_count":0,"master_deck":["Defend_B","Zap+1","Dualcast","Rebound+1","Gash","Ball Lightning+1","Steam+1","RitualDagger","Gash","Defragment+1","Glacier","Steam","Echo Form","Leap+1","BootSequence+1","Scrape+1","Capacitor+1","Finesse","Glacier"],"relics":["Cracked Core","Shovel","Pantograph","Cables","Shuriken","Singing Bowl","Runic Pyramid","SsserpentHead","Question Card","Happy Flower","Nuclear Battery","Thread and Needle","Mercury Hourglass","Potion Belt","Whetstone"],"potions_floor_usage":[16,16,23,23,35,40,40,40],"damage_taken":[{"damage":0,"enemies":"Small Slimes","floor":1,"turns":3},{"damage":2,"enemies":"Jaw Worm","floor":2,"turns":4},{"damage":2,"enemies":"2 Louse","floor":5,"turns":2},{"damage":0,"enemies":"Exordium Wildlife","floor":11,"turns":3},{"damage":48,"enemies":"Hexaghost","floor":16,"turns":7},{"damage":2,"enemies":"Chosen","floor":18,"turns":4},{"damage":11,"enemies":"Shell Parasite","floor":22,"turns":4},{"damage":48,"enemies":"Slavers","floor":23,"turns":5},{"damage":15,"enemies":"Centurion and Healer","floor":25,"turns":5},{"damage":7,"enemies":"Cultist and Chosen","floor":28,"turns":5},{"damage":0,"enemies":"Snake Plant","floor":29,"turns":4},{"damage":20,"enemies":"Automaton","floor":33,"turns":9},{"damage":0,"enemies":"3 Darklings","floor":35,"turns":6},{"damage":5,"enemies":"Flame Bruiser 1 Orb","floor":36,"turns":6},{"damage":15,"enemies":"3 Darklings","floor":38,"turns":5},{"damage":0,"enemies":"Transient","floor":39,"turns":5},{"damage":56,"enemies":"Nemesis","floor":40,"turns":9},{"damage":0,"enemies":"4 Shapes","floor":45,"turns":5},{"damage":15,"enemies":"Spire Growth","floor":46,"turns":4},{"damage":40,"enemies":"Donu and Deca","floor":50,"turns":11}],"seed_played":"6562213998168976509","potions_obtained":[{"floor":2,"key":"Regen Potion"},{"floor":5,"key":"Poison Potion"},{"floor":11,"key":"Swift Potion"},{"floor":22,"key":"SkillPotion"},{"floor":29,"key":"PowerPotion"},{"floor":33,"key":"Explosive Potion"},{"floor":35,"key":"Weak Potion"},{"floor":38,"key":"LiquidBronze"},{"floor":46,"key":"SteroidPotion"}],"is_trial":false,"path_per_floor":["M","M","?","T","M","R","?","R","T","R","M","$","?","?","R","B",null,"M","?","$","?","M","E","R","M","T","R","M","M","T","?","R","B",null,"M","M","$","M","M","E","?","?","T","R","M","M","?","$","R","B"],"character_chosen":"DEFECT","items_purchased":["Gash","Thread and Needle","Whetstone"],"campfire_rested":5,"item_purchase_floors":[20,37,48],"current_hp_per_floor":[75,73,66,66,64,64,64,64,64,64,64,64,64,64,64,41,68,66,60,60,60,51,3,26,11,11,34,27,29,29,29,53,58,75,75,72,72,57,57,1,1,1,1,25,27,12,33,33,58,43],"gold":51,"neow_bonus":"","is_prod":false,"is_daily":false,"chose_seed":false,"campfire_upgraded":1,"win_rate":0,"timestamp":1533781359,"path_taken":["M","M","?","?","M","R","?","R","T","R","M","$","?","?","R","BOSS","M","?","$","?","?","E","R","M","T","R","M","M","?","?","R","BOSS","M","M","$","M","M","E","?","?","T","R","M","M","?","$","R","BOSS"],"build_version":"2018-08-02","purchased_purges":3,"victory":true,"max_hp_per_floor":[75,75,75,75,75,75,75,75,75,75,75,75,75,75,75,77,77,77,77,77,77,79,79,79,79,79,79,79,81,81,81,81,81,81,81,83,83,83,83,83,83,83,83,83,85,85,85,85,85,85],"card_choices":[{"not_picked":["Coolheaded","Storm"],"picked":"Rebound","floor":1},{"not_picked":["Redo","Compile Driver","Leap"],"picked":"SKIP","floor":2},{"not_picked":["Force Field","Tempest","Loop"],"picked":"SKIP","floor":5},{"not_picked":["Coolheaded","Beam Cell"],"picked":"Gash","floor":11},{"not_picked":["Hyperbeam","Creative AI","Fission"],"picked":"Singing Bowl","floor":16},{"not_picked":["Rip and Tear+1","Chaos"],"picked":"Steam+1","floor":18},{"not_picked":["Sweeping Beam","Hello World","Rebound"],"picked":"Singing Bowl","floor":22},{"not_picked":["Lockon","Barrage+1"],"picked":"Defragment+1","floor":23},{"not_picked":["Stack+1","Hologram+1"],"picked":"Glacier","floor":25},{"not_picked":["Go for the Eyes","Compile Driver+1","Beam Cell"],"picked":"Steam","floor":28},{"not_picked":["Rebound+1","Melter","Multi-Cast","Reprogram"],"picked":"Singing Bowl","floor":29},{"not_picked":["Meteor Strike","Core Surge","Hyperbeam"],"picked":"Echo Form","floor":33},{"not_picked":["Cold Snap","Stack","Coolheaded"],"picked":"Leap+1","floor":35},{"not_picked":["Turbo","Coolheaded+1","Barrage+1","Rebound"],"picked":"Singing Bowl","floor":36},{"not_picked":["Conserve Battery+1","Static Discharge+1","Undo"],"picked":"BootSequence+1","floor":38},{"not_picked":["Hologram","Turbo+1","Streamline+1"],"picked":"Scrape+1","floor":39},{"not_picked":["Fission","Loop","Auto Shields"],"picked":"Capacitor+1","floor":40},{"not_picked":["Panacea","Magnetism","Dramatic Entrance"],"picked":"Finesse","floor":41},{"not_picked":["Streamline","Conserve Battery+1","Ball Lightning","Reinforced Body"],"picked":"Singing Bowl","floor":45},{"not_picked":["Compile Driver","Cold Snap","Redo+1"],"picked":"Glacier","floor":46}],"player_experience":395953,"relics_obtained":[{"floor":4,"key":"Shovel"},{"floor":6,"key":"Pantograph"},{"floor":9,"key":"Cables"},{"floor":10,"key":"Shuriken"},{"floor":15,"key":"Singing Bowl"},{"floor":26,"key":"Question Card"},{"floor":30,"key":"Happy Flower"},{"floor":40,"key":"Mercury Hourglass"},{"floor":43,"key":"Potion Belt"}],"event_choices":[{"event_name":"Golden Wing","player_choice":"Card Removal","floor":3,"damage_taken":0},{"event_name":"The Cleric","player_choice":"Card Removal","floor":7,"damage_taken":0},{"event_name":"Bonfire Elementals","player_choice":"BASIC","floor":13,"damage_taken":0},{"event_name":"Transmorgrifier","player_choice":"Transform","floor":14,"damage_taken":0},{"event_name":"Nest","player_choice":"Joined the Cult","floor":19,"damage_taken":0},{"event_name":"FaceTrader","player_choice":"Trade","floor":21,"damage_taken":0},{"event_name":"Beggar","player_choice":"Gave Gold","floor":31,"damage_taken":0},{"event_name":"SensoryStone","player_choice":"Memory 1","floor":41,"damage_taken":0},{"event_name":"Mysterious Sphere","player_choice":"Ignore","floor":42,"damage_taken":0},{"event_name":"Winding Halls","player_choice":"Writhe","floor":47,"damage_taken":0}],"is_beta":false,"boss_relics":[{"not_picked":["White Beast Statue","Eternal Feather"],"picked":"Runic Pyramid"},{"not_picked":["FrozenCore","Orrery"],"picked":"Nuclear Battery"}],"items_purged_floors":[12,20,48],"is_endless":false,"potions_floor_spawned":[2,5,11,22,29,33,35,38,46],"ascension_level":5}