{"gold_per_floor":[116,132,147,164,85,85,5,31,54,54,74,149,149,160,160,264,264,283,283,283,34,34,63,63,78,128,128,144,35,55,155,155,155],"floor_reached":33,"playtime":2491,"items_purged":[],"score":315,"play_id":"4240b66a-961f-48d4-a21f-68ba427c7fc6","local_time":"20190427210040","is_ascension_mode":false,"campfire_choices":[{"data":"Dash","floor":6.0,"key":"SMITH"},{"floor":10.0,"key":"REST"},{"data":"A Thousand Cuts","floor":13.0,"key":"SMITH"},{"floor":15.0,"key":"REST"},{"floor":24,"key":"REST"},{"data":"Noxious Fumes","floor":27,"key":"SMITH"},{"floor":32,"key":"REST"}],"neow_cost":"NONE","seed_source_timestamp":0,"circlet_count":0,"master_deck":["Defend_G","Defend_G","Defend_G","Defend_G","Defend_G","Strike_G","Strike_G","Strike_G","Strike_G","Strike_G","Survivor","Neutralize+1","Slice","Quick Slash","PiercingWail","Dash+1","Noxious Fumes+1","Crippling Poison","Dash","A Thousand Cuts+1","Dagger Spray","Die Die Die","Dash","RitualDagger","Bane","Apotheosis","Infinite Blades","Crippling Poison","Underhanded Strike","Dash","Slice","Blur","Well Laid Plans","Predator+1","Infinite Blades+1"],"special_seed":0,"relics":["Ring of the Snake","Juzu Bracelet","Regal Pillow","Busted Crown","Centennial Puzzle","Vajra","PreservedInsect","Mango","Meat on the Bone"],"potions_floor_usage":[31,33],"damage_taken":[{"damage":7.0,"enemies":"2 Louse","floor":1.0,"turns":3.0},{"damage":2.0,"enemies":"Jaw Worm","floor":2.0,"turns":4.0},{"damage":0.0,"enemies":"Small Slimes","floor":3.0,"turns":3.0},{"damage":0.0,"enemies":"Exordium Wildlife","floor":4.0,"turns":3.0},{"damage":17.0,"enemies":"3 Sentries","floor":8.0,"turns":6.0},{"damage":5.0,"enemies":"2 Fungi Beasts","floor":11.0,"turns":4.0},{"damage":22.0,"enemies":"Gremlin Gang","floor":14.0,"turns":4.0},{"damage":42.0,"enemies":"The Guardian","floor":16.0,"turns":13.0},{"damage":14,"enemies":"Shell Parasite","floor":18,"turns":6},{"damage":23,"enemies":"Slavers","floor":23,"turns":5},{"damage":7,"enemies":"Spheric Guardian","floor":25,"turns":5},{"damage":15,"enemies":"Centurion and Healer","floor":28,"turns":9},{"damage":9,"enemies":"3 Cultists","floor":30,"turns":5},{"damage":15,"enemies":"Colosseum Slavers","floor":31,"turns":2},{"damage":1,"enemies":"Colosseum Nobs","floor":31,"turns":4},{"damage":78,"enemies":"Automaton","floor":33,"turns":10}],"seed_played":"-3387462566436070085","potions_obtained":[{"floor":2.0,"key":"LiquidBronze"},{"floor":3.0,"key":"Strength Potion"},{"floor":8.0,"key":"Block Potion"},{"floor":23,"key":"GamblersBrew"},{"floor":28,"key":"Weak Potion"},{"floor":31,"key":"Weak Potion"}],"is_trial":false,"path_per_floor":["M","M","M","M","$","R","$","E","T","R","M","?","R","M","R","B",null,"M","?","?","$","?","E","R","M","T","R","M","$","M","?","R","B"],"character_chosen":"THE_SILENT","items_purchased":["Noxious Fumes","Crippling Poison","Bane","Apotheosis","Infinite Blades","Blur","Well Laid Plans"],"campfire_rested":4,"item_purchase_floors":[5,7,21,21,21,29,29],"current_hp_per_floor":[63,61,61,61,61,61,61,44,44,70,65,54,54,32,68,26,70,56,56,50,50,50,27,63,56,56,56,41,41,32,30,70,0],"gold":155,"neow_bonus":"UPGRADE_CARD","is_prod":false,"is_daily":false,"chose_seed":false,"campfire_upgraded":3,"win_rate":0.0,"timestamp":1556413240,"path_taken":["M","M","M","M","$","R","$","E","T","R","M","?","R","M","R","BOSS","M","?","?","$","?","E","R","M","T","R","M","$","M","?","R","BOSS"],"build_version":"2019-01-23","purchased_purges":0,"victory":false,"max_hp_per_floor":[70,70,70,70,70,70,70,70,70,70,70,70,70,70,70,70,70,70,70,70,70,70,70,70,70,70,70,70,70,70,84,84,84],"card_choices":[{"not_picked":["Outmaneuver","Acrobatics"],"picked":"Slice","floor":1.0},{"not_picked":["Backflip","Distraction"],"picked":"Quick Slash","floor":2.0},{"not_picked":["Deflect","Dagger Spray"],"picked":"PiercingWail","floor":3.0},{"not_picked":["Escape Plan","Predator"],"picked":"Dash","floor":4.0},{"not_picked":["Dagger Throw","Acrobatics"],"picked":"Dash","floor":8.0},{"not_picked":["Deflect","Infinite Blades"],"picked":"A Thousand Cuts","floor":11.0},{"not_picked":["Calculated Gamble","Underhanded Strike"],"picked":"Dagger Spray","floor":14.0},{"not_picked":["Bullet Time","Glass Knife"],"picked":"Die Die Die","floor":16.0},{"not_picked":[],"picked":"Dash","floor":18},{"not_picked":[],"picked":"Underhanded Strike","floor":23},{"not_picked":[],"picked":"Dash","floor":25},{"not_picked":[],"picked":"Slice","floor":28},{"not_picked":[],"picked":"Predator+1","floor":30},{"not_picked":[],"picked":"Infinite Blades+1","floor":31}],"player_experience":6313,"relics_obtained":[{"floor":8.0,"key":"Juzu Bracelet"},{"floor":9.0,"key":"Regal Pillow"},{"floor":23,"key":"Vajra"},{"floor":26,"key":"PreservedInsect"},{"floor":31,"key":"Mango"},{"floor":31,"key":"Meat on the Bone"}],"event_choices":[{"damage_healed":0.0,"max_hp_gain":0.0,"max_hp_loss":0.0,"gold_gain":75.0,"event_name":"World of Goop","player_choice":"Gather Gold","floor":12.0,"gold_loss":0.0,"damage_taken":11.0},{"damage_healed":0,"gold_gain":0,"player_choice":"Opened","damage_taken":0,"relics_obtained":["Centennial Puzzle"],"max_hp_gain":0,"max_hp_loss":0,"event_name":"The Mausoleum","floor":19,"gold_loss":0},{"damage_healed":0,"gold_gain":0,"player_choice":"Joined the Cult","damage_taken":6,"max_hp_gain":0,"max_hp_loss":0,"event_name":"Nest","floor":20,"gold_loss":0,"cards_obtained":["RitualDagger"]},{"damage_healed":0,"gold_gain":0,"player_choice":"Read","damage_taken":0,"max_hp_gain":0,"max_hp_loss":0,"event_name":"The Library","floor":22,"gold_loss":0,"cards_obtained":["Crippling Poison"]},{"damage_healed":0,"gold_gain":0,"player_choice":"Fight","damage_taken":0,"max_hp_gain":0,"max_hp_loss":0,"event_name":"Colosseum","floor":31,"gold_loss":0},{"damage_healed":0,"gold_gain":0,"player_choice":"Fought Nobs","damage_taken":0,"max_hp_gain":0,"max_hp_loss":0,"event_name":"Colosseum","floor":31,"gold_loss":0}],"is_beta":false,"boss_relics":[{"not_picked":["Snecko Eye","HoveringKite"],"picked":"Busted Crown"}],"items_purged_floors":[],"is_endless":false,"potions_floor_spawned":[2,3,8,23,28,31],"killed_by":"Automaton","ascension_level":0}