{"gold_per_floor":[116,128,128,144,161,194,210,287,312,282,457,472,472,497,497,601,601,621,636,636,53,70,102,102,17,44,44,44,44,44,44],"floor_reached":31,"playtime":2706,"items_purged":[],"score":263,"play_id":"81dae5c9-84d3-4790-9d9e-0afde6763b23","local_time":"20190419121839","is_ascension_mode":false,"campfire_choices":[{"floor":13.0,"key":"REST"},{"data":"Infernal Blade","floor":15.0,"key":"SMITH"}],"neow_cost":"PERCENT_DAMAGE","seed_source_timestamp":0,"circlet_count":0,"master_deck":["Strike_R+1","Strike_R+1","Strike_R+1","Defend_R+1","Defend_R+1","Defend_R+1","Defend_R+1","Bash","Body Slam","Metallicize","Inflame","Shrug It Off","Clothesline","Ghostly Armor","Infernal Blade+1","Doubt","Twin Strike","Seeing Red","Dark Embrace","Spot Weakness+1","Armaments+1","Inflame","Disarm","Thunderclap","Exhume+1"],"special_seed":0,"relics":["Burning Blood","Darkstone Periapt","Potion Belt","Nunchaku","Philosopher\u0027s Stone","HandDrill","Shuriken","Juzu Bracelet","WingedGreaves","Omamori","MutagenicStrength","WarpedTongs","Pen Nib"],"potions_floor_usage":[31],"damage_taken":[{"damage":6.0,"enemies":"Cultist","floor":1.0,"turns":4.0},{"damage":0.0,"enemies":"2 Louse","floor":2.0,"turns":3.0},{"damage":3.0,"enemies":"Jaw Worm","floor":4.0,"turns":6.0},{"damage":27.0,"enemies":"Exordium Thugs","floor":5.0,"turns":5.0},{"damage":32.0,"enemies":"Lagavulin","floor":6.0,"turns":7.0},{"damage":4.0,"enemies":"Blue Slaver","floor":7.0,"turns":5.0},{"damage":0.0,"enemies":"Looter","floor":10.0,"turns":4.0},{"damage":7.0,"enemies":"Large Slime","floor":12.0,"turns":8.0},{"damage":17.0,"enemies":"3 Sentries","floor":14.0,"turns":14.0},{"damage":52.0,"enemies":"The Guardian","floor":16.0,"turns":14.0},{"damage":37.0,"enemies":"Spheric Guardian","floor":18.0,"turns":6.0},{"damage":15.0,"enemies":"Chosen","floor":19.0,"turns":6.0},{"damage":21.0,"enemies":"Snecko","floor":22.0,"turns":6.0},{"damage":34.0,"enemies":"Book of Stabbing","floor":23.0,"turns":7.0},{"damage":16,"enemies":"Sentry and Sphere","floor":31,"turns":5}],"seed_played":"4024104656158302528","potions_obtained":[{"floor":5.0,"key":"Fruit Juice"},{"floor":6.0,"key":"SteroidPotion"},{"floor":7.0,"key":"EntropicBrew"},{"floor":12.0,"key":"BloodPotion"},{"floor":19.0,"key":"FearPotion"}],"is_trial":false,"path_per_floor":["M","M","$","M","M","E","M","T","T","M","?","M","R","E","R","B",null,"M","M","?","$","M","E","?","?","T","?","?","?","?","M"],"character_chosen":"IRONCLAD","items_purchased":["HandDrill","Inflame","Disarm","Shuriken"],"campfire_rested":1,"item_purchase_floors":[21,21,21,21],"current_hp_per_floor":[56,62,62,65,44,23,25,25,25,31,37,36,63,52,52,15,91,60,51,51,51,36,8,8,8,8,8,8,8,8,0],"gold":44,"neow_bonus":"REMOVE_TWO","is_prod":false,"is_daily":false,"chose_seed":false,"campfire_upgraded":1,"win_rate":0,"timestamp":1555694319,"path_taken":["M","M","$","?","M","E","M","?","T","?","?","M","R","E","R","BOSS","M","M","?","$","M","E","?","?","T","?","?","?","?","M"],"build_version":"2019-01-23","purchased_purges":0,"victory":false,"max_hp_per_floor":[80,80,80,80,80,85,85,85,85,85,91,91,91,91,91,91,91,91,91,91,91,91,91,91,91,91,91,91,91,91,91],"card_choices":[{"not_picked":["Headbutt","Searing Blow"],"picked":"Body Slam","floor":1.0},{"not_picked":["Warcry","Bloodletting"],"picked":"Metallicize","floor":2.0},{"not_picked":["Thunderclap","Headbutt"],"picked":"Inflame","floor":4.0},{"not_picked":["Double Tap","Perfected Strike"],"picked":"Shrug It Off","floor":5.0},{"not_picked":["Clash","Sever Soul"],"picked":"Clothesline","floor":6.0},{"not_picked":["Clothesline","Sword Boomerang"],"picked":"Ghostly Armor","floor":7.0},{"not_picked":["Warcry","Dropkick"],"picked":"Infernal Blade","floor":10.0},{"not_picked":["Dark Embrace","Flex"],"picked":"Twin Strike","floor":12.0},{"not_picked":["Clothesline","Perfected Strike"],"picked":"Seeing Red","floor":14.0},{"not_picked":["Brutality","Fiend Fire"],"picked":"Dark Embrace","floor":16.0},{"not_picked":["Second Wind","Flex"],"picked":"Spot Weakness+1","floor":18.0},{"not_picked":["Clothesline+1","Sword Boomerang"],"picked":"Armaments+1","floor":19.0},{"not_picked":["Twin Strike","Armaments"],"picked":"Thunderclap","floor":22.0},{"not_picked":["Cleave+1","Corruption"],"picked":"Exhume","floor":23.0}],"player_experience":214297,"relics_obtained":[{"floor":6.0,"key":"Darkstone Periapt"},{"floor":9.0,"key":"Potion Belt"},{"floor":14.0,"key":"Nunchaku"},{"floor":23.0,"key":"Juzu Bracelet"},{"floor":26.0,"key":"Omamori"}],"event_choices":[{"damage_healed":0.0,"max_hp_gain":0.0,"max_hp_loss":0.0,"gold_gain":175.0,"event_name":"Liars Game","player_choice":"AGREE","floor":11.0,"gold_loss":0.0,"damage_taken":0.0,"cards_obtained":["Doubt"]},{"damage_healed":0.0,"max_hp_gain":0.0,"max_hp_loss":0.0,"gold_gain":0.0,"event_name":"Back to Basics","player_choice":"Simplicity","floor":20.0,"gold_loss":0.0,"damage_taken":0.0,"cards_upgraded":["Strike_R","Strike_R","Strike_R","Defend_R","Defend_R","Defend_R","Defend_R"]},{"damage_healed":0.0,"max_hp_gain":0.0,"max_hp_loss":0.0,"gold_gain":0.0,"event_name":"Upgrade Shrine","player_choice":"Upgraded","floor":24.0,"gold_loss":0.0,"damage_taken":0.0,"cards_upgraded":["Exhume"]},{"damage_healed":0.0,"max_hp_gain":0.0,"max_hp_loss":0.0,"gold_gain":0.0,"event_name":"Addict","player_choice":"Obtained Relic","floor":25.0,"gold_loss":85.0,"damage_taken":0.0,"relics_obtained":["WingedGreaves"]},{"damage_healed":0.0,"max_hp_gain":0.0,"max_hp_loss":0.0,"gold_gain":0.0,"event_name":"Drug Dealer","player_choice":"Inject Mutagens","floor":27.0,"gold_loss":0.0,"damage_taken":0.0,"relics_obtained":["MutagenicStrength"]},{"damage_healed":0.0,"max_hp_gain":0.0,"max_hp_loss":0.0,"gold_gain":0.0,"event_name":"Beggar","player_choice":"Ignored","floor":28.0,"gold_loss":0.0,"damage_taken":0.0},{"damage_healed":0.0,"max_hp_gain":0.0,"max_hp_loss":0.0,"gold_gain":0.0,"event_name":"Accursed Blacksmith","player_choice":"Rummage","floor":29.0,"gold_loss":0.0,"damage_taken":0.0,"relics_obtained":["WarpedTongs"],"cards_obtained":["Pain"]},{"damage_healed":0.0,"max_hp_gain":0.0,"max_hp_loss":0.0,"gold_gain":0.0,"event_name":"The Mausoleum","player_choice":"Opened","floor":30.0,"gold_loss":0.0,"damage_taken":0.0,"relics_obtained":["Pen Nib"]}],"is_beta":false,"boss_relics":[{"not_picked":["Tiny House","Pandora\u0027s Box"],"picked":"Philosopher\u0027s Stone"}],"items_purged_floors":[],"is_endless":false,"potions_floor_spawned":[5,6,7,12,19],"killed_by":"Sentry and Sphere","ascension_level":0}