{"gold_per_floor":[113,113,128,146,146,178,103,178,178,133,149,161,161],"floor_reached":13,"playtime":478,"items_purged":["Regret"],"score":85,"play_id":"c6bf8964-b3a2-4c16-b042-b81388336f23","local_time":"20190424072729","is_ascension_mode":false,"campfire_choices":[],"neow_cost":"NONE","seed_source_timestamp":1155741677517174,"circlet_count":0,"master_deck":["Strike_B","Strike_B","Strike_B","Defend_B","Defend_B","Defend_B","Defend_B","Zap","Dualcast","Rebound","Streamline","Glacier","Hello World","Ball Lightning","Coolheaded","Self Repair","Leap"],"relics":["Cracked Core","Dead Branch","Omamori","Girya"],"potions_floor_usage":[13],"damage_taken":[{"damage":2,"enemies":"2 Louse","floor":1,"turns":3},{"damage":1,"enemies":"Small Slimes","floor":3,"turns":3},{"damage":3,"enemies":"Cultist","floor":4,"turns":3},{"damage":42,"enemies":"Gremlin Nob","floor":6,"turns":5},{"damage":11,"enemies":"2 Fungi Beasts","floor":11,"turns":4},{"damage":6,"enemies":"Exordium Thugs","floor":12,"turns":4},{"damage":16,"enemies":"Lagavulin","floor":13,"turns":3}],"seed_played":"114631962955851243","potions_obtained":[{"floor":3,"key":"FearPotion"},{"floor":6,"key":"SneckoOil"}],"is_trial":false,"path_per_floor":["M","?","M","M","?","E","$","?","T","$","M","M","E"],"character_chosen":"DEFECT","items_purchased":["Coolheaded"],"campfire_rested":0,"item_purchase_floors":[10],"current_hp_per_floor":[80,80,79,76,76,34,34,23,23,23,12,13,0],"gold":161,"neow_bonus":"TEN_PERCENT_HP_BONUS","is_prod":false,"is_daily":false,"chose_seed":false,"campfire_upgraded":0,"win_rate":0,"timestamp":1556108849,"path_taken":["M","?","M","M","?","E","$","?","T","$","M","M","E"],"build_version":"2019-01-23","purchased_purges":1,"victory":false,"max_hp_per_floor":[82,82,82,82,82,82,82,82,82,82,82,82,82],"card_choices":[{"not_picked":["Compile Driver","Barrage"],"picked":"Rebound","floor":1},{"not_picked":["Hologram","Go for the Eyes"],"picked":"Streamline","floor":3},{"not_picked":["Steam","Reinforced Body"],"picked":"Glacier","floor":4},{"not_picked":["Auto Shields","Glacier"],"picked":"Ball Lightning","floor":6},{"not_picked":["Steam","Fission"],"picked":"Self Repair","floor":11},{"not_picked":["Auto Shields","Barrage"],"picked":"Leap","floor":12}],"player_experience":229069,"relics_obtained":[{"floor":6,"key":"Omamori"},{"floor":9,"key":"Girya"}],"event_choices":[{"damage_healed":0,"gold_gain":0,"player_choice":"Box","damage_taken":0,"relics_obtained":["Dead Branch"],"max_hp_gain":0,"max_hp_loss":0,"event_name":"Big Fish","floor":2,"gold_loss":0,"cards_obtained":["Regret"]},{"damage_healed":0,"gold_gain":0,"cards_transformed":["Strike_B"],"player_choice":"Change","damage_taken":0,"max_hp_gain":0,"max_hp_loss":0,"event_name":"Living Wall","floor":5,"gold_loss":0,"cards_obtained":["Hello World"]},{"damage_healed":0,"gold_gain":75,"player_choice":"Gather Gold","damage_taken":11,"max_hp_gain":0,"max_hp_loss":0,"event_name":"World of Goop","floor":8,"gold_loss":0}],"is_beta":false,"boss_relics":[],"items_purged_floors":[7],"is_endless":false,"potions_floor_spawned":[3,6],"killed_by":"Lagavulin","ascension_level":0}