{"gold_per_floor":[116,133,151,165,42,42,70,88,114,127,185,204,232,34,34,137,137,153,165,165,22,41,51,51,51,96,96],"floor_reached":27,"playtime":2845,"items_purged":["Normality"],"score":369,"play_id":"0c143362-954b-40ec-a2e8-7bd1ecf960b9","local_time":"20190122172128","is_ascension_mode":true,"campfire_choices":[{"data":"Armaments","floor":6,"key":"SMITH"},{"data":"Whirlwind","floor":15,"key":"SMITH"},{"floor":24,"key":"REST"}],"neow_cost":"CURSE","seed_source_timestamp":1097697461304941,"circlet_count":0,"master_deck":["Strike_R","Strike_R+1","Strike_R","Strike_R","Defend_R","Defend_R","Defend_R","Defend_R","Bash","Shrug It Off","Clothesline","Armaments+1","Entrench","Ghostly Armor","Rampage+1","Metallicize","Whirlwind+1","Double Tap","Wild Strike+1","Warcry+1","Corruption+1","Metallicize"],"relics":["Burning Blood","Du-Vu Doll","Vajra","Tiny Chest","Potion Belt","TheAbacus","Astrolabe","Whetstone","Nilry\u0027s Codex","Anchor"],"potions_floor_usage":[7,7,11,19,22,22],"damage_taken":[{"damage":18,"enemies":"Jaw Worm","floor":1,"turns":6},{"damage":1,"enemies":"Cultist","floor":2,"turns":5},{"damage":1,"enemies":"Small Slimes","floor":3,"turns":5},{"damage":6,"enemies":"Looter","floor":4,"turns":3},{"damage":17,"enemies":"Lagavulin","floor":7,"turns":6},{"damage":3,"enemies":"Large Slime","floor":8,"turns":6},{"damage":0,"enemies":"3 Louse","floor":10,"turns":6},{"damage":21,"enemies":"Gremlin Nob","floor":11,"turns":4},{"damage":0,"enemies":"Blue Slaver","floor":12,"turns":5},{"damage":14,"enemies":"Lagavulin","floor":13,"turns":6},{"damage":36,"enemies":"Slime Boss","floor":16,"turns":14},{"damage":4,"enemies":"3 Byrds","floor":18,"turns":5},{"damage":22,"enemies":"Spheric Guardian","floor":19,"turns":10},{"damage":44,"enemies":"Cultist and Chosen","floor":22,"turns":10},{"damage":10,"enemies":"Snecko","floor":23,"turns":6},{"damage":43,"enemies":"3 Cultists","floor":27,"turns":5}],"seed_played":"4290009624916000300","potions_obtained":[{"floor":1,"key":"AttackPotion"},{"floor":7,"key":"Regen Potion"},{"floor":11,"key":"SpeedPotion"},{"floor":12,"key":"FearPotion"},{"floor":16,"key":"Poison Potion"},{"floor":18,"key":"Poison Potion"}],"is_trial":false,"path_per_floor":["M","M","M","M","$","R","E","M","T","M","E","M","E","$","R","B",null,"M","M","?","$","M","M","R","?","T","M"],"character_chosen":"IRONCLAD","items_purchased":["Strength Potion","TheAbacus","Whetstone"],"campfire_rested":1,"item_purchase_floors":[5,14,21],"current_hp_per_floor":[76,81,86,86,86,86,75,78,78,84,81,87,79,79,79,49,84,86,70,70,70,32,28,56,40,40,0],"gold":96,"neow_bonus":"TWENTY_PERCENT_HP_BONUS","is_prod":false,"is_daily":false,"chose_seed":false,"campfire_upgraded":2,"win_rate":0,"timestamp":1548174088,"path_taken":["M","M","M","M","$","R","E","M","T","M","E","M","E","$","R","BOSS","M","M","?","$","M","?","R","?","T","M"],"build_version":"2019-01-17v2","purchased_purges":1,"victory":false,"max_hp_per_floor":[96,96,96,96,96,96,96,96,96,96,96,96,96,96,96,96,96,96,96,96,96,96,96,96,96,96,96],"card_choices":[{"not_picked":["Rampage","Sword Boomerang"],"picked":"Shrug It Off","floor":1},{"not_picked":["Entrench","True Grit"],"picked":"Clothesline","floor":2},{"not_picked":["Thunderclap","Blood for Blood"],"picked":"Armaments","floor":3},{"not_picked":["Feel No Pain","Headbutt"],"picked":"Twin Strike","floor":4},{"not_picked":["Anger","Clothesline"],"picked":"Entrench","floor":7},{"not_picked":["Dark Embrace","Burning Pact"],"picked":"Ghostly Armor","floor":8},{"not_picked":["Heavy Blade","Clash"],"picked":"Rampage","floor":10},{"not_picked":["Seeing Red","Flex"],"picked":"Metallicize","floor":11},{"not_picked":["Dropkick","True Grit"],"picked":"Sword Boomerang","floor":12},{"not_picked":["Cleave","Juggernaut"],"picked":"Whirlwind","floor":13},{"not_picked":["Brutality","Dark Embrace"],"picked":"Double Tap","floor":16},{"not_picked":["Dropkick","Armaments","Headbutt"],"picked":"SKIP","floor":18},{"not_picked":["Flex","Inflame"],"picked":"Metallicize","floor":19},{"not_picked":["Havoc+1","Headbutt","Fiend Fire"],"picked":"SKIP","floor":22},{"not_picked":["Twin Strike","Fire Breathing","Perfected Strike"],"picked":"SKIP","floor":23}],"player_experience":352957,"relics_obtained":[{"floor":7,"key":"Du-Vu Doll"},{"floor":9,"key":"Vajra"},{"floor":11,"key":"Tiny Chest"},{"floor":13,"key":"Potion Belt"},{"floor":25,"key":"Nilry\u0027s Codex"},{"floor":26,"key":"Anchor"}],"event_choices":[{"damage_healed":0,"gold_gain":0,"player_choice":"Ignored","damage_taken":0,"max_hp_gain":0,"max_hp_loss":0,"event_name":"Duplicator","floor":20,"gold_loss":0},{"damage_healed":0,"gold_gain":0,"player_choice":"Obtained Book","damage_taken":16,"max_hp_gain":0,"max_hp_loss":0,"event_name":"Cursed Tome","floor":25,"gold_loss":0}],"is_beta":false,"boss_relics":[{"not_picked":["Busted Crown","Runic Dome"],"picked":"Astrolabe"}],"items_purged_floors":[5],"is_endless":false,"potions_floor_spawned":[1,7,11,12,16,18],"killed_by":"3 Cultists","ascension_level":9}