{"gold_per_floor":[109,128,16,28,39,39,2,2,27,27,37,37,47,47,47,149,149,163,163,177,95,107,142,20,20,20,53,53],"floor_reached":28,"playtime":770,"items_purged":["Writhe"],"score":248,"play_id":"aeee65df-25f4-4994-84ba-68c206294181","local_time":"20190313201346","is_ascension_mode":false,"campfire_choices":[{"data":"Flex","floor":6,"key":"SMITH"},{"data":"Flex","floor":12,"key":"SMITH"},{"data":"Inflame","floor":15,"key":"SMITH"},{"floor":25,"key":"REST"}],"neow_cost":"CURSE","seed_source_timestamp":94798979492478,"circlet_count":0,"master_deck":["Strike_R","Strike_R+1","Strike_R","Strike_R","Defend_R+1","Defend_R","Defend_R","Bash","Second Wind","Rupture","Thunderclap","Pummel","Headbutt","Flex+1","Inflame+1","Flex+1","Heavy Blade+1","Reaper","Dual Wield+1","Combust","Whirlwind","Flex+1"],"relics":["Burning Blood"],"potions_floor_usage":[5,11,22,23,27,27,27],"damage_taken":[{"damage":6,"enemies":"Cultist","floor":1,"turns":4},{"damage":0,"enemies":"2 Louse","floor":2,"turns":3},{"damage":5,"enemies":"Small Slimes","floor":4,"turns":4},{"damage":0,"enemies":"2 Fungi Beasts","floor":5,"turns":2},{"damage":11,"enemies":"Lots of Slimes","floor":11,"turns":4},{"damage":3,"enemies":"Red Slaver","floor":13,"turns":3},{"damage":41,"enemies":"The Guardian","floor":16,"turns":7},{"damage":10,"enemies":"Spheric Guardian","floor":18,"turns":3},{"damage":10,"enemies":"Chosen","floor":20,"turns":3},{"damage":35,"enemies":"3 Cultists","floor":22,"turns":5},{"damage":35,"enemies":"Gremlin Leader","floor":23,"turns":6},{"damage":53,"enemies":"Slavers","floor":27,"turns":6},{"damage":21,"enemies":"Snake Plant","floor":28,"turns":3}],"seed_played":"6056546703827603778","potions_obtained":[{"floor":2,"key":"LiquidBronze"},{"floor":4,"key":"Strength Potion"},{"floor":11,"key":"FearPotion"},{"floor":16,"key":"Swift Potion"},{"floor":23,"key":"EssenceOfSteel"},{"floor":27,"key":"PowerPotion"}],"is_trial":false,"path_per_floor":["M","M","$","M","M","R","$","?","T","?","M","R","M","?","R","B",null,"M","$","M","$","M","E","$","R","T","E","M"],"character_chosen":"IRONCLAD","items_purchased":["Pummel","Inflame","Combust","Regen Potion","SteroidPotion"],"campfire_rested":1,"item_purchase_floors":[3,7,21,24,24],"current_hp_per_floor":[80,80,80,80,80,80,80,80,80,64,59,59,62,62,62,27,80,80,80,76,76,47,18,18,42,42,28,7],"gold":53,"neow_bonus":"TRANSFORM_TWO_CARDS","is_prod":false,"is_daily":false,"chose_seed":false,"campfire_upgraded":3,"win_rate":0,"timestamp":1552522426,"path_taken":["M","M","$","M","M","R","?","?","T","?","M","R","M","?","R","BOSS","M","?","M","$","M","E","$","R","T","E","?"],"build_version":"2019-01-23","purchased_purges":1,"victory":false,"max_hp_per_floor":[80,80,80,80,80,80,80,80,80,80,80,80,80,80,80,80,80,80,80,80,80,80,80,80,80,80,80,80],"card_choices":[{"not_picked":["Pommel Strike","Second Wind"],"picked":"Thunderclap","floor":1},{"not_picked":["Body Slam","Entrench","Thunderclap"],"picked":"SKIP","floor":2},{"not_picked":["Twin Strike","Rage"],"picked":"Headbutt","floor":4},{"not_picked":["Body Slam","Headbutt"],"picked":"Flex","floor":5},{"not_picked":["Body Slam","Dual Wield"],"picked":"Flex","floor":11},{"not_picked":["Clothesline","Shrug It Off"],"picked":"Heavy Blade","floor":13},{"not_picked":["Dark Embrace","Demon Form"],"picked":"Reaper","floor":16},{"not_picked":["Anger","Shrug It Off"],"picked":"Dual Wield+1","floor":18},{"not_picked":["Twin Strike","Anger","Clash"],"picked":"SKIP","floor":20},{"not_picked":["Clash","Reckless Charge+1"],"picked":"Whirlwind","floor":22},{"not_picked":["Clothesline","Dropkick","Clash"],"picked":"SKIP","floor":23},{"not_picked":["Disarm+1","Pommel Strike"],"picked":"Flex+1","floor":27}],"player_experience":869298,"relics_obtained":[],"event_choices":[{"damage_healed":0,"gold_gain":0,"player_choice":"Leave","damage_taken":0,"max_hp_gain":0,"max_hp_loss":0,"event_name":"The Cleric","floor":8,"gold_loss":0},{"damage_healed":0,"gold_gain":0,"player_choice":"Entered Light","damage_taken":16,"max_hp_gain":0,"max_hp_loss":0,"event_name":"Shining Light","floor":10,"gold_loss":0,"cards_upgraded":["Strike_R","Defend_R"]},{"damage_healed":0,"gold_gain":0,"player_choice":"Upgraded","damage_taken":0,"max_hp_gain":0,"max_hp_loss":0,"event_name":"Upgrade Shrine","floor":14,"gold_loss":0,"cards_upgraded":["Heavy Blade"]}],"is_beta":false,"boss_relics":[{"not_picked":[]}],"items_purged_floors":[3],"is_endless":false,"potions_floor_spawned":[2,4,11,16,23,27],"killed_by":"Snake Plant","ascension_level":0}