{"gold_per_floor":[113,113,127,145,220,220,236,236,236,236,271,289,305,325,325,325],"floor_reached":16,"playtime":418,"items_purged":[],"score":308,"play_id":"1cad37f3-d210-4236-91d2-f5b4bfbd54a5","local_time":"20190427074009","is_ascension_mode":true,"campfire_choices":[{"data":"Bash","floor":6,"key":"SMITH"},{"data":"Flex","floor":10,"key":"SMITH"},{"data":"Juggernaut","floor":15,"key":"SMITH"}],"neow_cost":"NONE","seed_source_timestamp":323732336199952,"circlet_count":0,"master_deck":["AscendersBane","Strike_R","Strike_R","Strike_R","Strike_R","Strike_R","Defend_R","Defend_R","Defend_R","Defend_R","Bash+1","Thunderclap","Pain","Flex+1","Inflame","Sword Boomerang","Warcry","Juggernaut+1","Infernal Blade","Corruption"],"relics":["Burning Blood","NeowsBlessing","WarpedTongs","Bottled Lightning","Gremlin Horn","Ornamental Fan"],"potions_floor_usage":[7,11,16,16],"damage_taken":[{"damage":0,"enemies":"Cultist","floor":1,"turns":1},{"damage":0,"enemies":"2 Louse","floor":3,"turns":1},{"damage":1,"enemies":"Jaw Worm","floor":4,"turns":1},{"damage":28,"enemies":"Gremlin Gang","floor":7,"turns":6},{"damage":11,"enemies":"Gremlin Nob","floor":11,"turns":3},{"damage":11,"enemies":"Exordium Thugs","floor":12,"turns":4},{"damage":3,"enemies":"Looter","floor":13,"turns":2},{"damage":6,"enemies":"Blue Slaver","floor":14,"turns":3}],"seed_played":"4498283434277860412","potions_obtained":[{"floor":3,"key":"SteroidPotion"},{"floor":7,"key":"BloodPotion"},{"floor":11,"key":"Weak Potion"},{"floor":12,"key":"Explosive Potion"}],"is_trial":false,"path_per_floor":["M","?","M","M","?","R","M","T","T","R","E","M","M","M","R","B"],"character_chosen":"IRONCLAD","items_purchased":[],"campfire_rested":0,"item_purchase_floors":[],"current_hp_per_floor":[74,74,75,75,64,64,42,42,42,42,44,39,42,42,42,0],"gold":325,"neow_bonus":"THREE_ENEMY_KILL","is_prod":false,"is_daily":false,"chose_seed":false,"campfire_upgraded":3,"win_rate":0,"timestamp":1556365209,"path_taken":["M","?","?","M","?","R","M","?","T","R","E","M","M","?","R","BOSS"],"build_version":"2019-01-23","purchased_purges":0,"victory":false,"max_hp_per_floor":[75,75,75,75,75,75,75,75,75,75,75,75,75,75,75,75],"card_choices":[{"not_picked":["Twin Strike","Burning Pact"],"picked":"Thunderclap","floor":1},{"not_picked":["Power Through","Iron Wave"],"picked":"Flex","floor":3},{"not_picked":["Dropkick","Rupture"],"picked":"Inflame","floor":4},{"not_picked":["Havoc","Perfected Strike"],"picked":"Sword Boomerang","floor":7},{"not_picked":["Clash","Perfected Strike"],"picked":"Warcry","floor":11},{"not_picked":["Perfected Strike","Headbutt"],"picked":"Juggernaut","floor":12},{"not_picked":["Wild Strike","True Grit"],"picked":"Infernal Blade","floor":13},{"not_picked":["Twin Strike","Flex"],"picked":"Corruption","floor":14}],"player_experience":930314,"relics_obtained":[{"floor":8,"key":"Bottled Lightning"},{"floor":9,"key":"Gremlin Horn"},{"floor":11,"key":"Ornamental Fan"}],"event_choices":[{"damage_healed":0,"gold_gain":0,"player_choice":"Rummage","damage_taken":0,"relics_obtained":["WarpedTongs"],"max_hp_gain":0,"max_hp_loss":0,"event_name":"Accursed Blacksmith","floor":2,"gold_loss":0,"cards_obtained":["Pain"]},{"damage_healed":0,"gold_gain":75,"player_choice":"Gather Gold","damage_taken":11,"max_hp_gain":0,"max_hp_loss":0,"event_name":"World of Goop","floor":5,"gold_loss":0}],"is_beta":false,"boss_relics":[],"items_purged_floors":[],"is_endless":false,"potions_floor_spawned":[3,7,11,12],"killed_by":"The Guardian","ascension_level":20}