{"gold_per_floor":[114,114,114,114,135,135,160,198,224,264,160,160,185,216,216,347,347,347],"floor_reached":18,"playtime":635,"items_purged":[],"score":214,"play_id":"c0817a4c-5ec8-4af8-89aa-e18d1aa14ec2","local_time":"20180831065648","is_ascension_mode":true,"campfire_choices":[{"data":"Barrage","floor":6,"key":"SMITH"},{"data":"Trip","floor":12,"key":"SMITH"},{"floor":15,"key":"REST"}],"neow_cost":"NONE","seed_source_timestamp":2189446836549,"circlet_count":0,"master_deck":["Strike_B","Strike_B","Strike_B","Defend_B","Defend_B","Defend_B","Defend_B","Zap","Dualcast","Glacier","Barrage+1","Rebound","Ball Lightning","Coolheaded","Trip+1","Turbo","Barrage","Biased Cognition","BootSequence","Glacier","Hologram"],"relics":["Cracked Core","NeowsBlessing","Golden Idol","Ancient Tea Set","Potion Belt","Gremlin Horn","Oddly Smooth Stone","Orrery"],"potions_floor_usage":[8,10,10,10],"damage_taken":[{"damage":0,"enemies":"Small Slimes","floor":1,"turns":1},{"damage":0,"enemies":"2 Louse","floor":5,"turns":1},{"damage":0,"enemies":"Cultist","floor":7,"turns":1},{"damage":3,"enemies":"3 Sentries","floor":8,"turns":8},{"damage":9,"enemies":"Lagavulin","floor":10,"turns":5},{"damage":9,"enemies":"Looter","floor":13,"turns":2},{"damage":11,"enemies":"3 Sentries","floor":14,"turns":6},{"damage":32,"enemies":"The Guardian","floor":16,"turns":9},{"damage":54,"enemies":"3 Byrds","floor":18,"turns":7}],"seed_played":"1146960624270128979","potions_obtained":[{"floor":1,"key":"FearPotion"},{"floor":4,"key":"Energy Potion"},{"floor":4,"key":"SkillPotion"},{"floor":8,"key":"Regen Potion"}],"is_trial":false,"path_per_floor":["M","?","?","?","M","R","M","E","T","E","$","R","M","E","R","B",null],"character_chosen":"DEFECT","items_purchased":["Trip"],"campfire_rested":1,"item_purchase_floors":[11],"current_hp_per_floor":[75,68,50,50,50,50,50,47,47,52,52,52,43,32,54,22,75,21],"gold":347,"neow_bonus":"THREE_ENEMY_KILL","is_prod":false,"is_daily":false,"chose_seed":false,"campfire_upgraded":2,"win_rate":0,"timestamp":1535713008,"path_taken":["M","?","?","?","M","R","M","E","T","E","$","R","M","E","R","BOSS","M"],"build_version":"2018-08-30","purchased_purges":0,"victory":false,"max_hp_per_floor":[75,75,75,75,75,75,75,75,75,75,75,75,75,75,75,75,75,75],"card_choices":[{"not_picked":["Coolheaded","Barrage"],"picked":"Glacier","floor":1},{"not_picked":["Go for the Eyes","Buffer"],"picked":"Barrage","floor":5},{"not_picked":["Recycle","Lockon"],"picked":"Rebound","floor":7},{"not_picked":["Beam Cell","Hologram"],"picked":"Ball Lightning","floor":8},{"not_picked":["Conserve Battery","Sweeping Beam"],"picked":"Coolheaded","floor":10},{"not_picked":["Undo","Defragment"],"picked":"Turbo","floor":13},{"not_picked":["Consume","Defragment"],"picked":"Barrage","floor":14},{"not_picked":["Seek","Buffer"],"picked":"Biased Cognition","floor":16},{"not_picked":["Stack","Aggregate"],"picked":"BootSequence","floor":17},{"not_picked":["Force Field","Barrage"],"picked":"Glacier","floor":17},{"not_picked":["Fusion","Doom and Gloom"],"picked":"Hologram","floor":17}],"player_experience":496578,"relics_obtained":[{"floor":8,"key":"Ancient Tea Set"},{"floor":9,"key":"Potion Belt"},{"floor":10,"key":"Gremlin Horn"},{"floor":14,"key":"Oddly Smooth Stone"}],"event_choices":[{"event_name":"Golden Wing","player_choice":"Card Removal","floor":2,"damage_taken":0},{"event_name":"Golden Idol","player_choice":"Take Damage","floor":3,"damage_taken":0},{"event_name":"The Lab","player_choice":"Got Potions","floor":4,"damage_taken":0}],"is_beta":false,"boss_relics":[{"not_picked":["Runic Dome","Ectoplasm"],"picked":"Orrery"}],"items_purged_floors":[],"is_endless":false,"potions_floor_spawned":[1,7,8],"killed_by":"3 Byrds","ascension_level":4}