{"gold_per_floor":[113,113,113,123,142,142,177,177,477,489,501,195,110,137,137,137],"floor_reached":16,"playtime":449,"items_purged":[],"score":220,"play_id":"1e467135-5b87-46c9-8dac-ee95fe0362ae","local_time":"20190423073342","is_ascension_mode":true,"campfire_choices":[{"data":"Compile Driver","floor":6,"key":"SMITH"},{"floor":8,"key":"REST"},{"data":"Consume","floor":15,"key":"SMITH"}],"neow_cost":"NONE","seed_source_timestamp":258416707615643,"circlet_count":0,"master_deck":["AscendersBane","Strike_B","Strike_B","Strike_B","Strike_B","Defend_B","Defend_B","Defend_B","Defend_B","Zap+1","Dualcast","Conserve Battery","Cold Snap","Compile Driver+1","Doom and Gloom","Tempest","Defragment","Defragment","Ball Lightning","Consume+1"],"relics":["Cracked Core","NeowsBlessing","The Courier","Old Coin","Incense Burner","Molten Egg 2"],"potions_floor_usage":[7],"damage_taken":[{"damage":0,"enemies":"Small Slimes","floor":1,"turns":1},{"damage":0,"enemies":"Cultist","floor":4,"turns":1},{"damage":0,"enemies":"Jaw Worm","floor":5,"turns":1},{"damage":36,"enemies":"3 Sentries","floor":7,"turns":9},{"damage":15,"enemies":"Large Slime","floor":10,"turns":5},{"damage":9,"enemies":"Red Slaver","floor":11,"turns":2},{"damage":8,"enemies":"Gremlin Nob","floor":14,"turns":3},{"damage":13,"enemies":"Slime Boss","floor":16,"turns":7}],"seed_played":"-5174789905500083142","potions_obtained":[{"floor":7,"key":"Fruit Juice"},{"floor":10,"key":"LiquidBronze"},{"floor":11,"key":"SpeedPotion"}],"is_trial":false,"path_per_floor":["M","?","?","M","M","R","E","R","T","M","M","$","$","E","R","B"],"character_chosen":"DEFECT","items_purchased":["Incense Burner","Defragment","Defragment","Ball Lightning"],"campfire_rested":1,"item_purchase_floors":[12,12,13,13],"current_hp_per_floor":[64,64,54,54,54,54,23,45,45,30,21,21,21,13,13,0],"gold":137,"neow_bonus":"THREE_ENEMY_KILL","is_prod":false,"is_daily":false,"chose_seed":false,"campfire_upgraded":2,"win_rate":0,"timestamp":1556019222,"path_taken":["M","?","?","M","M","R","E","R","T","M","?","?","$","E","R","BOSS"],"build_version":"2019-01-23","purchased_purges":0,"victory":false,"max_hp_per_floor":[71,71,71,71,71,71,76,76,76,76,76,76,76,76,76,76],"card_choices":[{"not_picked":["Barrage","Redo"],"picked":"Conserve Battery","floor":1},{"not_picked":["Self Repair","Blizzard"],"picked":"Cold Snap","floor":4},{"not_picked":["Hyperbeam","Streamline"],"picked":"Compile Driver","floor":5},{"not_picked":["Meteor Strike","Hologram"],"picked":"Doom and Gloom","floor":7},{"not_picked":["Gash","Double Energy"],"picked":"Tempest","floor":10},{"not_picked":["Leap","Barrage","Turbo"],"picked":"SKIP","floor":11},{"not_picked":["Multi-Cast","Melter"],"picked":"Consume","floor":14}],"player_experience":922363,"relics_obtained":[{"floor":7,"key":"The Courier"},{"floor":9,"key":"Old Coin"},{"floor":14,"key":"Molten Egg 2"}],"event_choices":[{"damage_healed":0,"gold_gain":0,"player_choice":"Grow","damage_taken":0,"max_hp_gain":0,"max_hp_loss":0,"event_name":"Living Wall","floor":2,"gold_loss":0,"cards_upgraded":["Zap"]},{"damage_healed":0,"gold_gain":0,"player_choice":"Damaged","damage_taken":10,"max_hp_gain":0,"max_hp_loss":0,"event_name":"Wheel of Change","floor":3,"gold_loss":0}],"is_beta":false,"boss_relics":[],"items_purged_floors":[],"is_endless":false,"potions_floor_spawned":[7,10,11],"killed_by":"Slime Boss","ascension_level":20}