{"gold_per_floor":[17,17,17,96,117,117,117,117,192,227,227,246,259,283,283,404,404,417,148,148,163,163,163,163,195,195,294,294,313,341,353,353,452,452,462,462,51,71,88,120,120,151,178,178,196,214,17,29,29,29],"floor_reached":51,"playtime":2471,"items_purged":["Injury"],"score":1133,"play_id":"d13daab1-73a4-4a70-b7cc-dceec6cd4514","local_time":"20190411215130","is_ascension_mode":true,"campfire_choices":[{"data":"Loop","floor":6,"key":"SMITH"},{"data":"Dualcast","floor":8,"key":"SMITH"},{"data":"FTL","floor":11,"key":"SMITH"},{"data":"Consume","floor":15,"key":"SMITH"},{"data":"Self Repair","floor":23,"key":"SMITH"},{"data":"Defragment","floor":32,"key":"SMITH"},{"floor":41,"key":"RECALL"},{"floor":49,"key":"REST"}],"neow_cost":"NO_GOLD","seed_source_timestamp":89537912322888,"circlet_count":0,"master_deck":["Defend_B","Defend_B","Zap+1","Dualcast+1","Loop+1","BootSequence","FTL+1","Consume+1","Chaos","Go for the Eyes","Electrodynamics","Cold Snap+1","Self Repair+1","Turbo","Aggregate","Machine Learning","Defragment+1","Bite","Bite+1","Bite","Bite+1","Bite","Sweeping Beam","Coolheaded","Gash","Echo Form","Self Repair+1","HandOfGreed","Swift Strike","Go for the Eyes","Stack+1","Rip and Tear+1","FTL+1","Ball Lightning+1","Capacitor+1","Reprogram"],"relics":["Cracked Core","Mango","Bloody Idol","Cables","Bottled Tornado","Unceasing Top","Eternal Feather","Toy Ornithopter","Omamori","Ginger","Oddly Smooth Stone","Fusion Hammer","Gremlin Horn","Whetstone","Molten Egg 2","DataDisk","Centennial Puzzle","Ancient Tea Set"],"potions_floor_usage":[16,21,21,21,33,38,50],"damage_taken":[{"damage":20,"enemies":"Small Slimes","floor":1,"turns":4},{"damage":8,"enemies":"2 Louse","floor":5,"turns":3},{"damage":20,"enemies":"3 Sentries","floor":10,"turns":7},{"damage":2,"enemies":"Jaw Worm","floor":12,"turns":3},{"damage":5,"enemies":"3 Louse","floor":13,"turns":3},{"damage":8,"enemies":"Lots of Slimes","floor":14,"turns":3},{"damage":1,"enemies":"Hexaghost","floor":16,"turns":9},{"damage":7,"enemies":"Chosen","floor":18,"turns":4},{"damage":15,"enemies":"2 Thieves","floor":21,"turns":4},{"damage":23,"enemies":"Gremlin Leader","floor":25,"turns":7},{"damage":16,"enemies":"Cultist and Chosen","floor":29,"turns":4},{"damage":34,"enemies":"Book of Stabbing","floor":30,"turns":6},{"damage":10,"enemies":"Snake Plant","floor":31,"turns":4},{"damage":53,"enemies":"Champ","floor":33,"turns":10},{"damage":33,"enemies":"3 Darklings","floor":35,"turns":4},{"damage":15,"enemies":"Orb Walker","floor":38,"turns":3},{"damage":0,"enemies":"3 Darklings","floor":39,"turns":3},{"damage":30,"enemies":"Nemesis","floor":40,"turns":13},{"damage":7,"enemies":"Giant Head","floor":42,"turns":11},{"damage":3,"enemies":"Maw","floor":45,"turns":6},{"damage":12,"enemies":"Sphere and 2 Shapes","floor":46,"turns":4},{"damage":32,"enemies":"3 Darklings","floor":48,"turns":4},{"damage":12,"enemies":"Donu and Deca","floor":50,"turns":5}],"seed_played":"773973319819947266","potions_obtained":[{"floor":1,"key":"FairyPotion"},{"floor":10,"key":"Block Potion"},{"floor":13,"key":"Strength Potion"},{"floor":16,"key":"Dexterity Potion"},{"floor":18,"key":"Explosive Potion"},{"floor":30,"key":"Energy Potion"},{"floor":35,"key":"Poison Potion"},{"floor":45,"key":"Weak Potion"},{"floor":48,"key":"FocusPotion"}],"is_trial":false,"path_per_floor":["M","?","?","T","M","R","?","R","T","E","R","M","M","M","R","B",null,"M","$","?","M","?","R","?","E","T","?","?","M","E","M","R","B",null,"M","T","$","M","M","E","R","E","T","$","M","M","$","M","R","B",null],"character_chosen":"DEFECT","items_purchased":["Toy Ornithopter","HandOfGreed","Whetstone","Swift Strike","Ancient Tea Set","SkillPotion"],"campfire_rested":1,"item_purchase_floors":[19,37,37,37,47,47],"current_hp_per_floor":[62,62,62,62,54,54,54,54,54,34,34,32,27,19,19,18,71,64,64,64,71,71,83,83,75,75,80,62,62,49,58,62,45,58,42,42,42,49,62,62,62,62,62,62,62,62,62,57,62,62],"gold":29,"neow_bonus":"ONE_RARE_RELIC","is_prod":false,"is_daily":false,"chose_seed":false,"campfire_upgraded":6,"win_rate":0,"timestamp":1555044690,"path_taken":["M","?","?","?","M","R","?","R","T","E","R","?","M","M","R","BOSS","M","$","?","M","?","R","?","E","T","?","?","?","E","M","R","BOSS","M","?","$","?","M","E","R","E","T","?","M","?","$","M","R","BOSS"],"build_version":"2019-01-23","purchased_purges":1,"victory":true,"max_hp_per_floor":[89,89,89,89,89,89,89,89,89,89,89,89,89,89,89,89,89,89,89,89,89,89,89,89,89,89,89,62,62,62,62,62,62,62,62,62,62,62,62,62,62,62,62,62,62,62,62,62,62,62],"card_choices":[{"not_picked":["Skim","Compile Driver"],"picked":"Loop","floor":1},{"not_picked":["Rebound","Undo"],"picked":"BootSequence","floor":5},{"not_picked":["Cold Snap","Compile Driver"],"picked":"FTL","floor":10},{"not_picked":["Tempest","Streamline"],"picked":"Consume","floor":12},{"not_picked":["Streamline","Rebound"],"picked":"Chaos","floor":13},{"not_picked":["Redo","Coolheaded"],"picked":"Go for the Eyes","floor":14},{"not_picked":["Rainbow","All For One"],"picked":"Electrodynamics","floor":16},{"not_picked":["Coolheaded+1","Go for the Eyes"],"picked":"Cold Snap+1","floor":18},{"not_picked":["Sweeping Beam","Coolheaded"],"picked":"Turbo","floor":21},{"not_picked":["Rebound+1","Leap"],"picked":"Defragment","floor":25},{"not_picked":["Rebound","Gash"],"picked":"Sweeping Beam","floor":29},{"not_picked":["FTL","Barrage"],"picked":"Coolheaded","floor":30},{"not_picked":["Multi-Cast","Coolheaded"],"picked":"Gash","floor":31},{"not_picked":["Machine Learning","Creative AI"],"picked":"Echo Form","floor":33},{"not_picked":["Hologram","Go for the Eyes"],"picked":"Self Repair+1","floor":35},{"not_picked":["Ball Lightning","Compile Driver+1"],"picked":"Go for the Eyes","floor":38},{"not_picked":["Reprogram+1","Compile Driver"],"picked":"Stack+1","floor":39},{"not_picked":["Compile Driver+1","Steam+1"],"picked":"Rip and Tear+1","floor":40},{"not_picked":["Stack+1","Sweeping Beam+1"],"picked":"FTL+1","floor":42},{"not_picked":["Barrage+1","Meteor Strike+1"],"picked":"Ball Lightning+1","floor":45},{"not_picked":["Rip and Tear+1","Doom and Gloom+1"],"picked":"Capacitor+1","floor":46},{"not_picked":["Glacier","Conserve Battery"],"picked":"Reprogram","floor":48}],"player_experience":558405,"relics_obtained":[{"floor":4,"key":"Cables"},{"floor":9,"key":"Bottled Tornado"},{"floor":10,"key":"Unceasing Top"},{"floor":25,"key":"Omamori"},{"floor":26,"key":"Ginger"},{"floor":30,"key":"Oddly Smooth Stone"},{"floor":36,"key":"Gremlin Horn"},{"floor":40,"key":"Molten Egg 2"},{"floor":42,"key":"DataDisk"},{"floor":43,"key":"Centennial Puzzle"}],"event_choices":[{"damage_healed":0,"gold_gain":0,"player_choice":"Take Wound","damage_taken":0,"relics_obtained":["Golden Idol"],"max_hp_gain":0,"max_hp_loss":0,"event_name":"Golden Idol","floor":2,"gold_loss":0,"cards_obtained":["Injury"]},{"damage_healed":0,"gold_gain":0,"player_choice":"Leave","damage_taken":0,"max_hp_gain":0,"max_hp_loss":0,"event_name":"The Cleric","floor":3,"gold_loss":0},{"damage_healed":0,"gold_gain":0,"player_choice":"Upgraded","damage_taken":0,"max_hp_gain":0,"max_hp_loss":0,"event_name":"Upgrade Shrine","floor":7,"gold_loss":0,"cards_upgraded":["Zap"]},{"damage_healed":0,"gold_gain":0,"player_choice":"Read","damage_taken":0,"max_hp_gain":0,"max_hp_loss":0,"event_name":"The Library","floor":20,"gold_loss":0,"cards_obtained":["Self Repair"]},{"damage_healed":0,"gold_gain":0,"cards_transformed":["Defend_B","Defend_B"],"player_choice":"Became Test Subject","damage_taken":0,"max_hp_gain":0,"max_hp_loss":0,"event_name":"Drug Dealer","floor":22,"gold_loss":0,"cards_obtained":["Aggregate","Machine Learning"]},{"damage_healed":0,"gold_gain":0,"player_choice":"Gave Idol","damage_taken":0,"relics_obtained":["Bloody Idol"],"max_hp_gain":0,"max_hp_loss":0,"event_name":"Forgotten Altar","floor":24,"relics_lost":["Golden Idol"],"gold_loss":0},{"damage_healed":0,"gold_gain":99,"player_choice":"Stole From Cult","damage_taken":0,"max_hp_gain":0,"max_hp_loss":0,"event_name":"Nest","floor":27,"gold_loss":0},{"damage_healed":0,"gold_gain":0,"player_choice":"Became a vampire","damage_taken":0,"max_hp_gain":0,"max_hp_loss":27,"event_name":"Vampires","floor":28,"gold_loss":0,"cards_obtained":["Bite","Bite","Bite","Bite","Bite"]}],"is_beta":false,"boss_relics":[{"not_picked":["Orrery","Snecko Eye"],"picked":"Eternal Feather"},{"not_picked":["FrozenCore","Runic Dome"],"picked":"Fusion Hammer"}],"items_purged_floors":[19],"is_endless":false,"potions_floor_spawned":[1,10,13,16,18,30,35,45,48],"ascension_level":8}