{"gold_per_floor":[15,15,38,38,38,38,53,71,71,95,128,128,151,151,151,270,270,290,215,215,215],"floor_reached":21,"playtime":1132,"items_purged":[],"score":204,"play_id":"69a6ff1a-5e58-4e3b-99a6-cd2b748a5f8f","local_time":"20190416162952","is_ascension_mode":false,"campfire_choices":[{"floor":6,"key":"RECALL"},{"floor":12,"key":"REST"},{"floor":15,"key":"REST"}],"neow_cost":"NO_GOLD","seed_source_timestamp":518688594069982,"circlet_count":0,"master_deck":["Strike_B","Strike_B","Strike_B","Strike_B","Defend_B","Defend_B","Defend_B","Defend_B","Zap","Dualcast","Glacier","Injury","Melter","Pain","White Noise","Self Repair","Capacitor","Defragment","Barrage","Regret","Buffer","Turbo","Loop"],"relics":["Cracked Core","Bloody Idol","WarpedTongs","Nunchaku","Boot","Snecko Eye"],"potions_floor_usage":[11,16,18],"damage_taken":[{"damage":2,"enemies":"Small Slimes","floor":1,"turns":3},{"damage":2,"enemies":"2 Louse","floor":3,"turns":2},{"damage":3,"enemies":"Cultist","floor":7,"turns":3},{"damage":11,"enemies":"2 Fungi Beasts","floor":8,"turns":3},{"damage":4,"enemies":"3 Louse","floor":10,"turns":2},{"damage":29,"enemies":"3 Sentries","floor":11,"turns":12},{"damage":20,"enemies":"Exordium Thugs","floor":13,"turns":4},{"damage":43,"enemies":"Hexaghost","floor":16,"turns":10},{"damage":36,"enemies":"Chosen","floor":18,"turns":5},{"damage":32,"enemies":"2 Thieves","floor":19,"turns":5},{"damage":38,"enemies":"Shelled Parasite and Fungi","floor":21,"turns":4}],"seed_played":"-7049509375399118209","potions_obtained":[{"floor":7,"key":"PowerPotion"},{"floor":8,"key":"AttackPotion"},{"floor":13,"key":"Fruit Juice"}],"is_trial":false,"path_per_floor":["M","?","M","?","?","R","M","M","T","M","E","R","M","?","R","B",null,"M","M","?","M"],"character_chosen":"DEFECT","items_purchased":[],"campfire_rested":2,"item_purchase_floors":[],"current_hp_per_floor":[87,87,85,85,85,85,82,71,71,74,52,78,65,65,89,58,94,68,36,36,0],"gold":215,"neow_bonus":"TWENTY_PERCENT_HP_BONUS","is_prod":false,"is_daily":false,"chose_seed":false,"campfire_upgraded":0,"win_rate":0,"timestamp":1555457392,"path_taken":["M","?","M","?","?","R","M","M","T","?","E","R","M","?","R","BOSS","M","M","?","M"],"build_version":"2019-01-23","purchased_purges":0,"victory":false,"max_hp_per_floor":[89,89,89,89,89,89,89,89,89,89,89,89,89,89,89,94,94,94,94,94,94],"card_choices":[{"not_picked":["Barrage","Skim"],"picked":"Glacier","floor":1},{"not_picked":["Recycle","Compile Driver"],"picked":"Melter","floor":3},{"not_picked":["Turbo","Stack"],"picked":"White Noise","floor":7},{"not_picked":["Recycle","Stack"],"picked":"Self Repair","floor":8},{"not_picked":["Rebound","Compile Driver"],"picked":"Capacitor","floor":10},{"not_picked":["Go for the Eyes","Consume"],"picked":"Defragment","floor":11},{"not_picked":["Sweeping Beam","Cold Snap"],"picked":"Barrage","floor":13},{"not_picked":["All For One","Rainbow"],"picked":"Buffer","floor":16},{"not_picked":["Compile Driver","Barrage"],"picked":"Turbo","floor":18},{"not_picked":["Compile Driver","Steam Power"],"picked":"Loop","floor":19}],"player_experience":500989,"relics_obtained":[{"floor":11,"key":"Nunchaku"}],"event_choices":[{"damage_healed":0,"gold_gain":0,"player_choice":"Take Wound","damage_taken":0,"relics_obtained":["Golden Idol"],"max_hp_gain":0,"max_hp_loss":0,"event_name":"Golden Idol","floor":2,"gold_loss":0,"cards_obtained":["Injury"]},{"damage_healed":0,"gold_gain":0,"player_choice":"Leave","damage_taken":0,"max_hp_gain":0,"max_hp_loss":0,"event_name":"The Cleric","floor":4,"gold_loss":0},{"damage_healed":0,"gold_gain":0,"player_choice":"Rummage","damage_taken":0,"relics_obtained":["WarpedTongs"],"max_hp_gain":0,"max_hp_loss":0,"event_name":"Accursed Blacksmith","floor":5,"gold_loss":0,"cards_obtained":["Pain"]},{"damage_healed":0,"gold_gain":0,"player_choice":"Box","damage_taken":0,"relics_obtained":["Boot"],"max_hp_gain":0,"max_hp_loss":0,"event_name":"Big Fish","floor":14,"gold_loss":0,"cards_obtained":["Regret"]},{"damage_healed":0,"gold_gain":0,"player_choice":"Gave Idol","damage_taken":0,"relics_obtained":["Bloody Idol"],"max_hp_gain":0,"max_hp_loss":0,"event_name":"Forgotten Altar","floor":20,"relics_lost":["Golden Idol"],"gold_loss":0}],"is_beta":false,"boss_relics":[{"not_picked":["Philosopher\u0027s Stone","Coffee Dripper"],"picked":"Snecko Eye"}],"items_purged_floors":[],"is_endless":false,"potions_floor_spawned":[7,8,13],"killed_by":"Shelled Parasite and Fungi","ascension_level":0}