{"gold_per_floor":[116,134,134,134,146,158,205,217,255,306,318,350,50,68,68,193,193,208,208,208,87,102,102,65,65,92,17,17,142,142,155,155,275,275,289,289,309,328,343,343,303,319,319,342,342,342,342,5,5,5],"floor_reached":50,"playtime":2067,"items_purged":[],"score":639,"play_id":"37749df6-fc4e-4015-b520-ba2975dda3e2","local_time":"20190402203716","is_ascension_mode":true,"campfire_choices":[{"data":"Lockon","floor":6,"key":"SMITH"},{"data":"Beam Cell","floor":8,"key":"SMITH"},{"floor":11,"key":"REST"},{"data":"Zap","floor":15,"key":"SMITH"},{"data":"Double Energy","floor":23,"key":"SMITH"},{"data":"Loop","floor":25,"key":"SMITH"},{"floor":30,"key":"DIG"},{"floor":32,"key":"REST"},{"floor":40,"key":"REST"},{"floor":47,"key":"REST"},{"floor":49,"key":"REST"}],"neow_cost":"NONE","seed_source_timestamp":1769201037127887,"circlet_count":0,"master_deck":["Strike_B+1","Defend_B+1","Defend_B+1","Defend_B+1","Zap+1","Dualcast","Lockon+1","Compile Driver+1","Thunder Strike+1","Capacitor","Self Repair","Streamline+1","Sweeping Beam+1","FTL+1","Amplify","Conserve Battery+1","Machine Learning+1","Hyperbeam+1","Sunder+1","Echo Form","Ball Lightning+1","Loop+1","Turbo","Double Energy+1","Storm","Storm","Conserve Battery","Loop","Thunder Strike+1","Static Discharge+1","Double Energy","Static Discharge+1","Skim","Conserve Battery+1","Loop+1"],"relics":["Cracked Core","NeowsBlessing","Golden Idol","MawBank","Pen Nib","Whetstone","Molten Egg 2","Orichalcum","Astrolabe","Lantern","MutagenicStrength","Shovel","Bottled Flame","Happy Flower","Nuclear Battery","PreservedInsect","ClockworkSouvenir","Bag of Marbles"],"potions_floor_usage":[10,16,16,22,31,33,37,37,39,44,50],"damage_taken":[{"damage":0,"enemies":"Small Slimes","floor":1,"turns":1},{"damage":0,"enemies":"2 Louse","floor":2,"turns":1},{"damage":0,"enemies":"Gremlin Nob","floor":7,"turns":1},{"damage":42,"enemies":"3 Sentries","floor":10,"turns":7},{"damage":0,"enemies":"Cultist","floor":12,"turns":2},{"damage":0,"enemies":"Large Slime","floor":14,"turns":3},{"damage":22,"enemies":"Hexaghost","floor":16,"turns":5},{"damage":2,"enemies":"3 Byrds","floor":18,"turns":4},{"damage":2,"enemies":"Chosen","floor":22,"turns":3},{"damage":21,"enemies":"Colosseum Slavers","floor":29,"turns":2},{"damage":1,"enemies":"Colosseum Nobs","floor":29,"turns":3},{"damage":11,"enemies":"Centurion and Healer","floor":31,"turns":3},{"damage":45,"enemies":"Automaton","floor":33,"turns":7},{"damage":14,"enemies":"Orb Walker","floor":35,"turns":3},{"damage":17,"enemies":"3 Shapes","floor":37,"turns":2},{"damage":0,"enemies":"3 Darklings","floor":38,"turns":2},{"damage":16,"enemies":"Writhing Mass","floor":39,"turns":4},{"damage":4,"enemies":"Maw","floor":42,"turns":5},{"damage":23,"enemies":"4 Shapes","floor":44,"turns":2},{"damage":82,"enemies":"Awakened One","floor":50,"turns":3}],"seed_played":"4167636705610956786","potions_obtained":[{"floor":7,"key":"Weak Potion"},{"floor":10,"key":"PowerPotion"},{"floor":12,"key":"FocusPotion"},{"floor":16,"key":"Weak Potion"},{"floor":22,"key":"Weak Potion"},{"floor":29,"key":"Weak Potion"},{"floor":35,"key":"EntropicBrew"},{"floor":39,"key":"SpeedPotion"}],"is_trial":false,"path_per_floor":["M","M","?","?","?","R","E","R","T","E","R","M","$","M","R","B",null,"M","?","?","$","M","R","$","R","T","$","?","?","R","M","R","B",null,"M","?","M","M","M","R","?","M","T","M","?","T","R","$","R","B"],"character_chosen":"DEFECT","items_purchased":["Self Repair","Orichalcum","Streamline+1","Sweeping Beam+1","Loop","Turbo","Storm","Storm","ClockworkSouvenir","Bag of Marbles"],"campfire_rested":5,"item_purchase_floors":[13,13,13,13,21,21,24,27,48,48],"current_hp_per_floor":[75,75,75,63,63,63,63,63,63,21,43,43,43,43,43,28,63,61,61,61,61,59,59,59,59,59,59,59,44,44,33,55,17,61,61,61,44,44,35,57,57,53,53,30,30,30,52,52,74,0],"gold":5,"neow_bonus":"THREE_ENEMY_KILL","is_prod":false,"is_daily":false,"chose_seed":false,"campfire_upgraded":5,"win_rate":0,"timestamp":1554262636,"path_taken":["M","M","?","?","?","R","E","R","T","E","R","M","$","?","R","BOSS","M","?","?","$","?","R","$","R","T","$","?","?","R","M","R","BOSS","M","?","?","M","M","R","?","?","T","M","?","?","R","$","R","BOSS"],"build_version":"2019-01-23","purchased_purges":0,"victory":false,"max_hp_per_floor":[75,75,75,75,75,75,75,75,75,75,75,75,75,75,75,75,75,75,75,75,75,75,75,75,75,75,75,75,75,75,75,75,75,75,75,75,75,75,75,75,75,75,75,75,75,75,75,75,75,75],"card_choices":[{"not_picked":["Conserve Battery","Tempest"],"picked":"Lockon","floor":1},{"not_picked":["Stack","Compile Driver"],"picked":"Beam Cell","floor":2},{"not_picked":["Tempest","Glacier"],"picked":"Compile Driver","floor":7},{"not_picked":["BootSequence","Coolheaded"],"picked":"Thunder Strike","floor":10},{"not_picked":["Rebound+1","Darkness"],"picked":"Capacitor","floor":12},{"not_picked":["Ball Lightning+1","Streamline+1"],"picked":"FTL+1","floor":14},{"not_picked":["Thunder Strike+1","Fission"],"picked":"Amplify","floor":16},{"not_picked":["Stack","Tempest+1"],"picked":"Sunder+1","floor":18},{"not_picked":["Conserve Battery","Redo"],"picked":"Double Energy","floor":22},{"not_picked":["Reinforced Body","Gash+1"],"picked":"Conserve Battery","floor":29},{"not_picked":["Rainbow","Sunder+1"],"picked":"Loop","floor":31},{"not_picked":["Hyperbeam+1","All For One+1"],"picked":"Thunder Strike+1","floor":33},{"not_picked":["Conserve Battery+1","Go for the Eyes+1"],"picked":"Static Discharge","floor":35},{"not_picked":["Go for the Eyes+1","Barrage+1"],"picked":"Static Discharge+1","floor":37},{"not_picked":["Streamline+1","Tempest"],"picked":"Skim","floor":38},{"not_picked":["Steam Power+1","Gash+1","Sweeping Beam+1"],"picked":"SKIP","floor":39},{"not_picked":["Coolheaded","Sweeping Beam+1"],"picked":"Conserve Battery+1","floor":42},{"not_picked":["Double Energy","Go for the Eyes+1"],"picked":"Loop+1","floor":44}],"player_experience":493246,"relics_obtained":[{"floor":7,"key":"Pen Nib"},{"floor":9,"key":"Whetstone"},{"floor":10,"key":"Molten Egg 2"},{"floor":26,"key":"Lantern"},{"floor":29,"key":"Shovel"},{"floor":29,"key":"Bottled Flame"},{"floor":30,"key":"Happy Flower"},{"floor":46,"key":"PreservedInsect"}],"event_choices":[{"damage_healed":0,"gold_gain":0,"player_choice":"Take Wound","damage_taken":0,"relics_obtained":["Golden Idol"],"max_hp_gain":0,"max_hp_loss":0,"event_name":"Golden Idol","floor":3,"gold_loss":0,"cards_obtained":["Injury"]},{"damage_healed":0,"gold_gain":0,"player_choice":"Success","damage_taken":12,"relics_obtained":["MawBank"],"max_hp_gain":0,"max_hp_loss":0,"event_name":"Scrap Ooze","floor":4,"gold_loss":0},{"cards_removed":["Injury"],"damage_healed":0,"gold_gain":0,"player_choice":"Removed Curses","damage_taken":0,"max_hp_gain":0,"max_hp_loss":0,"event_name":"Fountain of Cleansing","floor":5,"gold_loss":0},{"damage_healed":0,"gold_gain":0,"player_choice":"Simplicity","damage_taken":0,"max_hp_gain":0,"max_hp_loss":0,"event_name":"Back to Basics","floor":19,"gold_loss":0,"cards_upgraded":["Strike_B","Defend_B","Defend_B","Defend_B"]},{"damage_healed":0,"gold_gain":0,"player_choice":"2 cards matched","damage_taken":0,"max_hp_gain":0,"max_hp_loss":0,"event_name":"Match and Keep!","floor":20,"gold_loss":0,"cards_obtained":["Echo Form","Ball Lightning"]},{"damage_healed":0,"gold_gain":0,"player_choice":"Inject Mutagens","damage_taken":0,"relics_obtained":["MutagenicStrength"],"max_hp_gain":0,"max_hp_loss":0,"event_name":"Drug Dealer","floor":28,"gold_loss":0},{"damage_healed":0,"gold_gain":0,"player_choice":"Fight","damage_taken":0,"max_hp_gain":0,"max_hp_loss":0,"event_name":"Colosseum","floor":29,"gold_loss":0},{"damage_healed":0,"gold_gain":0,"player_choice":"Fought Nobs","damage_taken":0,"max_hp_gain":0,"max_hp_loss":0,"event_name":"Colosseum","floor":29,"gold_loss":0},{"damage_healed":0,"gold_gain":0,"cards_transformed":["Strike_B"],"player_choice":"Transformed","damage_taken":0,"max_hp_gain":0,"max_hp_loss":0,"event_name":"Transmorgrifier","floor":36,"gold_loss":0,"cards_obtained":["Double Energy"]},{"damage_healed":0,"gold_gain":0,"player_choice":"Upgrade","damage_taken":0,"max_hp_gain":0,"max_hp_loss":0,"event_name":"Designer","floor":41,"gold_loss":40,"cards_upgraded":["Static Discharge"]},{"cards_removed":["Beam Cell"],"damage_healed":0,"gold_gain":0,"player_choice":"Removed Attack","damage_taken":0,"max_hp_gain":0,"max_hp_loss":0,"event_name":"Falling","floor":45,"gold_loss":0}],"is_beta":false,"boss_relics":[{"not_picked":["Eternal Feather","Orrery"],"picked":"Astrolabe"},{"not_picked":["Coffee Dripper","Fusion Hammer"],"picked":"Nuclear Battery"}],"items_purged_floors":[],"is_endless":false,"potions_floor_spawned":[7,10,12,16,22,29,29,35,39],"killed_by":"Awakened One","ascension_level":5}