{"gold_per_floor":[110,110,122,132,132,132,161,181,181,215,215,240,240,254,254,329,329,345,47,60,60,75,75,75,75,101,101,120,120,147,247,247,324,324,338,15,15,26,26,26,40,40],"floor_reached":42,"playtime":1648,"items_purged":["Strike_B","Strike_B"],"score":933,"play_id":"783bb27e-64fa-4734-b14d-d1dd8ac53c62","local_time":"20190507235350","is_ascension_mode":true,"campfire_choices":[{"data":"Zap","floor":6.0,"key":"SMITH"},{"floor":11.0,"key":"REST"},{"data":"Consume","floor":15.0,"key":"SMITH"},{"data":"Fission","floor":23.0,"key":"SMITH"},{"data":"Turbo","floor":25.0,"key":"SMITH"},{"data":"Dualcast","floor":29.0,"key":"SMITH"},{"data":"Turbo","floor":32.0,"key":"SMITH"},{"data":"Heatsinks","floor":40.0,"key":"SMITH"}],"neow_cost":"TEN_PERCENT_HP_LOSS","seed_source_timestamp":1124712401449948,"circlet_count":0,"master_deck":["AscendersBane","Defend_B","Defend_B","Defend_B","Defend_B","Zap+1","Dualcast+1","Core Surge","Auto Shields","Storm","Cold Snap","Consume+1","Capacitor","Turbo+1","Undo","Static Discharge","Biased Cognition","Cold Snap","Ball Lightning","Rainbow","Fission+1","Ghostly","Ghostly","Ghostly","Heatsinks+1","Conserve Battery+1","Coolheaded","Turbo+1","Multi-Cast","Glacier","Capacitor+1","Recycle","Hologram","Hologram","Compile Driver+1","Hologram"],"special_seed":0,"relics":["Cracked Core","Cables","Pocketwatch","Prayer Wheel","Blue Candle","Lizard Tail","Chemical X","DataDisk","Molten Egg 2","Shovel","Ornamental Fan","Coffee Dripper","Membership Card"],"potions_floor_usage":[],"damage_taken":[{"damage":4.0,"enemies":"Small Slimes","floor":1.0,"turns":3.0},{"damage":7.0,"enemies":"Jaw Worm","floor":3.0,"turns":5.0},{"damage":8.0,"enemies":"2 Louse","floor":4.0,"turns":3.0},{"damage":12.0,"enemies":"Lagavulin","floor":7.0,"turns":6.0},{"damage":0.0,"enemies":"2 Fungi Beasts","floor":8.0,"turns":3.0},{"damage":28.0,"enemies":"3 Sentries","floor":10.0,"turns":9.0},{"damage":4.0,"enemies":"Lagavulin","floor":12.0,"turns":6.0},{"damage":1.0,"enemies":"3 Louse","floor":14.0,"turns":4.0},{"damage":2.0,"enemies":"Hexaghost","floor":16.0,"turns":8.0},{"damage":0.0,"enemies":"Chosen","floor":18.0,"turns":3.0},{"damage":5.0,"enemies":"Shell Parasite","floor":20.0,"turns":5.0},{"damage":12.0,"enemies":"Snake Plant","floor":22.0,"turns":5.0},{"damage":0.0,"enemies":"Slavers","floor":24.0,"turns":1.0},{"damage":0.0,"enemies":"3 Cultists","floor":28.0,"turns":5.0},{"damage":15.0,"enemies":"Gremlin Leader","floor":30.0,"turns":7.0},{"damage":0.0,"enemies":"Colosseum Slavers","floor":31.0,"turns":5.0},{"damage":47.0,"enemies":"Colosseum Nobs","floor":31.0,"turns":5.0},{"damage":13.0,"enemies":"Automaton","floor":33.0,"turns":9.0},{"damage":1.0,"enemies":"3 Shapes","floor":35.0,"turns":5.0},{"damage":5.0,"enemies":"3 Darklings","floor":38.0,"turns":5.0},{"damage":0,"enemies":"4 Shapes","floor":41,"turns":5},{"damage":21,"enemies":"Jaw Worm Horde","floor":42,"turns":1}],"seed_played":"6980280005789957732","potions_obtained":[{"floor":3.0,"key":"Poison Potion"},{"floor":12.0,"key":"Fire Potion"},{"floor":14.0,"key":"Fire Potion"},{"floor":20.0,"key":"Dexterity Potion"},{"floor":22.0,"key":"SmokeBomb"},{"floor":28.0,"key":"LiquidBronze"}],"is_trial":false,"path_per_floor":["M","?","M","M","T","R","E","M","T","E","R","E","?","M","R","B",null,"M","$","M","?","M","R","E","R","T","?","M","R","E","?","R","B",null,"M","$","?","M","?","R","M","M"],"character_chosen":"DEFECT","items_purchased":["Chemical X","Membership Card","Recycle"],"campfire_rested":1,"item_purchase_floors":[19,36,36],"current_hp_per_floor":[60,60,53,45,45,45,33,33,33,5,24,20,9,8,8,6,50,50,50,45,28,16,16,16,16,16,16,16,16,1,17,17,4,27,26,26,26,21,21,21,21,0],"gold":40,"neow_bonus":"THREE_RARE_CARDS","is_prod":false,"is_daily":false,"chose_seed":false,"campfire_upgraded":7,"win_rate":0,"timestamp":1557244430,"path_taken":["M","?","M","M","?","R","E","M","T","E","R","E","?","M","R","BOSS","M","$","M","?","M","R","E","R","T","?","M","R","E","?","R","BOSS","M","$","?","M","?","R","M","M"],"build_version":"2019-01-23","purchased_purges":2,"victory":false,"max_hp_per_floor":[64,64,64,64,64,64,64,64,64,64,64,64,64,64,64,64,64,64,64,64,69,69,69,69,69,69,34,34,34,34,34,34,34,34,34,34,34,34,34,34,34,34],"card_choices":[{"not_picked":["Creative AI","Reboot"],"picked":"Core Surge","floor":0.0},{"not_picked":["Streamline","Redo"],"picked":"Auto Shields","floor":1.0},{"not_picked":["Redo","Sweeping Beam","Gash"],"picked":"SKIP","floor":3.0},{"not_picked":["Tempest","Streamline"],"picked":"Cold Snap","floor":4.0},{"not_picked":["Stack","Undo"],"picked":"Consume","floor":7.0},{"not_picked":["Rebound","Sweeping Beam"],"picked":"Capacitor","floor":8.0},{"not_picked":["Chaos","Reboot"],"picked":"Turbo","floor":10.0},{"not_picked":["Lockon","Fusion"],"picked":"Undo","floor":12.0},{"not_picked":["Chill","Auto Shields"],"picked":"Static Discharge","floor":14.0},{"not_picked":["Steam Power","Auto Shields","Go for the Eyes"],"picked":"SKIP","floor":14.0},{"not_picked":["Electrodynamics","Fission"],"picked":"Biased Cognition","floor":16.0},{"not_picked":["Leap+1","Gash"],"picked":"Cold Snap","floor":18.0},{"not_picked":["Redo","Consume","Static Discharge"],"picked":"SKIP","floor":18.0},{"not_picked":["Redo","Blizzard"],"picked":"Ball Lightning","floor":20.0},{"not_picked":["Ball Lightning","Gash"],"picked":"Rainbow","floor":20.0},{"not_picked":["Coolheaded","Compile Driver"],"picked":"Fission","floor":22.0},{"not_picked":["Doom and Gloom","Consume","Ball Lightning+1"],"picked":"SKIP","floor":22.0},{"not_picked":["Steam","Turbo"],"picked":"Heatsinks","floor":28.0},{"not_picked":["Go for the Eyes+1","Rebound"],"picked":"Conserve Battery+1","floor":28.0},{"not_picked":["Amplify","Beam Cell"],"picked":"Coolheaded","floor":30.0},{"not_picked":["Coolheaded","Steam"],"picked":"Turbo","floor":31.0},{"not_picked":["Creative AI","Reboot"],"picked":"Multi-Cast","floor":33.0},{"not_picked":["Redo+1","Stack+1"],"picked":"Glacier","floor":35.0},{"not_picked":["Doom and Gloom+1","Go for the Eyes+1"],"picked":"Capacitor+1","floor":35.0},{"not_picked":["Consume+1","Ball Lightning+1"],"picked":"Hologram","floor":38.0},{"not_picked":["Cold Snap+1","Double Energy"],"picked":"Hologram","floor":38.0},{"not_picked":["Lockon+1","Conserve Battery"],"picked":"Compile Driver+1","floor":41},{"not_picked":["Streamline+1","Gash+1"],"picked":"Hologram","floor":41}],"player_experience":1588486,"relics_obtained":[{"floor":5.0,"key":"Cables"},{"floor":7.0,"key":"Pocketwatch"},{"floor":12.0,"key":"Prayer Wheel"},{"floor":26.0,"key":"DataDisk"},{"floor":30.0,"key":"Molten Egg 2"},{"floor":31.0,"key":"Shovel"},{"floor":31.0,"key":"Ornamental Fan"}],"event_choices":[{"damage_healed":0.0,"max_hp_gain":0.0,"max_hp_loss":0.0,"gold_gain":0.0,"cards_transformed":["Strike_B"],"event_name":"Living Wall","player_choice":"Change","floor":2.0,"gold_loss":0.0,"damage_taken":0.0,"cards_obtained":["Storm"]},{"damage_healed":0.0,"max_hp_gain":0.0,"max_hp_loss":0.0,"gold_gain":0.0,"event_name":"Scrap Ooze","player_choice":"Success","floor":13.0,"gold_loss":0.0,"damage_taken":11.0,"relics_obtained":["Blue Candle"]},{"damage_healed":0.0,"max_hp_gain":5.0,"max_hp_loss":0.0,"gold_gain":0.0,"event_name":"Forgotten Altar","player_choice":"Shed Blood","floor":21.0,"gold_loss":0.0,"damage_taken":22.0},{"damage_healed":0.0,"max_hp_gain":0.0,"max_hp_loss":35.0,"gold_gain":0.0,"event_name":"Ghosts","player_choice":"Became a Ghost","floor":27.0,"gold_loss":0.0,"damage_taken":0.0,"cards_obtained":["Ghostly","Ghostly","Ghostly"]},{"damage_healed":0.0,"max_hp_gain":0.0,"max_hp_loss":0.0,"gold_gain":0.0,"event_name":"Colosseum","player_choice":"Fight","floor":31.0,"gold_loss":0.0,"damage_taken":0.0},{"damage_healed":0.0,"max_hp_gain":0.0,"max_hp_loss":0.0,"gold_gain":0.0,"event_name":"Colosseum","player_choice":"Fought Nobs","floor":31.0,"gold_loss":0.0,"damage_taken":0.0},{"damage_healed":0.0,"max_hp_gain":0.0,"max_hp_loss":0.0,"gold_gain":0.0,"event_name":"SensoryStone","player_choice":"Memory 1","floor":37.0,"gold_loss":0.0,"damage_taken":0.0},{"cards_removed":["Strike_B"],"damage_healed":0.0,"max_hp_gain":0.0,"max_hp_loss":0.0,"gold_gain":0.0,"event_name":"Purifier","player_choice":"Purged","floor":39.0,"gold_loss":0.0,"damage_taken":0.0}],"is_beta":false,"boss_relics":[{"not_picked":["Snecko Eye","Fusion Hammer"],"picked":"Lizard Tail"},{"not_picked":["Empty Cage","Tiny House"],"picked":"Coffee Dripper"}],"items_purged_floors":[19,36],"is_endless":false,"potions_floor_spawned":[3,12,14,16,20,22,28,31,35,38],"killed_by":"Jaw Worm Horde","ascension_level":20}