{"gold_per_floor":[113,127,302,9,27,27,27,37,37,63,80,80,95,95],"floor_reached":14,"playtime":1752,"items_purged":[],"score":92,"play_id":"d8a0c3de-8c80-4f44-952d-8010bfef3716","local_time":"20190427180547","is_ascension_mode":false,"campfire_choices":[{"data":"White Noise","floor":7,"key":"SMITH"},{"data":"White Noise","floor":12,"key":"SMITH"}],"neow_cost":"NONE","seed_source_timestamp":1451963141317830,"circlet_count":0,"master_deck":["Strike_B","Strike_B","Strike_B","Strike_B","Defend_B","Defend_B","Defend_B","Defend_B","Zap","Dualcast","Creative AI","Beam Cell","Leap","White Noise+1","Stack","White Noise+1","Rip and Tear","FTL","Cold Snap"],"relics":["Cracked Core","Shuriken","Letter Opener"],"potions_floor_usage":[],"damage_taken":[{"damage":0,"enemies":"2 Louse","floor":1,"turns":3},{"damage":2,"enemies":"Small Slimes","floor":2,"turns":3},{"damage":1,"enemies":"Cultist","floor":5,"turns":4},{"damage":23,"enemies":"Large Slime","floor":8,"turns":7},{"damage":28,"enemies":"3 Sentries","floor":10,"turns":4},{"damage":7,"enemies":"3 Louse","floor":11,"turns":3},{"damage":12,"enemies":"Exordium Thugs","floor":13,"turns":4},{"damage":3,"enemies":"Red Slaver","floor":14,"turns":2}],"seed_played":"-7597579621079823724","potions_obtained":[{"floor":8,"key":"EssenceOfSteel"},{"floor":10,"key":"Energy Potion"},{"floor":13,"key":"Fire Potion"}],"is_trial":false,"path_per_floor":["M","M","?","$","M","?","R","M","T","E","M","R","M","M"],"character_chosen":"DEFECT","items_purchased":["White Noise","Shuriken"],"campfire_rested":0,"item_purchase_floors":[4,4],"current_hp_per_floor":[75,73,73,73,72,72,72,49,49,21,14,14,2,0],"gold":95,"neow_bonus":"ONE_RANDOM_RARE_CARD","is_prod":false,"is_daily":false,"chose_seed":false,"campfire_upgraded":2,"win_rate":0,"timestamp":1556406347,"path_taken":["M","M","?","$","M","?","R","?","T","E","M","R","M","M"],"build_version":"2019-01-23","purchased_purges":0,"victory":false,"max_hp_per_floor":[75,75,75,75,75,75,75,75,75,75,75,75,75,75],"card_choices":[{"not_picked":["Stack","Darkness"],"picked":"Beam Cell","floor":1},{"not_picked":["Ball Lightning","Double Energy"],"picked":"Leap","floor":2},{"not_picked":["Self Repair","Chaos"],"picked":"Stack","floor":5},{"not_picked":["Gash","Storm"],"picked":"White Noise","floor":8},{"not_picked":["Fission","BootSequence"],"picked":"Rip and Tear","floor":10},{"not_picked":["Recycle","Lockon"],"picked":"FTL","floor":11},{"not_picked":["Loop","Go for the Eyes"],"picked":"Cold Snap","floor":13}],"player_experience":234033,"relics_obtained":[{"floor":10,"key":"Letter Opener"}],"event_choices":[{"damage_healed":0,"gold_gain":175,"player_choice":"AGREE","damage_taken":0,"max_hp_gain":0,"max_hp_loss":0,"event_name":"Liars Game","floor":3,"gold_loss":0,"cards_obtained":["Doubt"]},{"cards_removed":["Doubt"],"damage_healed":0,"gold_gain":0,"player_choice":"Removed Curses","damage_taken":0,"max_hp_gain":0,"max_hp_loss":0,"event_name":"Fountain of Cleansing","floor":6,"gold_loss":0}],"is_beta":false,"boss_relics":[],"items_purged_floors":[],"is_endless":false,"potions_floor_spawned":[8,10,13],"killed_by":"Red Slaver","ascension_level":0}