{"path_per_floor":["M","$","M","M","M","R","E","M","T","$","M","?","?","?","R","B",null,"M","T","T","?","$","M","M","R","T","?","R","$"],"character_chosen":"THE_SILENT","items_purchased":["Bronze Scales","Noxious Fumes","Reflex","Regen Potion","Regen Potion","Escape Plan","Deadly Poison","Happy Flower","Finesse"],"gold_per_floor":[367,29,47,60,74,74,103,115,115,17,33,33,133,133,133,230,260,273,273,573,573,194,208,220,220,220,145,145,38],"floor_reached":30,"campfire_rested":2,"playtime":2169,"current_hp_per_floor":[63,63,63,61,46,46,13,9,9,9,17,10,10,15,35,21,73,40,40,40,31,31,23,1,24,24,24,24,24],"items_purged":["Strike_G","Strike_G"],"gold":38,"play_id":"3694a83a-c94c-4a57-8b12-a384911f94ce","is_prod":false,"is_daily":false,"is_ascension_mode":false,"campfire_upgraded":2,"path_taken":["M","$","M","M","M","R","E","M","T","$","M","?","?","?","R","BOSS","M","?","?","?","$","M","M","R","T","?","R","$","?"],"build_version":"2018-01-25-PROD3","purchased_purges":2,"victory":false,"master_deck":["Defend_G","Defend_G","Defend_G","Defend_G","Defend_G","Strike_G","Survivor","Neutralize","Dagger Throw","Noxious Fumes+1","Reflex+1","Backflip","Backflip","Catalyst","Night Terror","Deflect","Deadly Poison","Escape Plan","Deadly Poison","Dagger Throw","Finesse"],"max_hp_per_floor":[63,63,63,63,63,63,63,63,63,63,63,63,63,68,68,68,73,73,73,73,78,78,78,78,78,78,78,78,78],"relics":["Ring of the Snake","Bronze Scales","Unceasing Top","Peace Pipe","Tiny House","Bird Faced Urn","Old Coin","Happy Flower","Pantograph"],"card_choices":[{"not_picked":["Backstab","Heel Hook"],"picked":"Dagger Throw"},{"not_picked":["Finisher","Underhanded Strike"],"picked":"Backflip"},{"not_picked":["Poisoned Stab","Flying Knee"],"picked":"Backflip"},{"not_picked":["Dodge and Roll","Blade Dance"],"picked":"Catalyst"},{"not_picked":["Die Die Die","Wraith Form"],"picked":"Night Terror"},{"not_picked":["Leg Sweep","Flying Knee"],"picked":"Deflect"},{"not_picked":["Bane","Calculated Gamble"],"picked":"Deadly Poison"},{"not_picked":["Deadly Poison","Underhanded Strike"],"picked":"Dagger Throw"}],"player_experience":95026,"potions_floor_usage":[4,7,8,11,16,16,18],"damage_taken":[{"damage":0,"enemies":"Small Slimes","floor":1,"turns":3},{"damage":0,"enemies":"Cultist","floor":3,"turns":4},{"damage":2,"enemies":"2 Louse","floor":4,"turns":3},{"damage":15,"enemies":"Lots of Slimes","floor":5,"turns":4},{"damage":33,"enemies":"Gremlin Nob","floor":7,"turns":5},{"damage":4,"enemies":"Large Slime","floor":8,"turns":6},{"damage":1,"enemies":"3 Louse","floor":11,"turns":4},{"damage":29,"enemies":"Slime Boss","floor":16,"turns":9},{"damage":33,"enemies":"2 Thieves","floor":18,"turns":5},{"damage":10,"enemies":"Chosen","floor":23,"turns":6},{"damage":24,"enemies":"Sentry and Sphere","floor":24,"turns":7},{"damage":34,"enemies":"3 Cultists","floor":30,"turns":4}],"event_choices":[{"event_name":"Golden Wing","player_choice":"Card Removal","floor":12,"damage_taken":0},{"event_name":"Golden Shrine","player_choice":"Pray","floor":13,"damage_taken":0},{"event_name":"Big Fish","player_choice":"Donut","floor":14,"damage_taken":0},{"event_name":"Forgotten Altar","player_choice":"Shed Blood","floor":21,"damage_taken":0},{"event_name":"Beggar","player_choice":"Gave Gold","floor":27,"damage_taken":0}],"boss_relics":[{"not_picked":["Ectoplasm","Cursed Key"],"picked":"Tiny House"}],"potions_floor_spawned":[1,5,7,11],"seed_played":"5055012951969936866","killed_by":"3 Cultists","ascension_level":0,"is_trial":false}