{"gold_per_floor":[109,109,34,52,71,71,71,71,71,104,116,116,141,66,66,66],"floor_reached":16,"playtime":349,"items_purged":["Clumsy"],"score":216,"play_id":"6b5db493-cb3c-4d4a-a2e2-739d5e84cc78","local_time":"20190423170705","is_ascension_mode":true,"campfire_choices":[{"data":"Perfected Strike","floor":6,"key":"SMITH"},{"data":"Bash","floor":8,"key":"SMITH"},{"data":"Perfected Strike","floor":15,"key":"SMITH"}],"neow_cost":"CURSE","seed_source_timestamp":12212234004334,"circlet_count":0,"master_deck":["AscendersBane","Strike_R","Strike_R","Strike_R","Strike_R","Strike_R","Defend_R+1","Defend_R+1","Defend_R+1","Defend_R+1","Bash+1","Dropkick","Perfected Strike+1","Rampage","Perfected Strike+1","Exhume"],"relics":["Burning Blood","War Paint","Sundial","Letter Opener"],"potions_floor_usage":[10,10,13],"damage_taken":[{"damage":14,"enemies":"2 Louse","floor":1,"turns":3},{"damage":1,"enemies":"Cultist","floor":4,"turns":4},{"damage":4,"enemies":"Jaw Worm","floor":5,"turns":4},{"damage":44,"enemies":"Lagavulin","floor":10,"turns":6},{"damage":10,"enemies":"Blue Slaver","floor":11,"turns":3},{"damage":28,"enemies":"Gremlin Nob","floor":13,"turns":4},{"damage":12,"enemies":"Slime Boss","floor":16,"turns":6}],"seed_played":"-3424859964711479585","potions_obtained":[{"floor":2,"key":"Regen Potion"},{"floor":2,"key":"FearPotion"},{"floor":4,"key":"BloodPotion"},{"floor":11,"key":"Explosive Potion"}],"is_trial":false,"path_per_floor":["M","?","$","M","M","R","?","R","T","E","M","?","E","?","R","B"],"character_chosen":"IRONCLAD","items_purchased":[],"campfire_rested":0,"item_purchase_floors":[],"current_hp_per_floor":[74,74,74,79,81,81,54,54,54,39,35,57,35,35,35,23],"gold":66,"neow_bonus":"TWENTY_PERCENT_HP_BONUS","is_prod":false,"is_daily":false,"chose_seed":false,"campfire_upgraded":3,"win_rate":0,"timestamp":1556053625,"path_taken":["M","?","$","?","M","R","?","R","T","E","M","?","E","?","R","BOSS"],"build_version":"2019-01-23","purchased_purges":1,"victory":false,"max_hp_per_floor":[89,89,89,89,89,89,89,89,89,89,89,89,89,86,86,86],"card_choices":[{"not_picked":["Carnage","Perfected Strike"],"picked":"Dropkick","floor":1},{"not_picked":["True Grit","Seeing Red","Reckless Charge"],"picked":"SKIP","floor":4},{"not_picked":["Pommel Strike","Ghostly Armor"],"picked":"Perfected Strike","floor":5},{"not_picked":["Cleave","Shrug It Off"],"picked":"Rampage","floor":10},{"not_picked":["Anger","Havoc"],"picked":"Perfected Strike","floor":11},{"not_picked":["Perfected Strike","Pommel Strike"],"picked":"Exhume","floor":13}],"player_experience":926341,"relics_obtained":[{"floor":9,"key":"War Paint"},{"floor":10,"key":"Sundial"},{"floor":13,"key":"Letter Opener"}],"event_choices":[{"damage_healed":0,"gold_gain":0,"player_choice":"Got Potions","damage_taken":0,"max_hp_gain":0,"max_hp_loss":0,"event_name":"Lab","floor":2,"gold_loss":0},{"damage_healed":0,"gold_gain":0,"player_choice":"Entered Light","damage_taken":27,"max_hp_gain":0,"max_hp_loss":0,"event_name":"Shining Light","floor":7,"gold_loss":0,"cards_upgraded":["Defend_R","Defend_R"]},{"damage_healed":22,"gold_gain":0,"player_choice":"Healed and dodged fight","damage_taken":0,"max_hp_gain":0,"max_hp_loss":0,"event_name":"Mushrooms","floor":12,"gold_loss":0,"cards_obtained":["Parasite"]},{"cards_removed":["Parasite"],"damage_healed":0,"gold_gain":0,"player_choice":"Card Removal","damage_taken":0,"max_hp_gain":0,"max_hp_loss":0,"event_name":"The Cleric","floor":14,"gold_loss":75}],"is_beta":false,"boss_relics":[],"items_purged_floors":[3],"is_endless":false,"potions_floor_spawned":[4,5,11],"killed_by":"Slime Boss","ascension_level":20}