{"gold_per_floor":[119,40,50,50,65,65,140,140,165,194,206,218,230,273,285,374,386,417,429,27,27,47,47,8,8,8,8,35,35,35,53,53,53],"floor_reached":33,"playtime":744,"items_purged":[],"score":518,"play_id":"aed60641-acb2-4a6f-83a5-06ac8910a7d5","local_time":"20190418151827","is_ascension_mode":true,"campfire_choices":[{"data":"Sunder","floor":6,"key":"SMITH"},{"data":"Static Discharge","floor":8,"key":"SMITH"},{"data":"Loop","floor":11,"key":"SMITH"},{"data":"FTL","floor":15,"key":"SMITH"},{"floor":23,"key":"REST"},{"data":"Tempest","floor":25,"key":"SMITH"},{"floor":29,"key":"REST"},{"floor":32,"key":"REST"}],"neow_cost":"NONE","seed_source_timestamp":682326218994008,"circlet_count":0,"master_deck":["AscendersBane","Strike_B","Strike_B","Strike_B","Strike_B","Defend_B","Defend_B+1","Defend_B+1","Defend_B","Zap+1","Dualcast","Sunder+1","Self Repair","Static Discharge+1","FTL+1","Loop+1","Coolheaded","Electrodynamics","Gash+1","Chill","Tempest+1","Undo"],"relics":["Cracked Core","MawBank","War Paint","Happy Flower","Inserter","MutagenicStrength","Mango","Enchiridion","Blood Vial","The Courier"],"potions_floor_usage":[14,16,16,33],"damage_taken":[{"damage":4,"enemies":"Small Slimes","floor":1,"turns":3},{"damage":12,"enemies":"2 Louse","floor":3,"turns":3},{"damage":7,"enemies":"Jaw Worm","floor":5,"turns":3},{"damage":8,"enemies":"Blue Slaver","floor":10,"turns":3},{"damage":10,"enemies":"Lagavulin","floor":14,"turns":4},{"damage":16,"enemies":"Slime Boss","floor":16,"turns":9},{"damage":16,"enemies":"Spheric Guardian","floor":18,"turns":4},{"damage":19,"enemies":"Shell Parasite","floor":22,"turns":4},{"damage":46,"enemies":"Slavers","floor":28,"turns":3},{"damage":30,"enemies":"Snake Plant","floor":31,"turns":2},{"damage":38,"enemies":"Champ","floor":33,"turns":7}],"seed_played":"-4124741109132694350","potions_obtained":[{"floor":1,"key":"Strength Potion"},{"floor":10,"key":"SkillPotion"},{"floor":14,"key":"Swift Potion"},{"floor":31,"key":"SkillPotion"}],"is_trial":false,"path_per_floor":["M","$","M","?","M","R","?","R","T","M","R","?","T","E","R","B",null,"M","?","$","?","M","R","$","R","T","$","E","R","$","M","R","B"],"character_chosen":"DEFECT","items_purchased":["Self Repair","Mango","Chill","Tempest"],"campfire_rested":3,"item_purchase_floors":[2,20,20,24],"current_hp_per_floor":[60,60,55,55,55,55,44,44,44,36,36,36,36,33,33,24,59,50,50,64,43,31,56,56,56,56,56,12,37,37,9,34,0],"gold":53,"neow_bonus":"UPGRADE_CARD","is_prod":false,"is_daily":false,"chose_seed":false,"campfire_upgraded":5,"win_rate":0,"timestamp":1555615107,"path_taken":["M","$","M","?","M","R","?","R","T","M","R","?","?","E","R","BOSS","M","?","$","?","M","R","$","R","T","$","E","R","?","M","R","BOSS"],"build_version":"2019-01-23","purchased_purges":0,"victory":false,"max_hp_per_floor":[71,71,71,71,71,71,71,71,71,71,71,71,71,71,71,71,71,71,71,85,85,85,85,85,85,85,85,85,85,85,85,85,85],"card_choices":[{"not_picked":["Doom and Gloom","Coolheaded"],"picked":"Sunder","floor":1},{"not_picked":["Hologram","Beam Cell"],"picked":"Static Discharge","floor":3},{"not_picked":["Turbo","Scrape"],"picked":"FTL","floor":5},{"not_picked":["Aggregate","Coolheaded"],"picked":"Loop","floor":10},{"not_picked":["Cold Snap","Redo"],"picked":"Coolheaded","floor":14},{"not_picked":["Meteor Strike","Core Surge"],"picked":"Electrodynamics","floor":16},{"not_picked":["Conserve Battery","Leap"],"picked":"Gash+1","floor":18},{"not_picked":["Reprogram","Stack","Blizzard"],"picked":"SKIP","floor":22},{"not_picked":["Skim","Doom and Gloom"],"picked":"Undo","floor":28},{"not_picked":["Hello World","Streamline","Turbo"],"picked":"SKIP","floor":31}],"player_experience":913509,"relics_obtained":[{"floor":9,"key":"MawBank"},{"floor":13,"key":"War Paint"},{"floor":14,"key":"Happy Flower"},{"floor":21,"key":"Enchiridion"},{"floor":26,"key":"Blood Vial"},{"floor":28,"key":"The Courier"}],"event_choices":[{"damage_healed":0,"gold_gain":0,"player_choice":"Fled","damage_taken":0,"max_hp_gain":0,"max_hp_loss":0,"event_name":"Scrap Ooze","floor":4,"gold_loss":0},{"damage_healed":0,"gold_gain":75,"player_choice":"Gather Gold","damage_taken":11,"max_hp_gain":0,"max_hp_loss":0,"event_name":"World of Goop","floor":7,"gold_loss":0},{"damage_healed":0,"gold_gain":0,"player_choice":"Searched \u00270\u0027 times","damage_taken":0,"max_hp_gain":0,"max_hp_loss":0,"event_name":"Dead Adventurer","floor":12,"gold_loss":0},{"damage_healed":0,"gold_gain":0,"player_choice":"Inject Mutagens","damage_taken":0,"relics_obtained":["MutagenicStrength"],"max_hp_gain":0,"max_hp_loss":0,"event_name":"Drug Dealer","floor":19,"gold_loss":0},{"damage_healed":0,"gold_gain":0,"player_choice":"Obtained Book","damage_taken":21,"max_hp_gain":0,"max_hp_loss":0,"event_name":"Cursed Tome","floor":21,"gold_loss":0}],"is_beta":false,"boss_relics":[{"not_picked":["Ectoplasm","Fusion Hammer"],"picked":"Inserter"}],"items_purged_floors":[],"is_endless":false,"potions_floor_spawned":[1,10,14,31],"killed_by":"Champ","ascension_level":20}