{"gold_per_floor":[10,10,26,26,26,57,57,76,76,90,115,155,167,218,230,372,384,415,526,269,269,285,285,300,300,300,343,367,443,443],"floor_reached":30,"playtime":2349,"items_purged":[],"score":281,"play_id":"faa96793-2d36-462a-a928-fbf157eb187a","local_time":"20190410172346","is_ascension_mode":true,"campfire_choices":[{"data":"Defragment","floor":7,"key":"SMITH"},{"floor":15,"key":"REST"},{"floor":23,"key":"RECALL"},{"data":"Loop","floor":25,"key":"SMITH"}],"neow_cost":"NO_GOLD","seed_source_timestamp":409180746317095,"circlet_count":0,"master_deck":["Strike_B","Strike_B","Strike_B","Strike_B","Defend_B","Defend_B","Defend_B","Defend_B","Zap","Dualcast","Multi-Cast","Conserve Battery","Leap","Defragment+1","Cold Snap","Stack","Electrodynamics","Cold Snap","Leap","Machine Learning","Redo","Melter","Stack","Loop+1","Cold Snap","Conserve Battery"],"relics":["Cracked Core","Golden Idol","The Courier","MawBank","Art of War","Ornamental Fan","Eternal Feather","Question Card","Bag of Preparation","Gremlin Horn","Strawberry","Molten Egg 2"],"potions_floor_usage":[16,18,28],"damage_taken":[{"damage":2,"enemies":"Small Slimes","floor":1,"turns":3},{"damage":0,"enemies":"2 Louse","floor":3,"turns":2},{"damage":22,"enemies":"Lagavulin","floor":6,"turns":9},{"damage":4,"enemies":"Cultist","floor":8,"turns":5},{"damage":0,"enemies":"3 Louse","floor":10,"turns":5},{"damage":0,"enemies":"Exordium Thugs","floor":11,"turns":6},{"damage":18,"enemies":"Gremlin Nob","floor":12,"turns":5},{"damage":8,"enemies":"Lagavulin","floor":14,"turns":7},{"damage":27,"enemies":"The Guardian","floor":16,"turns":16},{"damage":10,"enemies":"3 Byrds","floor":18,"turns":4},{"damage":21,"enemies":"2 Thieves","floor":22,"turns":4},{"damage":26,"enemies":"Snecko","floor":24,"turns":6},{"damage":34,"enemies":"Slavers","floor":27,"turns":6},{"damage":1,"enemies":"Shelled Parasite and Fungi","floor":28,"turns":9},{"damage":19,"enemies":"Snake Plant","floor":30,"turns":2}],"seed_played":"2144576754229183861","potions_obtained":[{"floor":12,"key":"Weak Potion"},{"floor":14,"key":"Regen Potion"},{"floor":16,"key":"Fire Potion"},{"floor":27,"key":"Block Potion"},{"floor":28,"key":"FocusPotion"}],"is_trial":false,"path_per_floor":["M","?","M","$","?","E","R","M","T","M","M","E","?","E","R","B",null,"M","?","$","?","M","R","M","R","T","E","M","T","M"],"character_chosen":"DEFECT","items_purchased":["Question Card","Melter"],"campfire_rested":1,"item_purchase_floors":[20,20],"current_hp_per_floor":[73,55,55,55,55,33,33,29,29,29,29,11,11,3,25,13,75,65,65,65,65,44,56,30,42,42,15,14,14,0],"gold":443,"neow_bonus":"THREE_RARE_CARDS","is_prod":false,"is_daily":false,"chose_seed":false,"campfire_upgraded":2,"win_rate":0,"timestamp":1554935026,"path_taken":["M","?","M","$","?","E","R","M","T","M","M","E","?","E","R","BOSS","M","?","$","?","?","R","M","R","T","E","M","?","M"],"build_version":"2019-01-23","purchased_purges":0,"victory":false,"max_hp_per_floor":[75,75,75,75,75,75,75,75,75,75,75,75,75,75,75,75,75,75,75,75,75,75,75,75,75,75,82,82,82,82],"card_choices":[{"not_picked":["Meteor Strike","Fission"],"picked":"Multi-Cast","floor":0},{"not_picked":["Streamline","Sweeping Beam"],"picked":"Conserve Battery","floor":1},{"not_picked":["Barrage","Compile Driver"],"picked":"Leap","floor":3},{"not_picked":["Compile Driver","Consume"],"picked":"Defragment","floor":6},{"not_picked":["Rebound","Barrage"],"picked":"Cold Snap","floor":8},{"not_picked":["Turbo","Beam Cell"],"picked":"Stack","floor":10},{"not_picked":["Stack","Sweeping Beam"],"picked":"Electrodynamics","floor":11},{"not_picked":["Fusion","Storm"],"picked":"Cold Snap","floor":12},{"not_picked":["Buffer","Streamline"],"picked":"Leap","floor":14},{"not_picked":["Core Surge","Creative AI"],"picked":"Machine Learning","floor":16},{"not_picked":["Self Repair","Double Energy"],"picked":"Redo","floor":18},{"not_picked":["Compile Driver+1","Streamline","Skim"],"picked":"Stack","floor":22},{"not_picked":["Cold Snap","FTL","Undo"],"picked":"Loop","floor":24},{"not_picked":["Lockon","Reinforced Body","Force Field"],"picked":"Cold Snap","floor":27},{"not_picked":["Heatsinks","Stack","Auto Shields"],"picked":"Conserve Battery","floor":28}],"player_experience":171367,"relics_obtained":[{"floor":6,"key":"The Courier"},{"floor":12,"key":"MawBank"},{"floor":14,"key":"Ornamental Fan"},{"floor":26,"key":"Gremlin Horn"},{"floor":27,"key":"Strawberry"},{"floor":29,"key":"Molten Egg 2"}],"event_choices":[{"damage_healed":0,"gold_gain":0,"player_choice":"Take Damage","damage_taken":18,"relics_obtained":["Golden Idol"],"max_hp_gain":0,"max_hp_loss":0,"event_name":"Golden Idol","floor":2,"gold_loss":0},{"damage_healed":0,"gold_gain":0,"player_choice":"Ignored","damage_taken":0,"max_hp_gain":0,"max_hp_loss":0,"event_name":"Golden Wing","floor":5,"gold_loss":0},{"damage_healed":0,"gold_gain":0,"player_choice":"Gave Potion","damage_taken":0,"relics_obtained":["Art of War"],"max_hp_gain":0,"max_hp_loss":0,"event_name":"WeMeetAgain","floor":13,"gold_loss":0},{"damage_healed":0,"gold_gain":99,"player_choice":"Stole From Cult","damage_taken":0,"max_hp_gain":0,"max_hp_loss":0,"event_name":"Nest","floor":19,"gold_loss":0},{"damage_healed":0,"gold_gain":0,"player_choice":"Opened","damage_taken":0,"relics_obtained":["Bag of Preparation"],"max_hp_gain":0,"max_hp_loss":0,"event_name":"The Mausoleum","floor":21,"gold_loss":0}],"is_beta":false,"boss_relics":[{"not_picked":["Runic Dome","Coffee Dripper"],"picked":"Eternal Feather"}],"items_purged_floors":[],"is_endless":false,"potions_floor_spawned":[12,14,16,27,28],"killed_by":"Snake Plant","ascension_level":1}