{"gold_per_floor":[109,109,124,29,5,37,37,68,68,86,111,111,111,111,111,211,211,224,224,224,239,252,252,252],"floor_reached":24,"playtime":851,"items_purged":[],"score":321,"play_id":"ea941e70-fe8f-4e58-849a-c1c62e8fbf2c","local_time":"20190402161127","is_ascension_mode":true,"campfire_choices":[{"data":"Defragment","floor":7,"key":"SMITH"},{"data":"Defragment","floor":13,"key":"SMITH"},{"data":"Zap","floor":15,"key":"SMITH"},{"data":"Self Repair","floor":23,"key":"SMITH"}],"neow_cost":"NONE","seed_source_timestamp":1754467622163244,"circlet_count":0,"master_deck":["Strike_B","Strike_B","Strike_B","Strike_B","Defend_B","Defend_B","Defend_B","Defend_B","Zap+1","Dualcast","Redo+1","Defragment+1","Self Repair+1","Leap","Rebound","Electrodynamics","Defragment+1","Stack+1","Self Repair","Regret","Core Surge","Consume+1","Streamline+1","Echo Form"],"relics":["Cracked Core","NeowsBlessing","Toxic Egg 2","Symbiotic Virus","Letter Opener","Centennial Puzzle","Mercury Hourglass","Pear","Coffee Dripper"],"potions_floor_usage":[10,11,18,22],"damage_taken":[{"damage":0,"enemies":"Jaw Worm","floor":1,"turns":1},{"damage":0,"enemies":"Cultist","floor":3,"turns":1},{"damage":0,"enemies":"Gremlin Nob","floor":6,"turns":1},{"damage":16,"enemies":"Lagavulin","floor":8,"turns":5},{"damage":9,"enemies":"2 Louse","floor":10,"turns":2},{"damage":8,"enemies":"Gremlin Nob","floor":11,"turns":3},{"damage":45,"enemies":"The Guardian","floor":16,"turns":8},{"damage":5,"enemies":"Chosen","floor":18,"turns":3},{"damage":0,"enemies":"Spheric Guardian","floor":21,"turns":3},{"damage":29,"enemies":"Snecko","floor":22,"turns":4},{"damage":59,"enemies":"Slavers","floor":24,"turns":2}],"seed_played":"-2035120865013470568","potions_obtained":[{"floor":6,"key":"SkillPotion"},{"floor":10,"key":"SkillPotion"},{"floor":16,"key":"EssenceOfSteel"},{"floor":18,"key":"Poison Potion"},{"floor":22,"key":"SteroidPotion"}],"is_trial":false,"path_per_floor":["M","?","M","$","$","E","R","E","T","M","E","T","R","?","R","B",null,"M","?","?","M","M","R","E"],"character_chosen":"DEFECT","items_purchased":["Self Repair","Leap","Rebound"],"campfire_rested":0,"item_purchase_floors":[4,4,5],"current_hp_per_floor":[75,75,75,75,75,75,75,59,59,57,56,56,56,66,66,35,73,82,82,66,73,58,58,0],"gold":252,"neow_bonus":"THREE_ENEMY_KILL","is_prod":false,"is_daily":false,"chose_seed":false,"campfire_upgraded":4,"win_rate":0,"timestamp":1554246687,"path_taken":["M","?","M","?","$","E","R","E","T","M","E","?","R","?","R","BOSS","M","?","?","?","M","R","E"],"build_version":"2019-01-23","purchased_purges":0,"victory":false,"max_hp_per_floor":[75,75,75,75,75,75,75,75,75,75,75,75,75,85,85,85,85,85,85,90,90,90,90,90],"card_choices":[{"not_picked":["Cold Snap","Steam"],"picked":"Redo","floor":1},{"not_picked":["Coolheaded","Redo"],"picked":"Defragment","floor":3},{"not_picked":["Storm","Coolheaded"],"picked":"Electrodynamics","floor":6},{"not_picked":["Leap+1","Cold Snap"],"picked":"Defragment","floor":8},{"not_picked":["Rebound","Compile Driver"],"picked":"Stack+1","floor":10},{"not_picked":["Coolheaded+1","Tempest+1"],"picked":"Self Repair","floor":11},{"not_picked":["Meteor Strike","Reboot+1"],"picked":"Core Surge","floor":16},{"not_picked":["Coolheaded+1","Stack+1"],"picked":"Consume+1","floor":18},{"not_picked":["Beam Cell","Fusion+1"],"picked":"Streamline+1","floor":21},{"not_picked":["Rebound","Chaos+1"],"picked":"Echo Form","floor":22}],"player_experience":479228,"relics_obtained":[{"floor":6,"key":"Toxic Egg 2"},{"floor":8,"key":"Symbiotic Virus"},{"floor":9,"key":"Letter Opener"},{"floor":11,"key":"Centennial Puzzle"},{"floor":12,"key":"Mercury Hourglass"}],"event_choices":[{"damage_healed":0,"gold_gain":0,"player_choice":"Upgraded","damage_taken":0,"max_hp_gain":0,"max_hp_loss":0,"event_name":"Upgrade Shrine","floor":2,"gold_loss":0,"cards_upgraded":["Redo"]},{"damage_healed":0,"gold_gain":0,"player_choice":"Box","damage_taken":0,"relics_obtained":["Pear"],"max_hp_gain":0,"max_hp_loss":0,"event_name":"Big Fish","floor":14,"gold_loss":0,"cards_obtained":["Regret"]},{"damage_healed":0,"gold_gain":0,"player_choice":"Ignored","damage_taken":0,"max_hp_gain":0,"max_hp_loss":0,"event_name":"Ghosts","floor":19,"gold_loss":0},{"damage_healed":0,"gold_gain":0,"player_choice":"Shed Blood","damage_taken":21,"max_hp_gain":5,"max_hp_loss":0,"event_name":"Forgotten Altar","floor":20,"gold_loss":0}],"is_beta":false,"boss_relics":[{"not_picked":["Orrery","Lizard Tail"],"picked":"Coffee Dripper"}],"items_purged_floors":[],"is_endless":false,"potions_floor_spawned":[6,10,16,18,22],"killed_by":"Slavers","ascension_level":5}