{"gold_per_floor":[110,110,122,122,122,122,122,157,157,173,185,198,198,215,215,313,313,330,344,29,29,29,29],"floor_reached":23,"playtime":1071,"items_purged":["Regret"],"score":245,"play_id":"ad23e522-ce01-4c3e-9e9b-383f68bc98ff","local_time":"20190318220254","is_ascension_mode":true,"campfire_choices":[{"data":"Footwork","floor":6,"key":"SMITH"},{"floor":13,"key":"REST"},{"floor":15,"key":"REST"}],"neow_cost":"NONE","seed_source_timestamp":479349217102113,"circlet_count":0,"master_deck":["Defend_G","Defend_G","Defend_G","Survivor","Neutralize","Flying Knee","Footwork+1","Eviscerate","All Out Attack","Accuracy+1","Well Laid Plans+1","Blade Dance","Terror","Flying Knee","Tools of the Trade+1","Backstab+1","Choke+1","Phantasmal Killer+1","Outmaneuver","Outmaneuver+1","Magnetism+1","Underhanded Strike","Bite","Bite","Bite","Bite","Bite"],"relics":["Ring of the Snake","Orichalcum","Regal Pillow","Frozen Egg 2","Potion Belt","Omamori","Dream Catcher","Astrolabe","Nilry\u0027s Codex"],"potions_floor_usage":[8,12,23],"damage_taken":[{"damage":3,"enemies":"Jaw Worm","floor":1,"turns":4},{"damage":4,"enemies":"Small Slimes","floor":3,"turns":3},{"damage":10,"enemies":"Gremlin Nob","floor":8,"turns":5},{"damage":10,"enemies":"2 Louse","floor":10,"turns":2},{"damage":2,"enemies":"Exordium Wildlife","floor":11,"turns":3},{"damage":13,"enemies":"Gremlin Gang","floor":12,"turns":4},{"damage":17,"enemies":"3 Louse","floor":14,"turns":2},{"damage":56,"enemies":"Slime Boss","floor":16,"turns":15},{"damage":23,"enemies":"Chosen","floor":18,"turns":5},{"damage":5,"enemies":"Spheric Guardian","floor":19,"turns":3},{"damage":45,"enemies":"Gremlin Leader","floor":23,"turns":5}],"seed_played":"-8380797351130997602","potions_obtained":[{"floor":3,"key":"Fire Potion"},{"floor":11,"key":"LiquidBronze"},{"floor":19,"key":"Poison Potion"}],"is_trial":false,"path_per_floor":["M","?","M","?","?","R","T","E","T","M","M","M","R","M","R","B",null,"M","M","$","?","?","E"],"character_chosen":"THE_SILENT","items_purchased":["Magnetism+1","Underhanded Strike"],"campfire_rested":2,"item_purchase_floors":[20,20],"current_hp_per_floor":[67,64,60,60,60,60,60,50,50,40,38,25,61,44,70,14,70,47,42,42,42,26,0],"gold":29,"neow_bonus":"RANDOM_COMMON_RELIC","is_prod":false,"is_daily":false,"chose_seed":false,"campfire_upgraded":1,"win_rate":0,"timestamp":1552971774,"path_taken":["M","?","M","?","?","R","?","E","T","M","?","?","R","M","R","BOSS","M","M","$","?","?","E"],"build_version":"2019-01-23","purchased_purges":1,"victory":false,"max_hp_per_floor":[70,70,70,70,70,70,70,70,70,70,70,70,70,70,70,70,70,70,70,70,49,49,49],"card_choices":[{"not_picked":["Poisoned Stab","Eviscerate"],"picked":"Flying Knee","floor":1},{"not_picked":["Flying Knee","Quick Slash"],"picked":"Footwork","floor":3},{"not_picked":["Backflip","Quick Slash"],"picked":"Eviscerate","floor":8},{"not_picked":["Prepared","Grand Finale"],"picked":"All Out Attack","floor":10},{"not_picked":["Reflex","Deadly Poison"],"picked":"Accuracy+1","floor":11},{"not_picked":["Tactician","Dagger Throw"],"picked":"Well Laid Plans+1","floor":12},{"not_picked":["Catalyst","Dodge and Roll"],"picked":"Blade Dance","floor":13},{"not_picked":["Leg Sweep","Expertise"],"picked":"Terror","floor":14},{"not_picked":["Calculated Gamble","Acrobatics"],"picked":"Flying Knee","floor":15},{"not_picked":["Malaise","Grand Finale"],"picked":"Tools of the Trade+1","floor":16},{"not_picked":["PiercingWail","Distraction"],"picked":"Outmaneuver","floor":18},{"not_picked":["Acrobatics","PiercingWail+1"],"picked":"Outmaneuver+1","floor":19}],"player_experience":300343,"relics_obtained":[{"floor":7,"key":"Potion Belt"},{"floor":8,"key":"Omamori"},{"floor":9,"key":"Dream Catcher"},{"floor":22,"key":"Nilry\u0027s Codex"}],"event_choices":[{"damage_healed":0,"gold_gain":0,"player_choice":"Success","damage_taken":3,"relics_obtained":["Regal Pillow"],"max_hp_gain":0,"max_hp_loss":0,"event_name":"Scrap Ooze","floor":2,"gold_loss":0},{"damage_healed":0,"gold_gain":0,"player_choice":"Box","damage_taken":0,"relics_obtained":["Frozen Egg 2"],"max_hp_gain":0,"max_hp_loss":0,"event_name":"Big Fish","floor":4,"gold_loss":0,"cards_obtained":["Regret"]},{"damage_healed":0,"gold_gain":0,"player_choice":"Ignored","damage_taken":0,"max_hp_gain":0,"max_hp_loss":0,"event_name":"Liars Game","floor":5,"gold_loss":0},{"damage_healed":0,"gold_gain":0,"player_choice":"Became a vampire","damage_taken":0,"max_hp_gain":0,"max_hp_loss":21,"event_name":"Vampires","floor":21,"gold_loss":0,"cards_obtained":["Bite","Bite","Bite","Bite","Bite"]},{"damage_healed":0,"gold_gain":0,"player_choice":"Obtained Book","damage_taken":16,"max_hp_gain":0,"max_hp_loss":0,"event_name":"Cursed Tome","floor":22,"gold_loss":0}],"is_beta":false,"boss_relics":[{"not_picked":["Velvet Choker","Ectoplasm"],"picked":"Astrolabe"}],"items_purged_floors":[20],"is_endless":false,"potions_floor_spawned":[3,11,19],"killed_by":"Gremlin Leader","ascension_level":3}