{"gold_per_floor":[359,359,378,402,48,48,81,81,105,152,164,176,188,216,228,339,351,379,406,259,274,10,53,53,94,94,112,112,112,135,171,171,270,270,286,188,22,22,22,61,77,120,120,120,163,496,496,509,509,509,509,509,509,10,45,45],"floor_reached":56,"playtime":2522,"items_purged":["Pain","Strike_B","Defend_B","Defend_B"],"score":2073,"play_id":"d51fab97-a91c-47d2-ba41-b0086de7ea4e","local_time":"20190507163548","is_ascension_mode":true,"campfire_choices":[{"data":"Fusion","floor":6.0,"key":"SMITH"},{"data":"Zap","floor":8.0,"key":"SMITH"},{"data":"Chaos","floor":13.0,"key":"SMITH"},{"data":"Coolheaded","floor":15.0,"key":"SMITH"},{"data":"Fission","floor":24.0,"key":"SMITH"},{"data":"Sunder","floor":29.0,"key":"SMITH"},{"data":"Capacitor","floor":32.0,"key":"SMITH"},{"data":"Hologram","floor":44.0,"key":"SMITH"},{"data":"Blizzard","floor":47.0,"key":"SMITH"},{"floor":49.0,"key":"RECALL"},{"data":"Coolheaded","floor":53.0,"key":"SMITH"}],"neow_cost":"PERCENT_DAMAGE","seed_source_timestamp":0,"circlet_count":0,"master_deck":["AscendersBane","Defend_B","Zap+1","Dualcast","Self Repair","Ball Lightning","Conserve Battery","Fusion+1","Chaos+1","Thunder Strike","Coolheaded+1","Biased Cognition","Go for the Eyes","Compile Driver","Coolheaded+1","Conserve Battery+1","Fission+1","Capacitor+1","Sunder+1","Hologram+1","Creative AI+1","Defragment+1","Glacier+1","Echo Form+1","Glacier+1","Chaos+1","Blizzard+1","Loop+1","Turbo+1","Consume+1"],"special_seed":0,"relics":["Cracked Core","Meat on the Bone","Lantern","MawBank","PreservedInsect","WarpedTongs","Black Star","Matryoshka","Boot","Sundial","Question Card","Mummified Hand","Frozen Egg 2","Ornamental Fan","Juzu Bracelet","Empty Cage","Toxic Egg 2","Cables","Mercury Hourglass","Mango","Strawberry","Bronze Scales","Omamori","DataDisk","Incense Burner","Bird Faced Urn","Letter Opener"],"potions_floor_usage":[],"damage_taken":[{"damage":0.0,"enemies":"2 Louse","floor":1.0,"turns":2.0},{"damage":19.0,"enemies":"Small Slimes","floor":3.0,"turns":4.0},{"damage":1.0,"enemies":"Cultist","floor":4.0,"turns":3.0},{"damage":18.0,"enemies":"Lagavulin","floor":7.0,"turns":7.0},{"damage":33.0,"enemies":"3 Sentries","floor":10.0,"turns":8.0},{"damage":14.0,"enemies":"Gremlin Gang","floor":14.0,"turns":5.0},{"damage":28.0,"enemies":"Slime Boss","floor":16.0,"turns":8.0},{"damage":14.0,"enemies":"Chosen","floor":18.0,"turns":6.0},{"damage":45.0,"enemies":"2 Thieves","floor":19.0,"turns":4.0},{"damage":25.0,"enemies":"Centurion and Healer","floor":21.0,"turns":9.0},{"damage":15.0,"enemies":"Book of Stabbing","floor":23.0,"turns":6.0},{"damage":26.0,"enemies":"Slavers","floor":25.0,"turns":6.0},{"damage":14.0,"enemies":"3 Cultists","floor":27.0,"turns":5.0},{"damage":16.0,"enemies":"Snake Plant","floor":30.0,"turns":4.0},{"damage":24.0,"enemies":"Gremlin Leader","floor":31.0,"turns":4.0},{"damage":23.0,"enemies":"Automaton","floor":33.0,"turns":10.0},{"damage":9.0,"enemies":"3 Shapes","floor":35.0,"turns":4.0},{"damage":22.0,"enemies":"Nemesis","floor":40.0,"turns":5.0},{"damage":0.0,"enemies":"3 Darklings","floor":41.0,"turns":5.0},{"damage":13.0,"enemies":"Giant Head","floor":42.0,"turns":7.0},{"damage":0.0,"enemies":"Nemesis","floor":45.0,"turns":7.0},{"damage":60.0,"enemies":"Jaw Worm Horde","floor":48.0,"turns":5.0},{"damage":8.0,"enemies":"Time Eater","floor":50.0,"turns":10.0},{"damage":64.0,"enemies":"Awakened One","floor":51.0,"turns":11.0},{"damage":55.0,"enemies":"Shield and Spear","floor":55.0,"turns":8.0},{"damage":19,"enemies":"The Heart","floor":56,"turns":5}],"seed_played":"8348395515170023217","potions_obtained":[{"floor":4.0,"key":"FocusPotion"},{"floor":7.0,"key":"FearPotion"},{"floor":10.0,"key":"EssenceOfSteel"},{"floor":16.0,"key":"FocusPotion"},{"floor":19.0,"key":"SteroidPotion"},{"floor":27.0,"key":"Energy Potion"},{"floor":31.0,"key":"Block Potion"},{"floor":40.0,"key":"Poison Potion"},{"floor":41.0,"key":"Ancient Potion"},{"floor":55.0,"key":"Explosive Potion"}],"is_trial":false,"path_per_floor":["M","?","M","M","$","R","E","R","T","E","?","?","R","M","R","B",null,"M","M","$","M","$","E","R","E","T","M","?","R","M","E","R","B",null,"M","?","$","?","$","E","M","E","T","R","E","?","R","M","R","B","B",null,"R","$","E","B"],"character_chosen":"DEFECT","items_purchased":["Meat on the Bone","Fusion","Compile Driver","Coolheaded","Ancient Potion","Fission","Glacier+1","Turbo+1","Incense Burner"],"campfire_rested":0,"item_purchase_floors":[5,5,20,20,22,22,37,54,54],"current_hp_per_floor":[46,46,34,40,40,40,41,41,41,27,27,27,27,32,32,23,54,50,27,27,24,24,28,28,24,24,32,32,32,35,30,30,26,55,53,53,53,53,53,50,57,72,72,72,79,79,79,41,41,65,23,70,70,70,37,32],"gold":45,"neow_bonus":"TWO_FIFTY_GOLD","is_prod":false,"is_daily":false,"chose_seed":false,"campfire_upgraded":10,"win_rate":0,"timestamp":1557218148,"path_taken":["M","?","M","M","$","R","E","R","T","E","?","?","R","M","R","BOSS","M","?","$","M","$","E","R","E","T","?","?","R","M","E","R","BOSS","M","?","$","?","?","E","M","E","T","R","E","?","R","M","R","BOSS","BOSS","R","$","E","BOSS"],"build_version":"2019-01-23","purchased_purges":4,"victory":false,"max_hp_per_floor":[71,64,64,64,64,64,64,64,64,64,64,64,64,64,64,64,64,64,64,64,64,64,64,64,64,64,64,64,64,64,64,64,64,64,64,64,64,64,64,64,64,85,85,85,85,85,85,85,85,85,85,85,85,85,85,85],"card_choices":[{"not_picked":["Hologram","Doom and Gloom"],"picked":"Self Repair","floor":1.0},{"not_picked":["Storm","Static Discharge"],"picked":"Ball Lightning","floor":3.0},{"not_picked":["Genetic Algorithm","Doom and Gloom"],"picked":"Conserve Battery","floor":4.0},{"not_picked":["Streamline","Lockon","Steam"],"picked":"SKIP","floor":7.0},{"not_picked":["Reinforced Body","Double Energy"],"picked":"Chaos","floor":10.0},{"not_picked":["Thunder Strike","Go for the Eyes"],"picked":"Coolheaded","floor":14.0},{"not_picked":["Buffer","All For One"],"picked":"Biased Cognition","floor":16.0},{"not_picked":["Gash","Stack","Fusion"],"picked":"SKIP","floor":18.0},{"not_picked":["Leap","Steam Power"],"picked":"Go for the Eyes","floor":19.0},{"not_picked":["Coolheaded","Barrage"],"picked":"Conserve Battery+1","floor":21.0},{"not_picked":["Stack","Chaos"],"picked":"Capacitor","floor":23.0},{"not_picked":["Streamline","Compile Driver+1"],"picked":"Sunder","floor":25.0},{"not_picked":["Leap","Machine Learning+1","Steam"],"picked":"Hologram","floor":27.0},{"not_picked":["Sweeping Beam","Sunder+1","Reprogram","Ball Lightning"],"picked":"SKIP","floor":30.0},{"not_picked":["Scrape+1","Beam Cell","Streamline+1","Rebound"],"picked":"SKIP","floor":31.0},{"not_picked":["Thunder Strike","Biased Cognition+1","Hyperbeam"],"picked":"Creative AI+1","floor":33.0},{"not_picked":["Capacitor+1","Streamline","Hologram"],"picked":"Defragment+1","floor":35.0},{"not_picked":["Conserve Battery+1","Sweeping Beam+1","Chill+1"],"picked":"Glacier+1","floor":40.0},{"not_picked":["Ball Lightning+1","Barrage+1","Rebound+1","Cold Snap"],"picked":"SKIP","floor":41.0},{"not_picked":["Gash","Sweeping Beam","Steam+1"],"picked":"Chaos+1","floor":42.0},{"not_picked":["Leap+1","Machine Learning+1","Streamline","Blizzard"],"picked":"SKIP","floor":45.0},{"not_picked":["Leap+1","Machine Learning+1","Streamline"],"picked":"Blizzard","floor":45.0},{"not_picked":["Sweeping Beam+1","Defragment+1","Hello World+1"],"picked":"Loop+1","floor":48.0},{"not_picked":["Streamline+1","Cold Snap","Rebound"],"picked":"Consume+1","floor":55.0}],"player_experience":1578642,"relics_obtained":[{"floor":7.0,"key":"Lantern"},{"floor":9.0,"key":"MawBank"},{"floor":10.0,"key":"PreservedInsect"},{"floor":23.0,"key":"Matryoshka"},{"floor":23.0,"key":"Boot"},{"floor":25.0,"key":"Sundial"},{"floor":25.0,"key":"Question Card"},{"floor":26.0,"key":"Mummified Hand"},{"floor":26.0,"key":"Frozen Egg 2"},{"floor":31.0,"key":"Ornamental Fan"},{"floor":31.0,"key":"Juzu Bracelet"},{"floor":40.0,"key":"Cables"},{"floor":40.0,"key":"Mercury Hourglass"},{"floor":42.0,"key":"Mango"},{"floor":42.0,"key":"Strawberry"},{"floor":43.0,"key":"Bronze Scales"},{"floor":45.0,"key":"Omamori"},{"floor":45.0,"key":"DataDisk"},{"floor":55.0,"key":"Bird Faced Urn"},{"floor":55.0,"key":"Letter Opener"}],"event_choices":[{"damage_healed":0.0,"max_hp_gain":0.0,"max_hp_loss":7.0,"gold_gain":0.0,"event_name":"Golden Idol","player_choice":"Lose Max HP","floor":2.0,"gold_loss":0.0,"damage_taken":0.0,"relics_obtained":["Golden Idol"]},{"damage_healed":0.0,"max_hp_gain":0.0,"max_hp_loss":0.0,"gold_gain":0.0,"cards_transformed":["Strike_B"],"event_name":"Living Wall","player_choice":"Change","floor":11.0,"gold_loss":0.0,"damage_taken":0.0,"cards_obtained":["Thunder Strike"]},{"damage_healed":0.0,"max_hp_gain":0.0,"max_hp_loss":0.0,"gold_gain":0.0,"event_name":"Accursed Blacksmith","player_choice":"Rummage","floor":12.0,"gold_loss":0.0,"damage_taken":0.0,"relics_obtained":["WarpedTongs"],"cards_obtained":["Pain"]},{"damage_healed":0.0,"max_hp_gain":0.0,"max_hp_loss":0.0,"gold_gain":0.0,"event_name":"The Mausoleum","player_choice":"Ignored","floor":28.0,"gold_loss":0.0,"damage_taken":0.0},{"damage_healed":0.0,"max_hp_gain":0.0,"max_hp_loss":0.0,"gold_gain":0.0,"event_name":"WeMeetAgain","player_choice":"Paid Gold","floor":36.0,"gold_loss":98.0,"damage_taken":0.0,"relics_obtained":["Toxic Egg 2"]},{"damage_healed":0.0,"max_hp_gain":0.0,"max_hp_loss":0.0,"gold_gain":0.0,"cards_transformed":["Defend_B"],"event_name":"Transmorgrifier","player_choice":"Transformed","floor":38.0,"gold_loss":0.0,"damage_taken":0.0,"cards_obtained":["Echo Form"]},{"damage_healed":0.0,"max_hp_gain":0.0,"max_hp_loss":0.0,"gold_gain":333.0,"event_name":"The Moai Head","player_choice":"Gave Idol","floor":46.0,"relics_lost":["Golden Idol"],"gold_loss":0.0,"damage_taken":0.0}],"is_beta":false,"boss_relics":[{"not_picked":["White Beast Statue","Sozu"],"picked":"Black Star"},{"not_picked":["Runic Pyramid","Fusion Hammer"],"picked":"Empty Cage"}],"items_purged_floors":[20,22,37,54],"is_endless":false,"potions_floor_spawned":[4,7,10,16,19,23,27,31,40,41,42,55],"killed_by":"The Heart","ascension_level":20}