{"gold_per_floor":[109,129,142,142,142,162,162,174,223,254,274,53,72,86,86,86],"floor_reached":16,"playtime":908,"items_purged":["Strike_R"],"score":106,"play_id":"8f8109e7-cb17-471f-a4d8-2958eb2c5ba2","local_time":"20190413222015","is_ascension_mode":false,"campfire_choices":[{"data":"Bash","floor":7,"key":"SMITH"},{"floor":15,"key":"REST"}],"neow_cost":"NONE","seed_source_timestamp":262420058511600,"circlet_count":0,"master_deck":["Strike_R","Strike_R","Defend_R","Defend_R","Defend_R","Bash+1","Rupture","Battle Trance","Thunderclap"],"relics":["Burning Blood","Lantern","Blue Candle","Bag of Preparation"],"potions_floor_usage":[10,16,16],"damage_taken":[{"damage":12,"enemies":"Small Slimes","floor":1,"turns":4},{"damage":10,"enemies":"Jaw Worm","floor":2,"turns":4},{"damage":1,"enemies":"Cultist","floor":3,"turns":3},{"damage":10,"enemies":"Looter","floor":6,"turns":4},{"damage":9,"enemies":"3 Louse","floor":8,"turns":6},{"damage":21,"enemies":"Gremlin Nob","floor":10,"turns":5},{"damage":21,"enemies":"Large Slime","floor":11,"turns":8},{"damage":0,"enemies":"2 Fungi Beasts","floor":13,"turns":5},{"damage":4,"enemies":"Blue Slaver","floor":14,"turns":3},{"damage":79,"enemies":"Hexaghost","floor":16,"turns":11}],"seed_played":"-311009670225922254","potions_obtained":[{"floor":8,"key":"Weak Potion"},{"floor":10,"key":"LiquidBronze"},{"floor":13,"key":"Regen Potion"}],"is_trial":false,"path_per_floor":["M","M","M","?","?","M","R","M","T","E","M","$","M","M","R","B"],"character_chosen":"IRONCLAD","items_purchased":["Bag of Preparation"],"campfire_rested":1,"item_purchase_floors":[12],"current_hp_per_floor":[74,70,75,68,68,64,64,61,61,46,31,31,37,39,63,0],"gold":86,"neow_bonus":"REMOVE_CARD","is_prod":false,"is_daily":false,"chose_seed":false,"campfire_upgraded":1,"win_rate":0,"timestamp":1555208415,"path_taken":["M","M","M","?","?","M","R","M","T","E","M","$","M","?","R","BOSS"],"build_version":"2019-01-23","purchased_purges":1,"victory":false,"max_hp_per_floor":[80,80,80,80,80,80,80,80,80,80,80,80,80,80,80,80],"card_choices":[{"not_picked":["Shrug It Off","Wild Strike","Entrench"],"picked":"SKIP","floor":1},{"not_picked":["Whirlwind","Ghostly Armor","Entrench"],"picked":"SKIP","floor":2},{"not_picked":["Infernal Blade","Heavy Blade","Sword Boomerang"],"picked":"SKIP","floor":3},{"not_picked":["Combust","Clash","Sentinel"],"picked":"SKIP","floor":6},{"not_picked":["Warcry","Metallicize","Rupture"],"picked":"SKIP","floor":8},{"not_picked":["Shrug It Off","Pommel Strike","Reckless Charge"],"picked":"SKIP","floor":10},{"not_picked":["True Grit","Evolve"],"picked":"Battle Trance","floor":11},{"not_picked":["Pummel","Anger","Seeing Red"],"picked":"SKIP","floor":13},{"not_picked":["True Grit","Sword Boomerang"],"picked":"Thunderclap","floor":14}],"player_experience":330448,"relics_obtained":[{"floor":9,"key":"Lantern"},{"floor":10,"key":"Blue Candle"}],"event_choices":[{"cards_removed":["Defend_R"],"damage_healed":0,"gold_gain":0,"player_choice":"Card Removal","damage_taken":7,"max_hp_gain":0,"max_hp_loss":0,"event_name":"Golden Wing","floor":4,"gold_loss":0},{"damage_healed":0,"gold_gain":0,"cards_transformed":["Strike_R"],"player_choice":"Transformed","damage_taken":0,"max_hp_gain":0,"max_hp_loss":0,"event_name":"Transmorgrifier","floor":5,"gold_loss":0,"cards_obtained":["Rupture"]}],"is_beta":false,"boss_relics":[],"items_purged_floors":[12],"is_endless":false,"potions_floor_spawned":[8,10,13],"killed_by":"Hexaghost","ascension_level":0}