{"gold_per_floor":[114,114,114,144,44,75,75,102,151,171,197,207,207,239,239,310,310,310,310,310,328,340,340,150,150,150,150],"floor_reached":27,"playtime":546,"items_purged":["Regret","Shame"],"score":674,"play_id":"097bbfec-5570-435b-bf76-c30ee13d07c8","local_time":"20190419153704","is_ascension_mode":true,"campfire_choices":[{"data":"Multi-Cast","floor":7,"key":"SMITH"},{"floor":15,"key":"REST"},{"data":"Rainbow","floor":23,"key":"SMITH"},{"data":"Beam Cell","floor":25,"key":"SMITH"}],"neow_cost":"NONE","seed_source_timestamp":770042004303916,"circlet_count":0,"master_deck":["AscendersBane","Strike_B","Strike_B","Strike_B","Strike_B","Defend_B","Defend_B","Defend_B","Defend_B","Zap+1","Dualcast","Gash","Gash","Multi-Cast+1","Gash","Cold Snap","Core Surge","Rainbow+1","Self Repair","Self Repair","Beam Cell+1"],"relics":["FrozenCore","NeowsBlessing","Tiny Chest","Meat on the Bone","Smiling Mask","Art of War","Symbiotic Virus","Bag of Preparation","PreservedInsect","Nilry\u0027s Codex","Ice Cream"],"potions_floor_usage":[18],"damage_taken":[{"damage":0,"enemies":"Small Slimes","floor":1,"turns":1},{"damage":0,"enemies":"Gremlin Nob","floor":6,"turns":1},{"damage":0,"enemies":"3 Sentries","floor":8,"turns":1},{"damage":10,"enemies":"2 Louse","floor":10,"turns":2},{"damage":28,"enemies":"Lagavulin","floor":11,"turns":5},{"damage":12,"enemies":"Jaw Worm","floor":12,"turns":2},{"damage":35,"enemies":"Gremlin Nob","floor":14,"turns":4},{"damage":0,"enemies":"Slime Boss","floor":16,"turns":7},{"damage":0,"enemies":"2 Thieves","floor":18,"turns":1},{"damage":9,"enemies":"Shell Parasite","floor":21,"turns":3},{"damage":43,"enemies":"Centurion and Healer","floor":22,"turns":7},{"damage":36,"enemies":"Cultist and Chosen","floor":27,"turns":5}],"seed_played":"3320363708178292398","potions_obtained":[{"floor":10,"key":"Ancient Potion"},{"floor":11,"key":"SmokeBomb"},{"floor":22,"key":"EssenceOfSteel"}],"is_trial":false,"path_per_floor":["M","?","$","?","$","E","R","E","T","M","E","M","?","E","R","B",null,"M","?","?","M","M","R","$","R","T","M"],"character_chosen":"DEFECT","items_purchased":["Gash","Self Repair","Beam Cell"],"campfire_rested":1,"item_purchase_floors":[5,24,24],"current_hp_per_floor":[64,64,64,64,64,64,64,64,64,54,38,38,38,15,36,36,62,62,62,41,44,20,20,20,20,20,0],"gold":150,"neow_bonus":"THREE_ENEMY_KILL","is_prod":false,"is_daily":false,"chose_seed":false,"campfire_upgraded":3,"win_rate":0,"timestamp":1555702624,"path_taken":["M","?","$","?","$","E","R","E","T","M","E","M","?","E","R","BOSS","M","?","?","M","M","R","$","R","T","M"],"build_version":"2019-01-23","purchased_purges":2,"victory":false,"max_hp_per_floor":[71,71,71,71,71,71,71,71,71,71,71,71,71,71,71,71,71,71,71,71,71,71,71,71,71,71,71],"card_choices":[{"not_picked":["Compile Driver","Doom and Gloom"],"picked":"Gash","floor":1},{"not_picked":["Reinforced Body","Beam Cell"],"picked":"Multi-Cast","floor":6},{"not_picked":["Glacier","Go for the Eyes"],"picked":"Gash","floor":8},{"not_picked":["Auto Shields","Recycle"],"picked":"Cold Snap","floor":10},{"not_picked":["Recycle","Go for the Eyes","Streamline"],"picked":"SKIP","floor":11},{"not_picked":["Leap","Loop","Reinforced Body"],"picked":"SKIP","floor":12},{"not_picked":["Turbo","Skim"],"picked":"Core Surge","floor":14},{"not_picked":["Multi-Cast","Machine Learning"],"picked":"Rainbow","floor":16},{"not_picked":["Force Field","Coolheaded"],"picked":"Self Repair","floor":21},{"not_picked":["Leap","Auto Shields","Turbo"],"picked":"SKIP","floor":22}],"player_experience":915107,"relics_obtained":[{"floor":6,"key":"Meat on the Bone"},{"floor":8,"key":"Smiling Mask"},{"floor":9,"key":"Art of War"},{"floor":11,"key":"Symbiotic Virus"},{"floor":14,"key":"Bag of Preparation"},{"floor":20,"key":"Nilry\u0027s Codex"},{"floor":26,"key":"Ice Cream"}],"event_choices":[{"damage_healed":0,"gold_gain":0,"player_choice":"Grow","damage_taken":0,"max_hp_gain":0,"max_hp_loss":0,"event_name":"Living Wall","floor":2,"gold_loss":0,"cards_upgraded":["Zap"]},{"damage_healed":0,"gold_gain":0,"player_choice":"Box","damage_taken":0,"relics_obtained":["Tiny Chest"],"max_hp_gain":0,"max_hp_loss":0,"event_name":"Big Fish","floor":4,"gold_loss":0,"cards_obtained":["Regret"]},{"damage_healed":0,"gold_gain":0,"player_choice":"Ignored","damage_taken":0,"max_hp_gain":0,"max_hp_loss":0,"event_name":"Golden Wing","floor":13,"gold_loss":0},{"damage_healed":0,"gold_gain":0,"player_choice":"Stole Relic","damage_taken":0,"relics_obtained":["PreservedInsect"],"max_hp_gain":0,"max_hp_loss":0,"event_name":"Addict","floor":19,"gold_loss":0,"cards_obtained":["Shame"]},{"damage_healed":0,"gold_gain":0,"player_choice":"Obtained Book","damage_taken":21,"max_hp_gain":0,"max_hp_loss":0,"event_name":"Cursed Tome","floor":20,"gold_loss":0}],"is_beta":false,"boss_relics":[{"not_picked":["Cursed Key","Velvet Choker"],"picked":"FrozenCore"}],"items_purged_floors":[5,24],"is_endless":false,"potions_floor_spawned":[10,11,12,16,22],"killed_by":"Cultist and Chosen","ascension_level":20}