{"gold_per_floor":[110,35,53,53,53,89,89,122,149,173,187,187,208,108,108,237,237,261,279,378,378,401,401,201,201,201,222,237,272,285,255,255,384,384,398,398,398,412,425,425,425,425,425,468,481,481,130,148,148,148],"floor_reached":51,"playtime":1966,"items_purged":["Strike_R","Strike_R","Flex","Defend_R"],"score":1141,"play_id":"0cb36d3b-f4b8-4358-a7c6-c53420a141db","local_time":"20190429215055","is_ascension_mode":true,"campfire_choices":[{"data":"Pommel Strike","floor":7.0,"key":"SMITH"},{"data":"Rampage","floor":15.0,"key":"SMITH"},{"floor":23.0,"key":"REST"},{"floor":32.0,"key":"REST"},{"floor":40.0,"key":"REST"},{"floor":42.0,"key":"REST"},{"floor":46.0,"key":"REST"},{"floor":49.0,"key":"REST"}],"neow_cost":"NONE","seed_source_timestamp":0,"circlet_count":0,"master_deck":["AscendersBane","Strike_R","Strike_R","Defend_R","Defend_R","Defend_R","Warcry","Pommel Strike+1","Reaper","Rampage+1","Brutality","True Grit","Shrug It Off","Pommel Strike+1","Shrug It Off","Metallicize","Feel No Pain","Corruption","Exhume","Bloodletting","Rupture+1"],"special_seed":0,"relics":["Burning Blood","NeowsBlessing","Golden Idol","Happy Flower","Letter Opener","Vajra","Fusion Hammer","Mummified Hand","Bag of Marbles","Cursed Key","Dodecahedron","Red Skull"],"potions_floor_usage":[50],"damage_taken":[{"damage":0.0,"enemies":"Jaw Worm","floor":1.0,"turns":1.0},{"damage":0.0,"enemies":"Small Slimes","floor":3.0,"turns":1.0},{"damage":0.0,"enemies":"3 Sentries","floor":6.0,"turns":2.0},{"damage":46.0,"enemies":"Lagavulin","floor":8.0,"turns":6.0},{"damage":1.0,"enemies":"Cultist","floor":10.0,"turns":4.0},{"damage":16.0,"enemies":"3 Louse","floor":11.0,"turns":3.0},{"damage":5.0,"enemies":"2 Fungi Beasts","floor":13.0,"turns":3.0},{"damage":42.0,"enemies":"The Guardian","floor":16.0,"turns":11.0},{"damage":19.0,"enemies":"Spheric Guardian","floor":18.0,"turns":4.0},{"damage":2.0,"enemies":"Chosen","floor":19.0,"turns":4.0},{"damage":16.0,"enemies":"Snecko","floor":22.0,"turns":4.0},{"damage":19.0,"enemies":"Centurion and Healer","floor":27.0,"turns":6.0},{"damage":36.0,"enemies":"3 Cultists","floor":28.0,"turns":6.0},{"damage":35.0,"enemies":"Slavers","floor":29.0,"turns":5.0},{"damage":6.0,"enemies":"Snake Plant","floor":30.0,"turns":4.0},{"damage":38.0,"enemies":"Automaton","floor":33.0,"turns":6.0},{"damage":7.0,"enemies":"3 Darklings","floor":35.0,"turns":4.0},{"damage":28.0,"enemies":"Orb Walker","floor":38.0,"turns":5.0},{"damage":39.0,"enemies":"Sphere and 2 Shapes","floor":39.0,"turns":5.0},{"damage":26.0,"enemies":"Nemesis","floor":44.0,"turns":5.0},{"damage":22.0,"enemies":"3 Darklings","floor":45.0,"turns":4.0},{"damage":7.0,"enemies":"Jaw Worm Horde","floor":48.0,"turns":4.0},{"damage":79,"enemies":"Time Eater","floor":50,"turns":7}],"seed_played":"-7282420116371870821","potions_obtained":[{"floor":6.0,"key":"Poison Potion"},{"floor":8.0,"key":"Fire Potion"},{"floor":10.0,"key":"Block Potion"},{"floor":11.0,"key":"PowerPotion"},{"floor":22.0,"key":"Strength Potion"},{"floor":28.0,"key":"Swift Potion"},{"floor":31.0,"key":"Fire Potion"},{"floor":31.0,"key":"Ancient Potion"},{"floor":38.0,"key":"Energy Potion"}],"is_trial":false,"path_per_floor":["M","$","M","?","?","E","R","E","T","M","M","?","M","$","R","B",null,"M","M","?","?","M","R","$","?","T","M","M","E","M","?","R","B",null,"M","?","?","M","M","R","?","R","T","E","M","R","$","M","R","B",null],"character_chosen":"IRONCLAD","items_purchased":["Metallicize","Red Skull","Energy Potion"],"campfire_rested":6,"item_purchase_floors":[24,47,47],"current_hp_per_floor":[78,78,80,73,53,59,59,22,22,34,39,39,54,54,54,23,66,53,62,62,62,57,80,80,64,64,61,46,38,42,42,66,34,69,80,80,80,63,35,59,59,80,80,65,74,80,80,79,80,13],"gold":148,"neow_bonus":"THREE_ENEMY_KILL","is_prod":false,"is_daily":false,"chose_seed":false,"campfire_upgraded":2,"win_rate":0,"timestamp":1556545855,"path_taken":["M","$","M","?","?","E","R","E","T","?","M","?","?","$","R","BOSS","M","M","?","?","?","R","$","?","T","M","M","E","?","?","R","BOSS","M","?","?","M","M","R","?","R","T","E","M","R","$","M","R","BOSS"],"build_version":"2019-01-23","purchased_purges":4,"victory":true,"max_hp_per_floor":[80,80,80,80,80,80,80,80,80,80,80,80,80,80,80,80,80,80,80,80,80,80,80,80,80,80,80,80,80,80,80,80,80,80,80,80,80,80,80,80,80,80,80,80,80,80,80,80,80,80],"card_choices":[{"not_picked":["Havoc","Dropkick"],"picked":"Warcry","floor":1.0},{"not_picked":["Twin Strike","Sever Soul"],"picked":"Pommel Strike","floor":3.0},{"not_picked":["Infernal Blade","Fire Breathing"],"picked":"Reaper","floor":6.0},{"not_picked":["Carnage","Sword Boomerang","Clothesline"],"picked":"SKIP","floor":8.0},{"not_picked":["Heavy Blade","Pommel Strike","Corruption"],"picked":"SKIP","floor":10.0},{"not_picked":["Headbutt","Sword Boomerang"],"picked":"Flex","floor":11.0},{"not_picked":["Anger","Wild Strike"],"picked":"Rampage","floor":13.0},{"not_picked":["Exhume","Demon Form"],"picked":"Brutality","floor":16.0},{"not_picked":["Flex","Shockwave"],"picked":"True Grit","floor":18.0},{"not_picked":["Clash","Perfected Strike"],"picked":"Shrug It Off","floor":19.0},{"not_picked":["Warcry","Pommel Strike"],"picked":"Shrug It Off","floor":22.0},{"not_picked":["Wild Strike","Metallicize"],"picked":"Feel No Pain","floor":27.0},{"not_picked":["Warcry","Armaments"],"picked":"Corruption","floor":28.0},{"not_picked":["Spot Weakness","True Grit","Flex"],"picked":"SKIP","floor":29.0},{"not_picked":["Armaments","Heavy Blade","Fire Breathing"],"picked":"SKIP","floor":30.0},{"not_picked":["Limit Break","Immolate"],"picked":"Exhume","floor":33.0},{"not_picked":["Iron Wave","Pommel Strike","Anger+1"],"picked":"SKIP","floor":35.0},{"not_picked":["Corruption","Headbutt+1"],"picked":"Bloodletting","floor":38.0},{"not_picked":["Armaments","Pommel Strike","Body Slam"],"picked":"SKIP","floor":39.0},{"not_picked":["Infernal Blade","True Grit","Wild Strike"],"picked":"SKIP","floor":44.0},{"not_picked":["Wild Strike","Warcry+1","Reckless Charge"],"picked":"SKIP","floor":45.0},{"not_picked":["Clash+1","Perfected Strike"],"picked":"Rupture+1","floor":48.0}],"player_experience":551176,"relics_obtained":[{"floor":6.0,"key":"Happy Flower"},{"floor":8.0,"key":"Letter Opener"},{"floor":9.0,"key":"Vajra"},{"floor":26.0,"key":"Mummified Hand"},{"floor":29.0,"key":"Bag of Marbles"},{"floor":44.0,"key":"Dodecahedron"}],"event_choices":[{"cards_removed":["Strike_R"],"damage_healed":0.0,"max_hp_gain":0.0,"max_hp_loss":0.0,"gold_gain":0.0,"event_name":"Golden Wing","player_choice":"Card Removal","floor":4.0,"gold_loss":0.0,"damage_taken":7.0},{"damage_healed":0.0,"max_hp_gain":0.0,"max_hp_loss":0.0,"gold_gain":0.0,"event_name":"Golden Idol","player_choice":"Take Damage","floor":5.0,"gold_loss":0.0,"damage_taken":20.0,"relics_obtained":["Golden Idol"]},{"cards_removed":["Bash"],"damage_healed":0.0,"max_hp_gain":0.0,"max_hp_loss":0.0,"gold_gain":0.0,"event_name":"Bonfire Elementals","player_choice":"Offered Basic","floor":12.0,"gold_loss":0.0,"damage_taken":0.0},{"damage_healed":0.0,"max_hp_gain":0.0,"max_hp_loss":0.0,"gold_gain":99.0,"event_name":"Nest","player_choice":"Stole From Cult","floor":20.0,"gold_loss":0.0,"damage_taken":0.0},{"damage_healed":0.0,"max_hp_gain":0.0,"max_hp_loss":0.0,"gold_gain":0.0,"event_name":"Duplicator","player_choice":"Copied","floor":21.0,"gold_loss":0.0,"damage_taken":0.0,"cards_obtained":["Pommel Strike"]},{"damage_healed":0.0,"max_hp_gain":0.0,"max_hp_loss":0.0,"gold_gain":0.0,"event_name":"Knowing Skull","player_choice":"POTION ","floor":25.0,"potions_obtained":["SpeedPotion"],"gold_loss":0.0,"damage_taken":16.0,"cards_obtained":[]},{"damage_healed":0.0,"max_hp_gain":0.0,"max_hp_loss":0.0,"gold_gain":0.0,"event_name":"The Woman in Blue","player_choice":"Bought 2 Potions","floor":31.0,"gold_loss":0.0,"damage_taken":0.0},{"damage_healed":0.0,"max_hp_gain":0.0,"max_hp_loss":0.0,"gold_gain":0.0,"event_name":"SensoryStone","player_choice":"Memory 1","floor":36.0,"gold_loss":0.0,"damage_taken":0.0},{"damage_healed":0.0,"max_hp_gain":0.0,"max_hp_loss":0.0,"gold_gain":0.0,"event_name":"Mysterious Sphere","player_choice":"Ignored","floor":37.0,"gold_loss":0.0,"damage_taken":0.0},{"damage_healed":0.0,"max_hp_gain":0.0,"max_hp_loss":0.0,"gold_gain":0.0,"event_name":"Match and Keep!","player_choice":"0 cards matched","floor":41.0,"gold_loss":0.0,"damage_taken":0.0,"cards_obtained":[]}],"is_beta":false,"boss_relics":[{"not_picked":["Mark of Pain","Black Blood"],"picked":"Fusion Hammer"},{"not_picked":["Coffee Dripper","Pandora\u0027s Box"],"picked":"Cursed Key"}],"items_purged_floors":[2,14,24,47],"is_endless":false,"potions_floor_spawned":[6,8,10,11,22,28,38,45],"ascension_level":12}