{"path_per_floor":["M","$","?","?","M","R","M","R","T","?","R","E","M","?","R","B",null,"M","M","$","M","?","R","E"],"character_chosen":"DEFECT","items_purchased":["Rip and Tear","Static Discharge","Rainbow"],"gold_per_floor":[118,3,178,178,196,196,207,207,207,207,207,235,248,248,248,345,345,361,351,24,44,144,144,179,179],"floor_reached":25,"campfire_rested":1,"playtime":744,"current_hp_per_floor":[75,75,75,75,73,73,73,73,73,73,73,49,43,28,50,31,75,75,54,54,49,49,49,17,0],"items_purged":["Strike_B","Defend_B"],"gold":179,"score":241,"play_id":"8b4c0eab-978f-48c7-88ca-66014cbe0e81","local_time":"20180507185015","is_prod":false,"is_daily":false,"chose_seed":false,"is_ascension_mode":true,"campfire_upgraded":4,"timestamp":1525733415,"path_taken":["M","$","?","?","?","R","M","R","T","?","R","E","?","?","R","BOSS","M","M","$","M","?","R","E","M"],"build_version":"2018-05-03","seed_source_timestamp":0,"purchased_purges":2,"victory":false,"master_deck":["Strike_B+1","Strike_B","Strike_B+1","Defend_B","Defend_B","Defend_B","Zap","Dualcast","Cold Snap+1","Rip and Tear+1","Conserve Battery","Sweeping Beam","Panacea+1","White Noise","Glacier","Amplify","Ball Lightning","Static Discharge","Rainbow+1","Hologram+1","Thunder Strike"],"max_hp_per_floor":[75,75,75,75,75,75,75,75,75,75,75,75,75,75,75,75,75,75,75,75,75,75,75,75,75],"relics":["Cracked Core","Mercury Hourglass","Dream Catcher","Inserter","Orichalcum"],"card_choices":[{"not_picked":["Streamline","Axe Kick"],"picked":"Cold Snap","floor":1.0},{"not_picked":["Lockon","Leap"],"picked":"Conserve Battery","floor":5.0},{"not_picked":["Leap","Stack"],"picked":"Sweeping Beam","floor":7.0},{"not_picked":["Turbo","Axe Kick"],"picked":"White Noise","floor":12.0},{"not_picked":["Skim","Darkness"],"picked":"Glacier","floor":15.0},{"not_picked":["Nova","Biased Cognition"],"picked":"Amplify","floor":16.0},{"not_picked":["Leap","Auto Shields"],"picked":"Ball Lightning","floor":18.0},{"not_picked":["Capacitor","Ball Lightning"],"picked":"Hologram","floor":21.0},{"not_picked":["Ball Lightning","Cold Snap"],"picked":"Thunder Strike","floor":24.0}],"player_experience":57552,"potions_floor_usage":[25,25],"damage_taken":[{"damage":0.0,"enemies":"Small Slimes","floor":1.0,"turns":3.0},{"damage":2.0,"enemies":"Jaw Worm","floor":5.0,"turns":3.0},{"damage":0.0,"enemies":"Cultist","floor":7.0,"turns":3.0},{"damage":24.0,"enemies":"Lagavulin","floor":12.0,"turns":4.0},{"damage":6.0,"enemies":"Looter","floor":13.0,"turns":2.0},{"damage":19.0,"enemies":"The Guardian","floor":16.0,"turns":10.0},{"damage":0.0,"enemies":"Chosen","floor":18.0,"turns":5.0},{"damage":21.0,"enemies":"2 Thieves","floor":19.0,"turns":4.0},{"damage":5.0,"enemies":"Cultist and Chosen","floor":21.0,"turns":5.0},{"damage":32.0,"enemies":"Slavers","floor":24.0,"turns":3.0},{"damage":17,"enemies":"Slaver and Parasite","floor":25,"turns":1}],"event_choices":[{"event_name":"Liars Game","player_choice":"agreed","floor":3.0,"damage_taken":0.0},{"event_name":"Purifier","player_choice":"One Purge","floor":4.0,"damage_taken":0.0},{"event_name":"Match and Keep!","player_choice":"1 cards matched","floor":10.0,"damage_taken":0.0},{"event_name":"Shining Light","player_choice":"Entered Light","floor":14.0,"damage_taken":0.0},{"event_name":"Golden Shrine","player_choice":"Pray","floor":22.0,"damage_taken":0.0}],"boss_relics":[],"potions_floor_spawned":[5,7,13,18,24],"seed_played":"8134132121094805438","killed_by":"Slaver and Parasite","ascension_level":2,"is_trial":false}