{"gold_per_floor":[110,110,110,35,35,109,109,143,189,212,245,104,122,142,142,233,233,248,248,263,263],"floor_reached":21,"playtime":563,"items_purged":[],"score":494,"play_id":"ef5fe676-acf4-4b5f-a984-96fdd7b4ed7e","local_time":"20190207113843","is_ascension_mode":true,"campfire_choices":[{"data":"All Out Attack","floor":7.0,"key":"SMITH"},{"data":"Blade Dance","floor":15.0,"key":"SMITH"}],"neow_cost":"NONE","seed_source_timestamp":0,"circlet_count":0,"master_deck":["AscendersBane","Defend_G","Defend_G","Defend_G","Defend_G","Defend_G","Strike_G","Strike_G","Strike_G","Strike_G","Strike_G","Survivor","Neutralize+1","Slice","Injury","Accuracy","All Out Attack+1","Heel Hook","Blade Dance+1","Dagger Spray","Bandage Up","Infinite Blades+1","A Thousand Cuts+1","Envenom+1","Blade Dance","Terror"],"special_seed":0,"relics":["Ring of the Snake","NeowsBlessing","Golden Idol","Tiny Chest","Blood Vial","Snake Skull","Frozen Egg 2","Eternal Feather","Pantograph"],"potions_floor_usage":[20,20],"damage_taken":[{"damage":0.0,"enemies":"2 Louse","floor":1.0,"turns":1.0},{"damage":0.0,"enemies":"Gremlin Nob","floor":6.0,"turns":1.0},{"damage":0.0,"enemies":"Lagavulin","floor":8.0,"turns":1.0},{"damage":7.0,"enemies":"Jaw Worm","floor":10.0,"turns":4.0},{"damage":19.0,"enemies":"Gremlin Nob","floor":11.0,"turns":4.0},{"damage":4.0,"enemies":"Small Slimes","floor":13.0,"turns":3.0},{"damage":3.0,"enemies":"Looter","floor":14.0,"turns":3.0},{"damage":45.0,"enemies":"The Guardian","floor":16.0,"turns":12.0},{"damage":22,"enemies":"Spheric Guardian","floor":18,"turns":4},{"damage":32,"enemies":"Shell Parasite","floor":20,"turns":4},{"damage":12,"enemies":"Snake Plant","floor":21,"turns":2}],"seed_played":"-4851828207824424080","potions_obtained":[{"floor":1.0,"key":"Strength Potion"},{"floor":6.0,"key":"GhostInAJar"},{"floor":16.0,"key":"Weak Potion"},{"floor":18,"key":"Fire Potion"}],"is_trial":false,"path_per_floor":["M","?","?","$","?","E","R","E","T","M","E","$","M","M","R","B",null,"M","?","M","M"],"character_chosen":"THE_SILENT","items_purchased":["Accuracy","Bandage Up","Infinite Blades+1"],"campfire_rested":0,"item_purchase_floors":[4,12,12],"current_hp_per_floor":[59,59,59,59,59,59,59,59,59,54,37,37,39,42,42,3,50,34,34,8,0],"gold":263,"neow_bonus":"THREE_ENEMY_KILL","is_prod":false,"is_daily":false,"chose_seed":false,"campfire_upgraded":2,"win_rate":0,"timestamp":1549557523,"path_taken":["M","?","?","$","?","E","R","E","T","M","E","$","M","M","R","BOSS","M","?","?","?"],"build_version":"2019-01-23","purchased_purges":0,"victory":false,"max_hp_per_floor":[66,66,66,66,66,66,66,66,66,66,66,66,66,66,66,66,66,66,66,66,66],"card_choices":[{"not_picked":["Leg Sweep","Escape Plan"],"picked":"Slice","floor":1.0},{"not_picked":["Dodge and Roll","Setup"],"picked":"All Out Attack","floor":6.0},{"not_picked":["Flying Knee","Dagger Spray"],"picked":"Heel Hook","floor":8.0},{"not_picked":["Backflip","Leg Sweep"],"picked":"Blade Dance","floor":10.0},{"not_picked":["Setup","Acrobatics"],"picked":"Dagger Spray","floor":11.0},{"not_picked":["Flechettes","Skewer","Sucker Punch"],"picked":"SKIP","floor":13.0},{"not_picked":["Backstab","Dodge and Roll"],"picked":"A Thousand Cuts+1","floor":14.0},{"not_picked":["Die Die Die","Storm of Steel"],"picked":"Envenom+1","floor":16.0},{"not_picked":["Outmaneuver","Heel Hook"],"picked":"Blade Dance","floor":18},{"not_picked":["Setup","Quick Slash"],"picked":"Terror","floor":20}],"player_experience":833286,"relics_obtained":[{"floor":6.0,"key":"Tiny Chest"},{"floor":8.0,"key":"Blood Vial"},{"floor":9.0,"key":"Snake Skull"},{"floor":11.0,"key":"Frozen Egg 2"},{"floor":19,"key":"Pantograph"}],"event_choices":[{"damage_healed":0.0,"max_hp_gain":0.0,"max_hp_loss":0.0,"gold_gain":0.0,"event_name":"Golden Idol","player_choice":"Take Wound","floor":2.0,"gold_loss":0.0,"damage_taken":0.0,"relics_obtained":["Golden Idol"],"cards_obtained":["Injury"]},{"damage_healed":0.0,"max_hp_gain":0.0,"max_hp_loss":0.0,"gold_gain":0.0,"event_name":"Scrap Ooze","player_choice":"Fled","floor":3.0,"gold_loss":0.0,"damage_taken":0.0},{"damage_healed":0.0,"max_hp_gain":0.0,"max_hp_loss":0.0,"gold_gain":0.0,"event_name":"Living Wall","player_choice":"Grow","floor":5.0,"gold_loss":0.0,"damage_taken":0.0,"cards_upgraded":["Neutralize"]},{"damage_healed":0,"gold_gain":0,"player_choice":"Relic","damage_taken":0,"max_hp_gain":0,"max_hp_loss":0,"event_name":"Wheel of Change","floor":19,"gold_loss":0}],"is_beta":false,"boss_relics":[{"not_picked":["Calling Bell","Ring of the Serpent"],"picked":"Eternal Feather"}],"items_purged_floors":[],"is_endless":false,"potions_floor_spawned":[1,6,8,16,18],"killed_by":"Snake Plant","ascension_level":20}