{"gold_per_floor":[116,116,291,309,234,234,208,208,208,221,221,241,191,203,203,303,353,371,125,125,51,64,64,163,163,163,173,173,188,207,219,219,317,317,331,342,342,358,368,368,386,406,429,445,445,458,458,470,470,470],"floor_reached":50,"playtime":2679,"items_purged":["Doubt","Strike_B"],"score":685,"play_id":"c20a4e36-3a4b-4819-b98a-b9aa5480f847","local_time":"20180903010120","is_ascension_mode":true,"campfire_choices":[{"data":"Zap","floor":6,"key":"SMITH"},{"data":"Self Repair","floor":8,"key":"SMITH"},{"data":"Dualcast","floor":11,"key":"SMITH"},{"data":"Gash","floor":15,"key":"SMITH"},{"data":"Scrape","floor":23,"key":"SMITH"},{"floor":25,"key":"REST"},{"data":"Scrape","floor":28,"key":"SMITH"},{"floor":32,"key":"REST"},{"data":"Buffer","floor":40,"key":"SMITH"},{"floor":47,"key":"REST"},{"data":"BootSequence","floor":49,"key":"SMITH"}],"neow_cost":"","seed_source_timestamp":261901619059043,"circlet_count":0,"master_deck":["Strike_B","Strike_B","Defend_B","Defend_B","Defend_B","Defend_B+1","Zap+1","Dualcast+1","AscendersBane","Self Repair+1","Gash+1","Gash","Gash","Buffer+1","Steam","Gash","Scrape+1","Self Repair","Scrape+1","Hyperbeam","Gash","BootSequence+1","Gash","Gash+1","Conserve Battery+1","Steam+1","Steam+1"],"relics":["Cracked Core","Bag of Marbles","Tiny House","Incense Burner","Orrery","Regal Pillow"],"potions_floor_usage":[18,22],"damage_taken":[{"damage":4,"enemies":"Small Slimes","floor":1,"turns":3},{"damage":13,"enemies":"Jaw Worm","floor":4,"turns":4},{"damage":3,"enemies":"2 Louse","floor":10,"turns":2},{"damage":0,"enemies":"Large Slime","floor":12,"turns":4},{"damage":30,"enemies":"Gremlin Gang","floor":14,"turns":5},{"damage":58,"enemies":"Slime Boss","floor":16,"turns":10},{"damage":31,"enemies":"3 Byrds","floor":18,"turns":7},{"damage":9,"enemies":"Shell Parasite","floor":22,"turns":4},{"damage":19,"enemies":"Sentry and Sphere","floor":27,"turns":5},{"damage":4,"enemies":"Chosen and Byrds","floor":29,"turns":5},{"damage":0,"enemies":"Centurion and Healer","floor":30,"turns":3},{"damage":41,"enemies":"Shelled Parasite and Fungi","floor":31,"turns":5},{"damage":57,"enemies":"Champ","floor":33,"turns":9},{"damage":34,"enemies":"3 Darklings","floor":35,"turns":6},{"damage":0,"enemies":"Orb Walker","floor":36,"turns":4},{"damage":9,"enemies":"3 Darklings","floor":38,"turns":4},{"damage":30,"enemies":"Transient","floor":39,"turns":5},{"damage":0,"enemies":"4 Shapes","floor":41,"turns":1},{"damage":18,"enemies":"Spire Growth","floor":42,"turns":6},{"damage":14,"enemies":"Reptomancer","floor":44,"turns":8},{"damage":33,"enemies":"Maw","floor":46,"turns":7},{"damage":7,"enemies":"Sphere and 2 Shapes","floor":48,"turns":4},{"damage":83,"enemies":"Time Eater","floor":50,"turns":7}],"seed_played":"7131397204176501068","potions_obtained":[{"floor":4,"key":"Dexterity Potion"},{"floor":14,"key":"SmokeBomb"},{"floor":17,"key":"Dexterity Potion"},{"floor":22,"key":"SmokeBomb"},{"floor":31,"key":"LiquidBronze"},{"floor":48,"key":"Energy Potion"}],"is_trial":false,"path_per_floor":["M","?","?","M","$","R","$","R","T","M","R","M","?","M","R","B",null,"M","$","?","$","M","R","?","R","T","M","R","M","M","M","R","B",null,"M","M","?","M","M","R","M","M","T","M","?","M","R","M","R"],"character_chosen":"DEFECT","items_purchased":["Gash","Scrape","Self Repair","Scrape"],"campfire_rested":3,"item_purchase_floors":[7,19,19,21],"current_hp_per_floor":[64,69,69,63,63,63,63,63,63,70,70,80,80,60,60,12,68,47,47,47,47,48,48,48,73,73,64,64,67,77,53,78,38,73,56,63,63,54,34,34,34,33,33,36,81,65,81,81,81,0],"gold":470,"neow_bonus":"","is_prod":false,"is_daily":false,"chose_seed":false,"campfire_upgraded":8,"win_rate":0,"timestamp":1535929280,"path_taken":["M","?","?","?","?","R","$","R","T","M","R","?","?","?","R","BOSS","M","$","?","$","M","R","?","R","T","M","R","?","M","M","R","BOSS","M","M","?","M","M","R","M","M","T","?","?","M","R","M","R","BOSS"],"build_version":"2018-08-30","purchased_purges":2,"victory":false,"max_hp_per_floor":[75,80,80,80,80,80,80,80,80,80,80,80,80,80,80,80,85,85,85,85,85,85,85,85,85,85,85,85,85,85,85,85,85,85,85,85,81,81,81,81,81,81,81,81,81,81,81,81,81,81],"card_choices":[{"not_picked":["Turbo","Heatsinks"],"picked":"Self Repair","floor":1},{"not_picked":["Rebound","Undo","Compile Driver"],"picked":"SKIP","floor":4},{"not_picked":["Loop","Barrage"],"picked":"Gash","floor":10},{"not_picked":["Melter","Cold Snap","Turbo"],"picked":"SKIP","floor":12},{"not_picked":["Machine Learning","Steam"],"picked":"Gash","floor":14},{"not_picked":["Reboot","Rainbow"],"picked":"Buffer","floor":16},{"not_picked":["Barrage","Tempest"],"picked":"Steam","floor":17},{"not_picked":["Conserve Battery","Go for the Eyes"],"picked":"Gash","floor":18},{"not_picked":["Redo","Skim+1","Sweeping Beam+1"],"picked":"SKIP","floor":22},{"not_picked":["Double Energy","Coolheaded+1"],"picked":"Hyperbeam","floor":27},{"not_picked":["Coolheaded","Leap"],"picked":"Gash","floor":29},{"not_picked":["Blizzard+1","Tempest+1","Doom and Gloom+1"],"picked":"SKIP","floor":30},{"not_picked":["Fusion+1","Aggregate"],"picked":"BootSequence","floor":31},{"not_picked":["Conserve Battery","Streamline"],"picked":"Gash","floor":34},{"not_picked":["Rainbow","Cold Snap+1","Go for the Eyes"],"picked":"SKIP","floor":35},{"not_picked":["Hologram","Redo"],"picked":"Gash+1","floor":36},{"not_picked":["Leap","Force Field","Consume"],"picked":"SKIP","floor":38},{"not_picked":["Buffer","FTL+1","Barrage"],"picked":"SKIP","floor":39},{"not_picked":["Undo","Stack+1"],"picked":"Conserve Battery+1","floor":41},{"not_picked":["Beam Cell+1","Leap+1","Barrage"],"picked":"SKIP","floor":42},{"not_picked":["Rainbow","Genetic Algorithm","Chill+1"],"picked":"SKIP","floor":44},{"not_picked":["Sweeping Beam","Tempest"],"picked":"Steam+1","floor":46},{"not_picked":["Compile Driver+1","Redo+1"],"picked":"Steam+1","floor":48}],"player_experience":576871,"relics_obtained":[{"floor":9,"key":"Bag of Marbles"},{"floor":26,"key":"Incense Burner"},{"floor":43,"key":"Regal Pillow"}],"event_choices":[{"event_name":"Big Fish","player_choice":"Donut","floor":2,"damage_taken":0},{"event_name":"Liars Game","player_choice":"agreed","floor":3,"damage_taken":0},{"event_name":"The Cleric","player_choice":"Card Removal","floor":13,"damage_taken":0},{"event_name":"Nest","player_choice":"Stole From Cult","floor":24,"damage_taken":0},{"event_name":"Winding Halls","player_choice":"Max HP","floor":37,"damage_taken":0},{"event_name":"Wheel of Change","player_choice":"Full Heal","floor":45,"damage_taken":0}],"is_beta":false,"boss_relics":[{"not_picked":["Inserter","Busted Crown"],"picked":"Tiny House"},{"not_picked":["Eternal Feather","White Beast Statue"],"picked":"Orrery"}],"items_purged_floors":[5,19],"is_endless":false,"potions_floor_spawned":[4,14,22,31,33,36,41,48],"killed_by":"Time Eater","ascension_level":10}