{"gold_per_floor":[117,117,117,192,39,69,119,136,186,186,201,528,430,445,445,520,520,539,553,379,393,483,483,515,515,515,515,535,555,555],"floor_reached":30,"playtime":1045,"items_purged":["Strike_R","Strike_R"],"score":543,"play_id":"281a74e9-4bad-4d1b-9119-2e8c3689f7d5","local_time":"20190405192300","is_ascension_mode":true,"campfire_choices":[{"data":"Armaments","floor":10.0,"key":"SMITH"},{"data":"Wild Strike","floor":15.0,"key":"SMITH"},{"floor":23,"key":"REST"},{"data":"Burning Pact","floor":25,"key":"SMITH"},{"data":"Offering","floor":27,"key":"SMITH"}],"neow_cost":"NONE","seed_source_timestamp":0,"circlet_count":0,"master_deck":["AscendersBane","Strike_R+1","Strike_R","Strike_R+1","Defend_R","Defend_R","Defend_R","Defend_R","Bash","Armaments+1","Evolve","Battle Trance","Wild Strike+1","Offering+1","Barricade","Perfected Strike","Shrug It Off","Burning Pact+1","Body Slam","Perfected Strike"],"special_seed":0,"relics":["Burning Blood","NeowsBlessing","Dream Catcher","Pen Nib","Old Coin","Calipers","Snecko Eye","StoneCalendar","Frozen Egg 2"],"potions_floor_usage":[24,24,29],"damage_taken":[{"damage":0.0,"enemies":"Small Slimes","floor":1.0,"turns":1.0},{"damage":0.0,"enemies":"Jaw Worm","floor":3.0,"turns":1.0},{"damage":0.0,"enemies":"Lagavulin","floor":6.0,"turns":1.0},{"damage":1.0,"enemies":"2 Louse","floor":8.0,"turns":3.0},{"damage":16.0,"enemies":"Lots of Slimes","floor":11.0,"turns":8.0},{"damage":10.0,"enemies":"3 Sentries","floor":12.0,"turns":8.0},{"damage":6.0,"enemies":"Large Slime","floor":14.0,"turns":3.0},{"damage":23.0,"enemies":"The Guardian","floor":16.0,"turns":12.0},{"damage":12,"enemies":"Chosen","floor":18,"turns":2},{"damage":10,"enemies":"3 Byrds","floor":19,"turns":7},{"damage":19,"enemies":"Sentry and Sphere","floor":21,"turns":4},{"damage":6,"enemies":"Book of Stabbing","floor":24,"turns":5},{"damage":38,"enemies":"Snecko","floor":28,"turns":7},{"damage":6,"enemies":"Chosen and Byrds","floor":29,"turns":6},{"damage":26,"enemies":"Centurion and Healer","floor":30,"turns":2}],"seed_played":"-2058152693159791174","potions_obtained":[{"floor":1.0,"key":"Energy Potion"},{"floor":6.0,"key":"Strength Potion"},{"floor":16.0,"key":"Strength Potion"},{"floor":28,"key":"EssenceOfSteel"}],"is_trial":false,"path_per_floor":["M","?","M","?","$","E","?","M","T","R","M","E","?","M","R","B",null,"M","M","$","M","?","R","E","R","T","R","M","M","M"],"character_chosen":"IRONCLAD","items_purchased":["Evolve","Shrug It Off","SkillPotion"],"campfire_rested":1,"item_purchase_floors":[5,20,20],"current_hp_per_floor":[74,51,57,46,46,52,52,57,57,57,47,43,43,43,43,26,63,57,53,53,40,26,48,48,48,48,48,16,16,0],"gold":555,"neow_bonus":"THREE_ENEMY_KILL","is_prod":false,"is_daily":false,"chose_seed":true,"campfire_upgraded":4,"win_rate":0,"timestamp":1554463380,"path_taken":["M","?","M","?","$","E","?","?","T","R","M","E","?","M","R","BOSS","M","?","$","M","?","R","E","R","T","R","?","?","M"],"build_version":"2019-01-23","purchased_purges":2,"victory":false,"max_hp_per_floor":[75,75,75,75,75,75,75,75,75,75,75,75,75,75,75,75,75,75,75,75,75,75,75,75,75,75,75,75,75,75],"card_choices":[{"not_picked":["Sentinel","Wild Strike","Twin Strike"],"picked":"SKIP","floor":1.0},{"not_picked":["Inflame","Clash"],"picked":"Armaments","floor":3.0},{"not_picked":["Sentinel","Thunderclap"],"picked":"Battle Trance","floor":6.0},{"not_picked":["Headbutt","Dropkick","Cleave"],"picked":"SKIP","floor":8.0},{"not_picked":["Wild Strike","Havoc","Warcry"],"picked":"SKIP","floor":11.0},{"not_picked":["Havoc","Warcry"],"picked":"Wild Strike","floor":11.0},{"not_picked":["Flex","Spot Weakness"],"picked":"Offering","floor":12.0},{"not_picked":["Twin Strike","Cleave","Battle Trance"],"picked":"SKIP","floor":14.0},{"not_picked":["Twin Strike","Cleave","Battle Trance"],"picked":"SKIP","floor":14.0},{"not_picked":["Fiend Fire","Limit Break"],"picked":"Barricade","floor":16.0},{"not_picked":["Whirlwind","Pommel Strike","Clothesline"],"picked":"SKIP","floor":18},{"not_picked":["Feel No Pain","Shrug It Off"],"picked":"Perfected Strike","floor":19},{"not_picked":["Carnage+1","Heavy Blade"],"picked":"Burning Pact","floor":21},{"not_picked":["Havoc","Seeing Red"],"picked":"Body Slam","floor":23},{"not_picked":["Heavy Blade","Sword Boomerang+1","Combust"],"picked":"SKIP","floor":24},{"not_picked":["Wild Strike","Carnage+1"],"picked":"Perfected Strike","floor":28},{"not_picked":["Clash+1","Blood for Blood","Evolve+1"],"picked":"SKIP","floor":29}],"player_experience":1329513,"relics_obtained":[{"floor":6.0,"key":"Dream Catcher"},{"floor":9.0,"key":"Pen Nib"},{"floor":12.0,"key":"Old Coin"},{"floor":24,"key":"StoneCalendar"},{"floor":26,"key":"Frozen Egg 2"}],"event_choices":[{"damage_healed":0.0,"max_hp_gain":0.0,"max_hp_loss":0.0,"gold_gain":0.0,"event_name":"Shining Light","player_choice":"Entered Light","floor":2.0,"gold_loss":0.0,"damage_taken":23.0,"cards_upgraded":["Strike_R","Strike_R"]},{"damage_healed":0.0,"max_hp_gain":0.0,"max_hp_loss":0.0,"gold_gain":75.0,"event_name":"World of Goop","player_choice":"Gather Gold","floor":4.0,"gold_loss":0.0,"damage_taken":11.0},{"damage_healed":0.0,"max_hp_gain":0.0,"max_hp_loss":0.0,"gold_gain":50.0,"event_name":"Golden Shrine","player_choice":"Pray","floor":7.0,"gold_loss":0.0,"damage_taken":0.0},{"damage_healed":0.0,"max_hp_gain":0.0,"max_hp_loss":0.0,"gold_gain":0.0,"event_name":"WeMeetAgain","player_choice":"Paid Gold","floor":13.0,"gold_loss":98.0,"damage_taken":0.0,"relics_obtained":["Calipers"]},{"damage_healed":0,"gold_gain":90,"player_choice":"GOLD ","damage_taken":14,"max_hp_gain":0,"max_hp_loss":0,"event_name":"Knowing Skull","floor":22,"potions_obtained":[],"gold_loss":0,"cards_obtained":[]}],"is_beta":false,"boss_relics":[{"not_picked":["Pandora\u0027s Box","Runic Cube"],"picked":"Snecko Eye"}],"items_purged_floors":[5,20],"is_endless":false,"potions_floor_spawned":[1,6,8,16,21,28],"killed_by":"Centurion and Healer","ascension_level":15}