{"gold_per_floor":[109,129,129,139,139,139,163,238,238,255,279,13,13],"floor_reached":13,"playtime":249,"items_purged":[],"score":146,"play_id":"3097ea49-45b0-4236-b36d-f7e327aaf923","local_time":"20181221053307","is_ascension_mode":true,"campfire_choices":[{"data":"Ball Lightning","floor":6,"key":"SMITH"}],"neow_cost":"NONE","seed_source_timestamp":42612183357951,"circlet_count":0,"master_deck":["AscendersBane","Strike_B","Strike_B+1","Strike_B","Strike_B","Defend_B","Defend_B+1","Defend_B","Defend_B","Zap","Dualcast","Ball Lightning+1","Steam","Ball Lightning","White Noise","Defragment"],"relics":["Cracked Core","NeowsBlessing","Odd Mushroom","Potion Belt","Omamori","MealTicket"],"potions_floor_usage":[13],"damage_taken":[{"damage":0,"enemies":"2 Louse","floor":1,"turns":1},{"damage":0,"enemies":"Small Slimes","floor":2,"turns":1},{"damage":0,"enemies":"Jaw Worm","floor":4,"turns":1},{"damage":7,"enemies":"The Mushroom Lair","floor":7,"turns":4},{"damage":8,"enemies":"3 Louse","floor":10,"turns":3},{"damage":18,"enemies":"Gremlin Gang","floor":13,"turns":3}],"seed_played":"-1735926653954542040","potions_obtained":[{"floor":1,"key":"PowerPotion"},{"floor":10,"key":"Block Potion"}],"is_trial":false,"path_per_floor":["M","M","?","M","?","R","?","?","T","M","T","$","M"],"character_chosen":"DEFECT","items_purchased":["Defragment","MealTicket"],"campfire_rested":0,"item_purchase_floors":[12,12],"current_hp_per_floor":[64,64,64,64,43,43,36,25,25,17,17,17,0],"gold":13,"neow_bonus":"THREE_ENEMY_KILL","is_prod":false,"is_daily":false,"chose_seed":false,"campfire_upgraded":1,"win_rate":0,"timestamp":1545388387,"path_taken":["M","M","?","M","?","R","?","?","T","M","?","$","?"],"build_version":"2018-12-20","purchased_purges":0,"victory":false,"max_hp_per_floor":[71,71,71,71,71,71,71,71,71,71,71,71,71],"card_choices":[{"not_picked":["Lockon","Hello World"],"picked":"Ball Lightning","floor":1},{"not_picked":["Leap","Gash"],"picked":"Steam","floor":2},{"not_picked":["Gash","Auto Shields"],"picked":"Ball Lightning","floor":4},{"not_picked":["Reboot","Barrage"],"picked":"White Noise","floor":7},{"not_picked":["Compile Driver","FTL","Gash"],"picked":"SKIP","floor":10}],"player_experience":792129,"relics_obtained":[{"floor":7,"key":"Odd Mushroom"},{"floor":9,"key":"Potion Belt"},{"floor":11,"key":"Omamori"}],"event_choices":[{"damage_healed":0,"gold_gain":0,"player_choice":"Fled","damage_taken":0,"max_hp_gain":0,"max_hp_loss":0,"event_name":"Scrap Ooze","floor":3,"gold_loss":0},{"damage_healed":0,"gold_gain":0,"player_choice":"Entered Light","damage_taken":21,"max_hp_gain":0,"max_hp_loss":0,"event_name":"Shining Light","floor":5,"gold_loss":0,"cards_upgraded":["Strike_B","Defend_B"]},{"damage_healed":0,"gold_gain":0,"player_choice":"Fought Mushrooms","damage_taken":0,"max_hp_gain":0,"max_hp_loss":0,"event_name":"Mushrooms","floor":7,"gold_loss":0},{"damage_healed":0,"gold_gain":75,"player_choice":"Gather Gold","damage_taken":11,"max_hp_gain":0,"max_hp_loss":0,"event_name":"World of Goop","floor":8,"gold_loss":0}],"is_beta":false,"boss_relics":[],"items_purged_floors":[],"is_endless":false,"potions_floor_spawned":[1,10],"killed_by":"Gremlin Gang","ascension_level":20}