{"gold_per_floor":[112,14,26,1,20,20,45,45,71,71,85,100,100,117,117,188,188,201,201,121],"floor_reached":20,"playtime":820,"items_purged":[],"score":348,"play_id":"61fd5bc2-490c-4bd1-b84e-c1063532ea8c","local_time":"20190423020516","is_ascension_mode":true,"campfire_choices":[{"data":"Dagger Spray","floor":6.0,"key":"SMITH"},{"floor":8.0,"key":"REST"},{"floor":15.0,"key":"REST"}],"neow_cost":"NONE","seed_source_timestamp":663880041864200,"circlet_count":0,"master_deck":["AscendersBane","Defend_G","Defend_G","Defend_G","Defend_G","Defend_G","Strike_G","Strike_G","Strike_G","Strike_G","Survivor","Neutralize","Impatience","Noxious Fumes","Flash of Steel","PiercingWail","Dagger Spray+1","Deadly Poison","Well Laid Plans","Footwork","Bane","Flechettes","Malaise","After Image","PiercingWail"],"special_seed":0,"relics":["Ring of the Snake","Omamori","Regal Pillow","White Beast Statue"],"potions_floor_usage":[18],"damage_taken":[{"damage":1.0,"enemies":"Cultist","floor":1.0,"turns":4.0},{"damage":4.0,"enemies":"Jaw Worm","floor":3.0,"turns":5.0},{"damage":3.0,"enemies":"2 Louse","floor":5.0,"turns":2.0},{"damage":32.0,"enemies":"Lagavulin","floor":7.0,"turns":8.0},{"damage":4.0,"enemies":"Red Slaver","floor":11.0,"turns":5.0},{"damage":1.0,"enemies":"Looter","floor":12.0,"turns":4.0},{"damage":0.0,"enemies":"Gremlin Gang","floor":14.0,"turns":3.0},{"damage":54.0,"enemies":"Slime Boss","floor":16.0,"turns":11.0},{"damage":24,"enemies":"Shell Parasite","floor":18,"turns":6},{"damage":17,"enemies":"2 Thieves","floor":20,"turns":2}],"seed_played":"894616599522690709","potions_obtained":[{"floor":5.0,"key":"Explosive Potion"},{"floor":11.0,"key":"EssenceOfSteel"},{"floor":18,"key":"FearPotion"}],"is_trial":false,"path_per_floor":["M","$","M","$","M","R","E","R","T","?","M","M","?","M","R","B",null,"M","?","M"],"character_chosen":"THE_SILENT","items_purchased":["Flash of Steel","Dagger Spray"],"campfire_rested":2,"item_purchase_floors":[2,4],"current_hp_per_floor":[58,58,54,54,51,51,19,38,38,43,39,38,38,38,71,17,58,34,14,0],"gold":121,"neow_bonus":"RANDOM_COLORLESS","is_prod":false,"is_daily":false,"chose_seed":false,"campfire_upgraded":1,"win_rate":0,"timestamp":1555999516,"path_taken":["M","?","M","$","M","R","E","R","T","?","?","M","?","?","R","BOSS","M","?","M"],"build_version":"2019-04-21","purchased_purges":0,"victory":false,"max_hp_per_floor":[66,66,66,66,66,66,66,66,66,71,71,71,71,71,71,71,71,71,76,76],"card_choices":[{"not_picked":["Slice","All Out Attack"],"picked":"Noxious Fumes","floor":1.0},{"not_picked":["Slice","Sucker Punch"],"picked":"PiercingWail","floor":3.0},{"not_picked":["Blade Dance","Eviscerate"],"picked":"Deadly Poison","floor":5.0},{"not_picked":["Backflip","Cloak And Dagger"],"picked":"Well Laid Plans","floor":7.0},{"not_picked":["Sucker Punch","PiercingWail"],"picked":"Footwork","floor":11.0},{"not_picked":["Prepared","Dagger Spray"],"picked":"Bane","floor":12.0},{"not_picked":["Tactician","Dagger Spray"],"picked":"Malaise","floor":14.0},{"not_picked":["A Thousand Cuts","Venomology"],"picked":"After Image","floor":16.0},{"not_picked":["Poisoned Stab","Deflect"],"picked":"PiercingWail","floor":18}],"player_experience":1369154,"relics_obtained":[{"floor":7.0,"key":"Omamori"},{"floor":9.0,"key":"Regal Pillow"}],"event_choices":[{"damage_healed":0.0,"max_hp_gain":5.0,"max_hp_loss":0.0,"gold_gain":0.0,"event_name":"Big Fish","player_choice":"Donut","floor":10.0,"gold_loss":0.0,"damage_taken":0.0},{"damage_healed":0.0,"max_hp_gain":0.0,"max_hp_loss":0.0,"gold_gain":0.0,"cards_transformed":["Strike_G"],"event_name":"Transmorgrifier","player_choice":"Transformed","floor":13.0,"gold_loss":0.0,"damage_taken":0.0,"cards_obtained":["Flechettes"]},{"damage_healed":0,"gold_gain":0,"player_choice":"Shed Blood","damage_taken":25,"max_hp_gain":5,"max_hp_loss":0,"event_name":"Forgotten Altar","floor":19,"gold_loss":0}],"is_beta":true,"boss_relics":[{"not_picked":["Lizard Tail","Orrery"],"picked":"White Beast Statue"}],"items_purged_floors":[],"is_endless":false,"potions_floor_spawned":[5,11,12,18],"killed_by":"2 Thieves","ascension_level":20}