{"gold_per_floor":[111,124,124,138,63,127,140,140,211,228,228,248,262,278,278,379,379,393,409,81,95,95,95,111,111,111,126,138,138],"floor_reached":29,"playtime":4145,"items_purged":["Normality","Doom and Gloom"],"score":326,"play_id":"c71c0851-d5e4-4046-a1ab-eb2c80022d0e","local_time":"20180820011430","is_ascension_mode":true,"campfire_choices":[{"data":"Zap","floor":11,"key":"SMITH"},{"floor":15,"key":"REST"},{"data":"Force Field","floor":23,"key":"SMITH"},{"floor":25,"key":"REST"}],"neow_cost":"CURSE","seed_source_timestamp":37349048440255,"circlet_count":0,"master_deck":["Zap+1","Dualcast","Rip and Tear","Self Repair","FTL","Defragment","Hologram","All For One","Scrape","Force Field+1","Storm","Echo Form","Scrape+1","Cold Snap","Cold Snap+1","Rebound","Steam+1","Seek","Conserve Battery","Steam","Defragment","Hologram+1","Writhe","Capacitor+1","Self Repair"],"relics":["Cracked Core","Prayer Wheel","Tiny Chest","Matryoshka","Pandora\u0027s Box","Whetstone","Orichalcum","Centennial Puzzle","Shovel"],"potions_floor_usage":[18,24,24,24,29],"damage_taken":[{"damage":12,"enemies":"Small Slimes","floor":1,"turns":3},{"damage":3,"enemies":"2 Louse","floor":2,"turns":3},{"damage":2,"enemies":"Jaw Worm","floor":4,"turns":3},{"damage":30,"enemies":"3 Sentries","floor":6,"turns":6},{"damage":8,"enemies":"Large Slime","floor":7,"turns":5},{"damage":1,"enemies":"2 Fungi Beasts","floor":10,"turns":3},{"damage":8,"enemies":"Looter","floor":12,"turns":2},{"damage":0,"enemies":"Large Slime","floor":13,"turns":4},{"damage":0,"enemies":"Exordium Thugs","floor":14,"turns":3},{"damage":38,"enemies":"Slime Boss","floor":16,"turns":5},{"damage":28,"enemies":"Shell Parasite","floor":18,"turns":5},{"damage":16,"enemies":"Spheric Guardian","floor":19,"turns":4},{"damage":15,"enemies":"Cultist and Chosen","floor":21,"turns":6},{"damage":8,"enemies":"Centurion and Healer","floor":24,"turns":5},{"damage":7,"enemies":"Snecko","floor":27,"turns":5},{"damage":56,"enemies":"Cultist and Chosen","floor":28,"turns":6},{"damage":7,"enemies":"Shelled Parasite and Fungi","floor":29,"turns":3}],"seed_played":"-496202262836485710","potions_obtained":[{"floor":2,"key":"SneckoOil"},{"floor":7,"key":"LiquidBronze"},{"floor":13,"key":"SpeedPotion"},{"floor":16,"key":"Weak Potion"},{"floor":19,"key":"AttackPotion"},{"floor":21,"key":"EssenceOfSteel"},{"floor":24,"key":"FairyPotion"},{"floor":28,"key":"Weak Potion"}],"is_trial":false,"path_per_floor":["M","M","?","M","$","E","M","?","T","M","R","M","M","M","R","B",null,"M","M","$","M","?","R","M","R","T","M","M"],"character_chosen":"DEFECT","items_purchased":["Whetstone","Steam","Defragment"],"campfire_rested":2,"item_purchase_floors":[20,20,20],"current_hp_per_floor":[63,67,60,65,65,42,34,27,27,33,33,25,32,39,61,30,64,43,34,34,26,26,26,25,47,47,47,7,0],"gold":138,"neow_bonus":"TRANSFORM_TWO_CARDS","is_prod":false,"is_daily":false,"chose_seed":false,"campfire_upgraded":2,"win_rate":0,"timestamp":1534720470,"path_taken":["M","M","?","M","$","E","M","?","T","M","R","?","?","M","R","BOSS","M","M","$","M","?","R","M","R","T","M","M","M"],"build_version":"2018-08-16","purchased_purges":2,"victory":false,"max_hp_per_floor":[75,75,75,75,75,75,75,75,75,75,75,75,75,75,75,75,75,75,75,75,75,75,75,75,75,75,75,75,75],"card_choices":[{"not_picked":["Leap","Lockon","Heatsinks"],"picked":"SKIP","floor":1},{"not_picked":["Hologram","Stack"],"picked":"FTL","floor":2},{"not_picked":["Fusion","Sweeping Beam","Heatsinks"],"picked":"SKIP","floor":4},{"not_picked":["Chaos","Double Energy","Sweeping Beam"],"picked":"SKIP","floor":4},{"not_picked":["Force Field","Conserve Battery"],"picked":"Defragment","floor":6},{"not_picked":["Beam Cell","Sweeping Beam"],"picked":"Hologram","floor":7},{"not_picked":["Sunder","Streamline","Hello World"],"picked":"SKIP","floor":7},{"not_picked":["Blizzard","Turbo"],"picked":"All For One","floor":10},{"not_picked":["Aggregate","Leap","Hologram"],"picked":"SKIP","floor":10},{"not_picked":["Heatsinks","Ball Lightning"],"picked":"Scrape","floor":12},{"not_picked":["Chill","Streamline","Rebound"],"picked":"SKIP","floor":12},{"not_picked":["Chill","Streamline","Rebound"],"picked":"SKIP","floor":12},{"not_picked":["Ball Lightning","BootSequence"],"picked":"Force Field","floor":13},{"not_picked":["Coolheaded","Melter","Storm"],"picked":"SKIP","floor":13},{"not_picked":["Coolheaded","Melter"],"picked":"Storm","floor":13},{"not_picked":["Beam Cell","Hello World","Stack"],"picked":"SKIP","floor":14},{"not_picked":["Streamline","Hologram","Multi-Cast"],"picked":"SKIP","floor":14},{"not_picked":["Reboot","Electrodynamics"],"picked":"Echo Form","floor":16},{"not_picked":["Hologram","Streamline+1"],"picked":"Steam+1","floor":18},{"not_picked":["Conserve Battery","Static Discharge","Seek"],"picked":"SKIP","floor":18},{"not_picked":["Conserve Battery","Static Discharge"],"picked":"Seek","floor":18},{"not_picked":["FTL+1","Skim"],"picked":"Conserve Battery","floor":19},{"not_picked":["Barrage+1","Cold Snap","Beam Cell+1"],"picked":"SKIP","floor":19},{"not_picked":["Aggregate","FTL"],"picked":"Hologram+1","floor":21},{"not_picked":["Rebound","FTL","Coolheaded"],"picked":"SKIP","floor":21},{"not_picked":["Rebound","FTL","Coolheaded"],"picked":"SKIP","floor":21},{"not_picked":["Redo","Melter+1"],"picked":"Capacitor+1","floor":24},{"not_picked":["Redo","Sweeping Beam","Compile Driver+1"],"picked":"SKIP","floor":24},{"not_picked":["Recycle+1","Rebound+1","Ball Lightning"],"picked":"SKIP","floor":27},{"not_picked":["Reprogram","Scrape","Rebound"],"picked":"SKIP","floor":27},{"not_picked":["Redo","Consume"],"picked":"Self Repair","floor":28},{"not_picked":["Chill","Rebound","Hologram"],"picked":"SKIP","floor":28}],"player_experience":481254,"relics_obtained":[{"floor":6,"key":"Tiny Chest"},{"floor":9,"key":"Matryoshka"},{"floor":26,"key":"Centennial Puzzle"},{"floor":26,"key":"Shovel"}],"event_choices":[{"event_name":"Scrap Ooze","player_choice":"success","floor":3,"damage_taken":7},{"event_name":"Golden Wing","player_choice":"Card Removal","floor":8,"damage_taken":0},{"event_name":"The Mausoleum","player_choice":"Yes","floor":22,"damage_taken":0}],"is_beta":false,"boss_relics":[{"not_picked":["Ectoplasm","White Beast Statue"],"picked":"Pandora\u0027s Box"}],"items_purged_floors":[5,20],"is_endless":false,"potions_floor_spawned":[2,7,13,14,16,19,21,24,28],"killed_by":"Shelled Parasite and Fungi","ascension_level":8}