{"gold_per_floor":[118,268,64,23,37,37,51,109,109,109,126,126,144,172,172,172],"floor_reached":16,"playtime":520,"items_purged":["Doubt"],"score":190,"play_id":"a7c6fecd-3c65-4b62-a854-77b041c33801","local_time":"20181110070852","is_ascension_mode":true,"campfire_choices":[{"data":"Crippling Poison","floor":6.0,"key":"SMITH"},{"data":"Cloak And Dagger","floor":10.0,"key":"SMITH"},{"floor":12.0,"key":"REST"},{"data":"Wraith Form v2","floor":15.0,"key":"SMITH"}],"neow_cost":"NONE","seed_source_timestamp":0,"circlet_count":0,"master_deck":["AscendersBane","Defend_G","Defend_G","Defend_G","Defend_G","Defend_G","Strike_G","Strike_G","Strike_G","Strike_G","Strike_G","Survivor","Neutralize","Cloak And Dagger","Accuracy","Cloak And Dagger","Footwork","Crippling Poison+1","Accuracy","Cloak And Dagger+1","Masterful Stab","Wraith Form v2+1"],"special_seed":0,"relics":["Ring of the Snake","NeowsBlessing","Lantern","Tough Bandages","Art of War"],"potions_floor_usage":[],"damage_taken":[{"damage":0.0,"enemies":"Jaw Worm","floor":1.0,"turns":1.0},{"damage":0.0,"enemies":"Cultist","floor":5.0,"turns":1.0},{"damage":0.0,"enemies":"Small Slimes","floor":7.0,"turns":1.0},{"damage":39.0,"enemies":"3 Sentries","floor":8.0,"turns":11.0},{"damage":3.0,"enemies":"Looter","floor":11.0,"turns":3.0},{"damage":2.0,"enemies":"Blue Slaver","floor":13.0,"turns":5.0},{"damage":7.0,"enemies":"Lagavulin","floor":14.0,"turns":6.0},{"damage":31,"enemies":"Hexaghost","floor":16,"turns":15}],"seed_played":"-3022449754728958771","potions_obtained":[{"floor":7.0,"key":"LiquidBronze"},{"floor":11.0,"key":"Poison Potion"}],"is_trial":false,"path_per_floor":["M","?","$","$","M","R","M","?","T","R","M","R","M","E","R","B"],"character_chosen":"THE_SILENT","items_purchased":["Accuracy","Cloak And Dagger","Footwork"],"campfire_rested":1,"item_purchase_floors":[3,3,4],"current_hp_per_floor":[59,59,59,59,59,59,59,20,20,20,17,36,34,27,27,0],"gold":172,"neow_bonus":"THREE_ENEMY_KILL","is_prod":false,"is_daily":false,"chose_seed":false,"campfire_upgraded":3,"win_rate":0,"timestamp":1541851732,"path_taken":["M","?","?","$","M","R","M","?","T","R","M","R","M","E","R","BOSS"],"build_version":"2018-11-08","purchased_purges":1,"victory":false,"max_hp_per_floor":[66,66,66,66,66,66,66,66,66,66,66,66,66,66,66,66],"card_choices":[{"not_picked":["Slice","Backflip"],"picked":"Cloak And Dagger","floor":1.0},{"not_picked":["Underhanded Strike","Poisoned Stab"],"picked":"Crippling Poison","floor":5.0},{"not_picked":["Slice","Dagger Throw"],"picked":"Accuracy","floor":7.0},{"not_picked":["Dagger Throw","Bouncing Flask"],"picked":"Cloak And Dagger","floor":8.0},{"not_picked":["Flying Knee","Deadly Poison"],"picked":"Masterful Stab","floor":11.0},{"not_picked":["Reflex","Bouncing Flask","Quick Slash"],"picked":"SKIP","floor":13.0},{"not_picked":["Calculated Gamble","Flying Knee"],"picked":"Wraith Form v2","floor":14.0}],"player_experience":712241,"relics_obtained":[{"floor":8.0,"key":"Lantern"},{"floor":9.0,"key":"Tough Bandages"},{"floor":14.0,"key":"Art of War"}],"event_choices":[{"damage_healed":0.0,"max_hp_gain":0.0,"max_hp_loss":0.0,"gold_gain":150.0,"event_name":"Liars Game","player_choice":"AGREE","floor":2.0,"gold_loss":0.0,"damage_taken":0.0,"cards_obtained":["Doubt"]},{"damage_healed":0.0,"max_hp_gain":0.0,"max_hp_loss":0.0,"gold_gain":0.0,"event_name":"Dead Adventurer","player_choice":"Searched \u00272\u0027 times","floor":8.0,"gold_loss":0.0,"damage_taken":0.0}],"is_beta":false,"boss_relics":[],"items_purged_floors":[3],"is_endless":false,"potions_floor_spawned":[7,11],"killed_by":"Hexaghost","ascension_level":18}