{"gold_per_floor":[116,116,116,139,151,204,216,245,306,393,405,427,454,482,494,609,621,652,678,650,56,56,56,56,70,70,88,88],"floor_reached":28,"playtime":1811,"items_purged":["Regret"],"score":306,"play_id":"3527d7c2-2809-4c8e-acf6-b813b8096021","local_time":"20190402230857","is_ascension_mode":true,"campfire_choices":[{"data":"Self Repair","floor":7,"key":"SMITH"},{"data":"Aggregate","floor":15,"key":"SMITH"},{"data":"Self Repair","floor":23,"key":"SMITH"}],"neow_cost":"NONE","seed_source_timestamp":1778547750105133,"circlet_count":0,"master_deck":["Strike_B+1","Strike_B+1","Strike_B+1","Strike_B+1","Defend_B+1","Defend_B+1","Defend_B+1","Zap+1","Dualcast","Streamline+1","Self Repair+1","Rip and Tear+1","Self Repair+1","Aggregate+1","Storm","Auto Shields","Sunder+1","Biased Cognition","Barrage","Rip and Tear+1","Defragment","Swift Strike","Redo","Double Energy+1"],"special_seed":0,"relics":["Cracked Core","NeowsBlessing","MawBank","Smiling Mask","Shuriken","Orichalcum","Inserter","Whetstone","Symbiotic Virus","Mercury Hourglass"],"potions_floor_usage":[12,14,16,25,27,27],"damage_taken":[{"damage":0.0,"enemies":"2 Louse","floor":1.0,"turns":1.0},{"damage":0.0,"enemies":"Small Slimes","floor":4.0,"turns":1.0},{"damage":0.0,"enemies":"Gremlin Nob","floor":6.0,"turns":1.0},{"damage":0,"enemies":"Cultist","floor":8,"turns":2},{"damage":3,"enemies":"Blue Slaver","floor":12,"turns":3},{"damage":11,"enemies":"Exordium Thugs","floor":13,"turns":4},{"damage":9,"enemies":"Large Slime","floor":14,"turns":5},{"damage":69,"enemies":"Slime Boss","floor":16,"turns":8},{"damage":24,"enemies":"Spheric Guardian","floor":18,"turns":4},{"damage":38,"enemies":"2 Thieves","floor":19,"turns":5},{"damage":18,"enemies":"Shelled Parasite and Fungi","floor":25,"turns":3},{"damage":17,"enemies":"Centurion and Healer","floor":27,"turns":3},{"damage":60,"enemies":"Slavers","floor":28,"turns":3}],"seed_played":"-8069890685443023368","potions_obtained":[{"floor":1.0,"key":"Strength Potion"},{"floor":8,"key":"SpeedPotion"},{"floor":14,"key":"Energy Potion"},{"floor":16,"key":"Poison Potion"},{"floor":18,"key":"Strength Potion"},{"floor":25,"key":"Explosive Potion"}],"is_trial":false,"path_per_floor":["M","?","?","M","?","E","R","M","T","?","?","M","M","M","R","B",null,"M","M","?","$","?","R","?","M","T","M","E"],"character_chosen":"DEFECT","items_purchased":["Whetstone","Symbiotic Virus","Defragment","Swift Strike"],"campfire_rested":0,"item_purchase_floors":[21,21,21,21],"current_hp_per_floor":[75,75,75,75,63,63,63,63,63,52,52,66,72,75,75,23,62,55,34,34,34,34,34,59,61,61,54,0],"gold":88,"neow_bonus":"THREE_ENEMY_KILL","is_prod":false,"is_daily":false,"chose_seed":false,"campfire_upgraded":3,"win_rate":0,"timestamp":1554271737,"path_taken":["M","?","?","M","?","E","R","M","T","?","?","M","M","M","R","BOSS","M","?","?","?","?","R","?","M","T","?","E"],"build_version":"2019-01-23","purchased_purges":1,"victory":false,"max_hp_per_floor":[75,75,75,75,75,75,75,75,75,75,75,75,75,75,75,75,75,75,75,75,75,75,75,75,75,75,75,75],"card_choices":[{"not_picked":["Chaos","Beam Cell"],"picked":"Streamline","floor":1.0},{"not_picked":["Cold Snap","Redo"],"picked":"Self Repair","floor":4.0},{"not_picked":["Reprogram","Leap"],"picked":"Rip and Tear","floor":6},{"not_picked":["Steam","Gash"],"picked":"Self Repair","floor":8},{"not_picked":["Gash","Conserve Battery"],"picked":"Storm","floor":12},{"not_picked":["Conserve Battery","Turbo"],"picked":"Auto Shields","floor":13},{"not_picked":["Streamline","FTL"],"picked":"Sunder","floor":14},{"not_picked":["Meteor Strike","Buffer"],"picked":"Biased Cognition","floor":16},{"not_picked":["Beam Cell","Reprogram"],"picked":"Barrage","floor":18},{"not_picked":["Aggregate+1","Scrape+1"],"picked":"Rip and Tear+1","floor":19},{"not_picked":["Rebound","Recycle"],"picked":"Redo","floor":25},{"not_picked":["Conserve Battery","Ball Lightning"],"picked":"Double Energy+1","floor":27}],"player_experience":502474,"relics_obtained":[{"floor":6,"key":"Shuriken"},{"floor":9,"key":"Orichalcum"},{"floor":26,"key":"Mercury Hourglass"}],"event_choices":[{"damage_healed":0.0,"max_hp_gain":0.0,"max_hp_loss":0.0,"gold_gain":0.0,"event_name":"Living Wall","player_choice":"Grow","floor":2.0,"gold_loss":0.0,"damage_taken":0.0,"cards_upgraded":["Zap"]},{"damage_healed":0.0,"max_hp_gain":0.0,"max_hp_loss":0.0,"gold_gain":0.0,"event_name":"Big Fish","player_choice":"Box","floor":3.0,"gold_loss":0.0,"damage_taken":0.0,"relics_obtained":["MawBank"],"cards_obtained":["Regret"]},{"damage_healed":0.0,"max_hp_gain":0.0,"max_hp_loss":0.0,"gold_gain":0.0,"event_name":"Scrap Ooze","player_choice":"Success","floor":5.0,"gold_loss":0.0,"damage_taken":12.0,"relics_obtained":["Smiling Mask"]},{"damage_healed":0,"gold_gain":75,"player_choice":"Gather Gold","damage_taken":11,"max_hp_gain":0,"max_hp_loss":0,"event_name":"World of Goop","floor":10,"gold_loss":0},{"damage_healed":0,"gold_gain":0,"cards_transformed":["Defend_B"],"player_choice":"Transformed","damage_taken":0,"max_hp_gain":0,"max_hp_loss":0,"event_name":"Transmorgrifier","floor":11,"gold_loss":0,"cards_obtained":["Aggregate"]},{"damage_healed":0,"gold_gain":0,"player_choice":"Upgraded Two","damage_taken":0,"max_hp_gain":0,"max_hp_loss":0,"event_name":"Designer","floor":20,"gold_loss":40,"cards_upgraded":["Strike_B","Streamline"]},{"damage_healed":0,"gold_gain":0,"player_choice":"Simplicity","damage_taken":0,"max_hp_gain":0,"max_hp_loss":0,"event_name":"Back to Basics","floor":22,"gold_loss":0,"cards_upgraded":["Strike_B","Strike_B","Strike_B","Defend_B","Defend_B","Defend_B"]},{"damage_healed":25,"gold_gain":0,"player_choice":"Heal","damage_taken":0,"max_hp_gain":0,"max_hp_loss":0,"event_name":"The Library","floor":24,"gold_loss":0}],"is_beta":false,"boss_relics":[{"not_picked":["Philosopher\u0027s Stone","Orrery"],"picked":"Inserter"}],"items_purged_floors":[21],"is_endless":false,"potions_floor_spawned":[1,8,14,16,18,25],"killed_by":"Slavers","ascension_level":5}