{"gold_per_floor":[119,119,130,146,165,165,176,238,238,115,126,126,137,167,167,263,263,281,301,121,133,151,151,151,161,184,204,303,303],"floor_reached":29,"playtime":1199,"items_purged":["Strike_G","Strike_G"],"score":306,"play_id":"846dcb33-1e36-4496-8d3f-4e9f7b43beed","local_time":"20190403202823","is_ascension_mode":false,"campfire_choices":[{"data":"Envenom","floor":6,"key":"SMITH"},{"floor":12,"key":"RECALL"},{"data":"Dodge and Roll","floor":15,"key":"SMITH"},{"data":"Survivor","floor":23,"key":"SMITH"}],"neow_cost":"TEN_PERCENT_HP_LOSS","seed_source_timestamp":933232380413800,"circlet_count":0,"master_deck":["Defend_G","Defend_G","Defend_G+1","Defend_G","Defend_G","Strike_G","Strike_G","Strike_G","Survivor+1","Neutralize","Envenom+1","Poisoned Stab+1","Quick Slash","Bane","Backstab","Dodge and Roll+1","Slice","Blade Dance","Crippling Poison","Corpse Explosion","Flying Knee+1","Expertise","Envenom+1"],"relics":["Ring of the Snake","Happy Flower","Sundial","Coffee Dripper","Bag of Marbles"],"potions_floor_usage":[8,14,16,29,29],"damage_taken":[{"damage":0,"enemies":"Small Slimes","floor":1,"turns":4},{"damage":0,"enemies":"2 Louse","floor":3,"turns":2},{"damage":0,"enemies":"Jaw Worm","floor":4,"turns":3},{"damage":4,"enemies":"Large Slime","floor":5,"turns":6},{"damage":3,"enemies":"Red Slaver","floor":7,"turns":2},{"damage":6,"enemies":"Gremlin Nob","floor":8,"turns":3},{"damage":2,"enemies":"Looter","floor":11,"turns":2},{"damage":0,"enemies":"2 Fungi Beasts","floor":13,"turns":2},{"damage":5,"enemies":"Lagavulin","floor":14,"turns":7},{"damage":0,"enemies":"The Guardian","floor":16,"turns":10},{"damage":15,"enemies":"Spheric Guardian","floor":18,"turns":4},{"damage":15,"enemies":"2 Thieves","floor":19,"turns":5},{"damage":9,"enemies":"Snake Plant","floor":21,"turns":4},{"damage":12,"enemies":"Shelled Parasite and Fungi","floor":22,"turns":6},{"damage":4,"enemies":"Cultist and Chosen","floor":25,"turns":3},{"damage":1,"enemies":"Chosen and Byrds","floor":27,"turns":4},{"damage":9,"enemies":"Snake Plant","floor":29,"turns":2}],"seed_played":"-7987063890705927179","potions_obtained":[{"floor":1,"key":"Explosive Potion"},{"floor":3,"key":"Weak Potion"},{"floor":5,"key":"SpeedPotion"},{"floor":14,"key":"Strength Potion"},{"floor":16,"key":"GamblersBrew"},{"floor":22,"key":"Dexterity Potion"},{"floor":27,"key":"Strength Potion"}],"is_trial":false,"path_per_floor":["M","?","M","M","M","R","M","?","T","$","M","R","M","E","R","B",null,"M","M","$","M","M","R","?","M","T","M","?","M"],"character_chosen":"THE_SILENT","items_purchased":["Blade Dance","Expertise"],"campfire_rested":0,"item_purchase_floors":[10,20],"current_hp_per_floor":[63,50,50,50,46,46,43,37,37,37,35,35,35,30,30,30,63,48,33,33,24,12,12,12,8,8,7,7,0],"gold":303,"neow_bonus":"THREE_RARE_CARDS","is_prod":false,"is_daily":false,"chose_seed":false,"campfire_upgraded":3,"win_rate":0,"timestamp":1554294503,"path_taken":["M","?","M","M","M","R","M","?","T","?","M","R","M","E","R","BOSS","M","M","$","M","M","R","?","M","T","?","?","M"],"build_version":"2019-01-23","purchased_purges":2,"victory":false,"max_hp_per_floor":[63,63,63,63,63,63,63,63,63,63,63,63,63,63,63,63,63,63,63,63,63,63,63,63,63,63,63,63,63],"card_choices":[{"not_picked":["Burst","Corpse Explosion"],"picked":"Envenom","floor":0},{"not_picked":["Leg Sweep","Distraction"],"picked":"Poisoned Stab","floor":1},{"not_picked":["Infinite Blades","PiercingWail"],"picked":"Quick Slash","floor":3},{"not_picked":["Deflect","Quick Slash"],"picked":"Bane","floor":4},{"not_picked":["Dagger Throw","Poisoned Stab"],"picked":"Backstab","floor":5},{"not_picked":["Dagger Throw","Concentrate"],"picked":"Dodge and Roll","floor":7},{"not_picked":["Bane","Well Laid Plans"],"picked":"Slice","floor":8},{"not_picked":["Envenom","Blade Dance","Outmaneuver"],"picked":"SKIP","floor":11},{"not_picked":["Reflex","Poisoned Stab","Dodge and Roll"],"picked":"SKIP","floor":13},{"not_picked":["Escape Plan","Quick Slash"],"picked":"Crippling Poison","floor":14},{"not_picked":["Doppelganger","Envenom"],"picked":"Corpse Explosion","floor":16},{"not_picked":["Crippling Poison+1","Distraction"],"picked":"Flying Knee+1","floor":18},{"not_picked":["Backstab","Slice","Sucker Punch+1"],"picked":"SKIP","floor":19},{"not_picked":["Expertise","Bane","Masterful Stab"],"picked":"SKIP","floor":21},{"not_picked":["Underhanded Strike","Distraction","Outmaneuver"],"picked":"SKIP","floor":22},{"not_picked":["Bane","Outmaneuver+1","Caltrops"],"picked":"SKIP","floor":25},{"not_picked":["Flying Knee","Accuracy+1","Leg Sweep"],"picked":"SKIP","floor":27}],"player_experience":448927,"relics_obtained":[{"floor":8,"key":"Happy Flower"},{"floor":14,"key":"Sundial"},{"floor":26,"key":"Bag of Marbles"}],"event_choices":[{"damage_healed":0,"gold_gain":0,"player_choice":"Entered Light","damage_taken":13,"max_hp_gain":0,"max_hp_loss":0,"event_name":"Shining Light","floor":2,"gold_loss":0,"cards_upgraded":["Poisoned Stab","Defend_G"]},{"damage_healed":0,"gold_gain":30,"player_choice":"Searched \u00272\u0027 times","damage_taken":0,"max_hp_gain":0,"max_hp_loss":0,"event_name":"Dead Adventurer","floor":8,"gold_loss":0},{"damage_healed":0,"gold_gain":0,"player_choice":"Copied","damage_taken":0,"max_hp_gain":0,"max_hp_loss":0,"event_name":"Duplicator","floor":24,"gold_loss":0,"cards_obtained":["Envenom"]},{"damage_healed":0,"gold_gain":99,"player_choice":"Stole From Cult","damage_taken":0,"max_hp_gain":0,"max_hp_loss":0,"event_name":"Nest","floor":28,"gold_loss":0}],"is_beta":false,"boss_relics":[{"not_picked":["HoveringKite","Ring of the Serpent"],"picked":"Coffee Dripper"}],"items_purged_floors":[10,20],"is_endless":false,"potions_floor_spawned":[1,3,5,14,16,22,27],"killed_by":"Snake Plant","ascension_level":0}