{"gold_per_floor":[114,128,148,148,148,183,183,209,232,244,262,262,292,308,308,403,403,423,423,435,435],"floor_reached":21,"playtime":1699,"items_purged":[],"score":271,"play_id":"ad5d5cf3-b3e2-4a90-88f8-fa8f905a8344","local_time":"20190407010236","is_ascension_mode":true,"campfire_choices":[{"data":"Stack","floor":7,"key":"SMITH"},{"floor":12,"key":"REST"},{"floor":15,"key":"REST"}],"neow_cost":"NONE","seed_source_timestamp":1941231062633600,"circlet_count":0,"master_deck":["Strike_B","Strike_B","Strike_B","Defend_B","Defend_B","Defend_B","Defend_B","Zap","Dualcast","Conserve Battery","Go for the Eyes","Stack+1","Gash","Auto Shields","Conserve Battery","Hologram","Ball Lightning","Beam Cell","Creative AI","Cold Snap","Conserve Battery"],"relics":["Philosopher\u0027s Stone","Boot","Strawberry","Omamori","Pen Nib","Black Star","Nilry\u0027s Codex"],"potions_floor_usage":[8,10,10,13,13,21],"damage_taken":[{"damage":0,"enemies":"Jaw Worm","floor":1,"turns":3},{"damage":0,"enemies":"2 Louse","floor":2,"turns":3},{"damage":0,"enemies":"Cultist","floor":3,"turns":3},{"damage":33,"enemies":"3 Sentries","floor":6,"turns":12},{"damage":24,"enemies":"Gremlin Nob","floor":8,"turns":4},{"damage":1,"enemies":"2 Fungi Beasts","floor":10,"turns":4},{"damage":0,"enemies":"3 Louse","floor":11,"turns":4},{"damage":0,"enemies":"Lagavulin","floor":13,"turns":7},{"damage":10,"enemies":"Gremlin Gang","floor":14,"turns":6},{"damage":31,"enemies":"The Guardian","floor":16,"turns":13},{"damage":36,"enemies":"Spheric Guardian","floor":18,"turns":7},{"damage":21,"enemies":"3 Byrds","floor":20,"turns":5},{"damage":10,"enemies":"Centurion and Healer","floor":21,"turns":5}],"seed_played":"-7054549732141419635","potions_obtained":[{"floor":6,"key":"AttackPotion"},{"floor":8,"key":"EntropicBrew"},{"floor":14,"key":"Energy Potion"},{"floor":20,"key":"EssenceOfSteel"}],"is_trial":false,"path_per_floor":["M","M","M","?","?","E","R","E","T","M","M","R","E","M","R","B",null,"M","?","M","M"],"character_chosen":"DEFECT","items_purchased":[],"campfire_rested":2,"item_purchase_floors":[],"current_hp_per_floor":[75,75,75,68,75,42,42,25,25,24,24,48,48,38,62,31,82,46,30,9,0],"gold":435,"neow_bonus":"BOSS_RELIC","is_prod":false,"is_daily":false,"chose_seed":false,"campfire_upgraded":1,"win_rate":0,"timestamp":1554613356,"path_taken":["M","M","M","?","?","E","R","E","T","?","M","R","E","M","R","BOSS","M","?","M","M"],"build_version":"2019-01-23","purchased_purges":0,"victory":false,"max_hp_per_floor":[75,75,75,75,75,75,75,82,82,82,82,82,82,82,82,82,82,82,82,82,82],"card_choices":[{"not_picked":["Barrage","Steam"],"picked":"Conserve Battery","floor":1},{"not_picked":["Beam Cell","Rip and Tear"],"picked":"Go for the Eyes","floor":2},{"not_picked":["Go for the Eyes","Gash"],"picked":"Stack","floor":3},{"not_picked":["Blizzard","Redo"],"picked":"Gash","floor":6},{"not_picked":["Coolheaded","Ball Lightning"],"picked":"Auto Shields","floor":8},{"not_picked":["Tempest","Turbo"],"picked":"Conserve Battery","floor":10},{"not_picked":["Compile Driver","Gash"],"picked":"Hologram","floor":11},{"not_picked":["Multi-Cast","BootSequence"],"picked":"Ball Lightning","floor":13},{"not_picked":["Blizzard","Sunder"],"picked":"Beam Cell","floor":14},{"not_picked":["Core Surge","Fission"],"picked":"Creative AI","floor":16},{"not_picked":["Capacitor","Rip and Tear"],"picked":"Cold Snap","floor":18},{"not_picked":["Stack","Defragment"],"picked":"Conserve Battery","floor":20}],"player_experience":291634,"relics_obtained":[{"floor":6,"key":"Boot"},{"floor":8,"key":"Strawberry"},{"floor":9,"key":"Omamori"},{"floor":13,"key":"Pen Nib"},{"floor":19,"key":"Nilry\u0027s Codex"}],"event_choices":[{"cards_removed":["Strike_B"],"damage_healed":0,"gold_gain":0,"player_choice":"Card Removal","damage_taken":7,"max_hp_gain":0,"max_hp_loss":0,"event_name":"Golden Wing","floor":4,"gold_loss":0},{"damage_healed":7,"gold_gain":0,"player_choice":"Full Heal","damage_taken":0,"max_hp_gain":0,"max_hp_loss":0,"event_name":"Wheel of Change","floor":5,"gold_loss":0},{"damage_healed":0,"gold_gain":0,"player_choice":"Obtained Book","damage_taken":16,"max_hp_gain":0,"max_hp_loss":0,"event_name":"Cursed Tome","floor":19,"gold_loss":0}],"is_beta":false,"boss_relics":[{"not_picked":["Runic Pyramid","Fusion Hammer"],"picked":"Black Star"}],"items_purged_floors":[],"is_endless":false,"potions_floor_spawned":[6,8,14,20],"killed_by":"Centurion and Healer","ascension_level":4}