{"gold_per_floor":[110,120,85,85,85,85,102,102,127,141,198,208,240,252,252,327,327,344,344,354,354,364,364,364,91,91,91,104,16,16,28,28,102,102,114,114,26,53,66,85,98,98,98,98,98,111,111,44,44,44],"floor_reached":50,"playtime":2839,"items_purged":["Strike_G","Strike_G"],"score":974,"play_id":"e04e8e21-9b69-4de8-90c2-9a084c5af63a","local_time":"20190504231037","is_ascension_mode":true,"campfire_choices":[{"data":"Crippling Poison","floor":6.0,"key":"SMITH"},{"data":"Bouncing Flask","floor":8.0,"key":"SMITH"},{"data":"Footwork","floor":15.0,"key":"SMITH"},{"floor":23.0,"key":"REST"},{"data":"Burst","floor":27.0,"key":"SMITH"},{"data":"Madness","floor":30.0,"key":"SMITH"},{"floor":32.0,"key":"REST"},{"floor":44,"key":"REST"},{"data":"Footwork","floor":47,"key":"SMITH"},{"floor":49,"key":"REST"}],"neow_cost":"NONE","seed_source_timestamp":0,"circlet_count":0,"master_deck":["AscendersBane","Defend_G","Defend_G","Defend_G","Defend_G","Defend_G","Strike_G","Survivor","Neutralize","Quick Slash","Bouncing Flask+1","Crippling Poison+1","Backstab","PiercingWail","Backflip","Crippling Poison","Footwork+1","Burst+1","Dodge and Roll","Footwork+1","Endless Agony+1","Madness+1","Burst+1","Flash of Steel"],"special_seed":0,"relics":["Ring of the Serpent","Regal Pillow","Tiny Chest","Bag of Preparation","Busted Crown","Nilry\u0027s Codex","Membership Card","The Courier","Juzu Bracelet","Lantern","Pantograph","Art of War"],"potions_floor_usage":[35,35,39,40],"damage_taken":[{"damage":0.0,"enemies":"Cultist","floor":1.0,"turns":4.0},{"damage":8.0,"enemies":"Jaw Worm","floor":2.0,"turns":3.0},{"damage":2.0,"enemies":"2 Louse","floor":7.0,"turns":3.0},{"damage":3.0,"enemies":"Looter","floor":10.0,"turns":3.0},{"damage":7.0,"enemies":"Lots of Slimes","floor":12.0,"turns":3.0},{"damage":17.0,"enemies":"Lagavulin","floor":13.0,"turns":5.0},{"damage":2.0,"enemies":"Blue Slaver","floor":14.0,"turns":4.0},{"damage":2.0,"enemies":"The Guardian","floor":16.0,"turns":9.0},{"damage":0.0,"enemies":"3 Byrds","floor":18.0,"turns":4.0},{"damage":13.0,"enemies":"Chosen","floor":20.0,"turns":4.0},{"damage":8.0,"enemies":"3 Cultists","floor":22.0,"turns":3.0},{"damage":0.0,"enemies":"Slavers","floor":24.0,"turns":1.0},{"damage":4.0,"enemies":"Centurion and Healer","floor":28.0,"turns":7.0},{"damage":2.0,"enemies":"Snecko","floor":31.0,"turns":5.0},{"damage":33.0,"enemies":"Collector","floor":33.0,"turns":12.0},{"damage":33,"enemies":"3 Darklings","floor":35,"turns":4},{"damage":9,"enemies":"Orb Walker","floor":39,"turns":5},{"damage":0,"enemies":"3 Darklings","floor":40,"turns":5},{"damage":17,"enemies":"Transient","floor":41,"turns":6},{"damage":24,"enemies":"Writhing Mass","floor":46,"turns":7},{"damage":47,"enemies":"Time Eater","floor":50,"turns":11}],"seed_played":"-2474100656655838223","potions_obtained":[{"floor":1.0,"key":"SmokeBomb"},{"floor":2.0,"key":"SneckoOil"},{"floor":10.0,"key":"SkillPotion"},{"floor":16.0,"key":"SmokeBomb"},{"floor":20.0,"key":"Fire Potion"},{"floor":28.0,"key":"Block Potion"},{"floor":33.0,"key":"Block Potion"},{"floor":39,"key":"GamblersBrew"}],"is_trial":false,"path_per_floor":["M","M","?","?","?","R","M","R","T","M","T","M","E","M","R","B",null,"M","?","M","?","M","R","E","$","T","R","M","$","R","M","R","B",null,"M","?","$","T","M","M","M","T","T","R","?","M","R","$","R","B"],"character_chosen":"THE_SILENT","items_purchased":["Membership Card","Footwork","Madness","Flash of Steel","Regen Potion","Block Potion","Art of War"],"campfire_rested":4,"item_purchase_floors":[25,25,29,37,37,37,48],"current_hp_per_floor":[59,51,66,66,59,59,57,57,57,54,54,47,30,28,28,26,56,56,35,22,22,14,48,48,48,48,48,44,44,44,42,66,33,58,25,25,25,25,31,31,14,14,14,48,48,24,24,24,58,19],"gold":44,"neow_bonus":"THREE_CARDS","is_prod":false,"is_daily":false,"chose_seed":false,"campfire_upgraded":6,"win_rate":0,"timestamp":1557025837,"path_taken":["M","M","?","?","?","R","M","R","T","M","?","?","E","M","R","BOSS","M","?","M","?","?","R","E","$","T","R","M","?","R","M","R","BOSS","M","?","$","?","M","M","M","?","T","R","?","M","R","$","R","BOSS"],"build_version":"2019-04-23","purchased_purges":2,"victory":false,"max_hp_per_floor":[66,66,66,66,66,66,66,66,66,66,66,66,66,66,66,66,66,66,66,66,66,66,66,66,66,66,66,66,66,66,66,66,66,66,66,66,66,66,66,66,66,66,66,66,66,66,66,66,66,66],"card_choices":[{"not_picked":["Flying Knee","Expertise"],"picked":"Quick Slash","floor":0.0},{"not_picked":["Crippling Poison","Heel Hook"],"picked":"Bouncing Flask","floor":1.0},{"not_picked":["Underhanded Strike","Flying Knee"],"picked":"Crippling Poison","floor":2.0},{"not_picked":["PiercingWail","Acrobatics"],"picked":"Backstab","floor":7.0},{"not_picked":["Predator","Prepared"],"picked":"PiercingWail","floor":10.0},{"not_picked":["Flying Knee","Slice"],"picked":"Backflip","floor":12.0},{"not_picked":["Outmaneuver","Setup"],"picked":"Crippling Poison","floor":13.0},{"not_picked":["Skewer","Backflip"],"picked":"Footwork","floor":14.0},{"not_picked":["A Thousand Cuts","Malaise"],"picked":"Burst","floor":16.0},{"not_picked":[],"picked":"Dodge and Roll","floor":18.0},{"not_picked":["Bane"],"picked":"SKIP","floor":20.0},{"not_picked":["Cloak And Dagger"],"picked":"SKIP","floor":22.0},{"not_picked":[],"picked":"Endless Agony+1","floor":28.0},{"not_picked":["Expertise"],"picked":"SKIP","floor":31.0},{"not_picked":["Quick Slash"],"picked":"SKIP","floor":35},{"not_picked":["Cloak And Dagger"],"picked":"SKIP","floor":39},{"not_picked":["Riddle With Holes+1"],"picked":"SKIP","floor":40},{"not_picked":["Dagger Spray"],"picked":"SKIP","floor":41},{"not_picked":["Finisher"],"picked":"SKIP","floor":46}],"player_experience":1400066,"relics_obtained":[{"floor":9.0,"key":"Regal Pillow"},{"floor":11.0,"key":"Tiny Chest"},{"floor":13.0,"key":"Bag of Preparation"},{"floor":19.0,"key":"Nilry\u0027s Codex"},{"floor":26.0,"key":"The Courier"},{"floor":38,"key":"Juzu Bracelet"},{"floor":42,"key":"Lantern"},{"floor":43,"key":"Pantograph"}],"event_choices":[{"damage_healed":16.0,"max_hp_gain":0.0,"max_hp_loss":0.0,"gold_gain":0.0,"event_name":"The Cleric","player_choice":"Healed","floor":3.0,"gold_loss":35.0,"damage_taken":0.0},{"damage_healed":0.0,"max_hp_gain":0.0,"max_hp_loss":0.0,"gold_gain":0.0,"event_name":"Golden Idol","player_choice":"Ignored","floor":4.0,"gold_loss":0.0,"damage_taken":0.0},{"cards_removed":["Strike_G"],"damage_healed":0.0,"max_hp_gain":0.0,"max_hp_loss":0.0,"gold_gain":0.0,"event_name":"Golden Wing","player_choice":"Card Removal","floor":5.0,"gold_loss":0.0,"damage_taken":7.0},{"damage_healed":0.0,"max_hp_gain":0.0,"max_hp_loss":0.0,"gold_gain":0.0,"event_name":"Cursed Tome","player_choice":"Obtained Book","floor":19.0,"gold_loss":0.0,"damage_taken":21.0},{"damage_healed":0.0,"max_hp_gain":0.0,"max_hp_loss":0.0,"gold_gain":0.0,"event_name":"Match and Keep!","player_choice":"0 cards matched","floor":21.0,"gold_loss":0.0,"damage_taken":0.0,"cards_obtained":[]},{"damage_healed":0,"gold_gain":0,"player_choice":"Copied","damage_taken":0,"max_hp_gain":0,"max_hp_loss":0,"event_name":"Duplicator","floor":36,"gold_loss":0,"cards_obtained":["Burst"]},{"cards_removed":["Strike_G"],"damage_healed":0,"gold_gain":0,"player_choice":"Removed Attack","damage_taken":0,"max_hp_gain":0,"max_hp_loss":0,"event_name":"Falling","floor":45,"gold_loss":0}],"is_beta":true,"boss_relics":[{"not_picked":["Coffee Dripper","Runic Dome"],"picked":"Busted Crown"},{"not_picked":["Empty Cage","Sozu"],"picked":"Ring of the Serpent"}],"items_purged_floors":[25,29],"is_endless":false,"potions_floor_spawned":[1,2,10,16,20,24,28,33,39],"killed_by":"Time Eater","ascension_level":20}