{"gold_per_floor":[109,109,209,222,232,262,262,278,305,318,331,346,114,125,125,223,223,242,253,153,153,168,183,183,183],"floor_reached":25,"playtime":989,"items_purged":["Strike_G","Distraction"],"score":209,"play_id":"d6a27eb4-05d7-4bf2-93cc-06292db8fce2","local_time":"20190404095637","is_ascension_mode":false,"campfire_choices":[{"data":"Cloak And Dagger","floor":7,"key":"SMITH"},{"floor":15,"key":"REST"},{"floor":24,"key":"RECALL"}],"neow_cost":"NONE","seed_source_timestamp":981940491084400,"circlet_count":0,"master_deck":["Survivor","Neutralize","Cloak And Dagger+1","Masterful Stab","Acrobatics","Cloak And Dagger","Endless Agony","Footwork","Accuracy","Well Laid Plans","Leg Sweep","Bane","Envenom","Blur","Outmaneuver","Heel Hook","Cloak And Dagger","Poisoned Stab","Strike_R","Noxious Fumes","Backflip+1"],"relics":["WristBlade","Centennial Puzzle","Regal Pillow","Pandora\u0027s Box"],"potions_floor_usage":[16,16,22,22,25,25],"damage_taken":[{"damage":2,"enemies":"2 Louse","floor":1,"turns":3},{"damage":0,"enemies":"Cultist","floor":4,"turns":4},{"damage":0,"enemies":"Small Slimes","floor":5,"turns":3},{"damage":50,"enemies":"Lagavulin","floor":6,"turns":8},{"damage":2,"enemies":"Blue Slaver","floor":8,"turns":2},{"damage":1,"enemies":"2 Fungi Beasts","floor":10,"turns":3},{"damage":0,"enemies":"Red Slaver","floor":11,"turns":4},{"damage":1,"enemies":"Looter","floor":12,"turns":2},{"damage":0,"enemies":"Blue Slaver","floor":14,"turns":3},{"damage":17,"enemies":"The Guardian","floor":16,"turns":10},{"damage":20,"enemies":"Shell Parasite","floor":18,"turns":6},{"damage":18,"enemies":"Spheric Guardian","floor":19,"turns":4},{"damage":22,"enemies":"Chosen and Byrds","floor":22,"turns":7},{"damage":7,"enemies":"Snecko","floor":23,"turns":4},{"damage":0,"enemies":"Sentry and Sphere","floor":25,"turns":2}],"seed_played":"795108914861943441","potions_obtained":[{"floor":6,"key":"LiquidBronze"},{"floor":10,"key":"Strength Potion"},{"floor":11,"key":"Explosive Potion"},{"floor":14,"key":"PowerPotion"},{"floor":16,"key":"EssenceOfSteel"},{"floor":19,"key":"FearPotion"},{"floor":22,"key":"Energy Potion"}],"is_trial":false,"path_per_floor":["M","?","?","M","M","E","R","M","T","M","M","M","$","M","R","B",null,"M","M","$","?","M","M","R","M"],"character_chosen":"THE_SILENT","items_purchased":["Regal Pillow"],"campfire_rested":1,"item_purchase_floors":[13],"current_hp_per_floor":[68,68,68,68,68,18,18,16,16,15,15,14,14,14,50,33,70,50,32,32,32,10,3,3,3],"gold":183,"neow_bonus":"BOSS_RELIC","is_prod":false,"is_daily":false,"chose_seed":false,"campfire_upgraded":1,"win_rate":0,"timestamp":1554342997,"path_taken":["M","?","?","M","?","E","R","M","T","?","M","M","?","M","R","BOSS","M","M","$","?","M","M","R","?"],"build_version":"2019-01-23","purchased_purges":2,"victory":false,"max_hp_per_floor":[70,70,70,70,70,70,70,70,70,70,70,70,70,70,70,70,70,70,70,70,70,70,70,70,70],"card_choices":[{"not_picked":["Underhanded Strike","Sucker Punch"],"picked":"Cloak And Dagger","floor":1},{"not_picked":["Underhanded Strike","All Out Attack"],"picked":"Masterful Stab","floor":4},{"not_picked":["Die Die Die","Acrobatics","Bane"],"picked":"SKIP","floor":5},{"not_picked":["Die Die Die","Bane"],"picked":"Acrobatics","floor":5},{"not_picked":["PiercingWail","Backflip"],"picked":"Cloak And Dagger","floor":6},{"not_picked":["Cloak And Dagger","Deflect","Acrobatics"],"picked":"SKIP","floor":8},{"not_picked":["Bouncing Flask","Outmaneuver"],"picked":"Endless Agony","floor":10},{"not_picked":["Underhanded Strike","Dash"],"picked":"Footwork","floor":11},{"not_picked":["Slice","Prepared","Deflect"],"picked":"SKIP","floor":12},{"not_picked":["Blur","Heel Hook"],"picked":"Accuracy","floor":14},{"not_picked":["Unload","Glass Knife"],"picked":"Phantasmal Killer","floor":16},{"not_picked":["Bouncing Flask","Caltrops+1"],"picked":"Cloak And Dagger","floor":18},{"not_picked":["Backflip","Slice"],"picked":"Poisoned Stab","floor":19},{"not_picked":["Concentrate+1","Predator"],"picked":"Noxious Fumes","floor":22},{"not_picked":["Sucker Punch","Slice"],"picked":"Backflip+1","floor":23}],"player_experience":450458,"relics_obtained":[{"floor":6,"key":"Centennial Puzzle"}],"event_choices":[{"cards_removed":["Strike_G"],"damage_healed":0,"gold_gain":0,"player_choice":"Forget","damage_taken":0,"max_hp_gain":0,"max_hp_loss":0,"event_name":"Living Wall","floor":2,"gold_loss":0},{"damage_healed":0,"gold_gain":100,"player_choice":"Pray","damage_taken":0,"max_hp_gain":0,"max_hp_loss":0,"event_name":"Golden Shrine","floor":3,"gold_loss":0},{"cards_removed":["Phantasmal Killer"],"damage_healed":0,"gold_gain":0,"player_choice":"Took Card","damage_taken":0,"max_hp_gain":0,"max_hp_loss":0,"event_name":"NoteForYourself","floor":21,"gold_loss":0,"cards_obtained":["Strike_R"]}],"is_beta":false,"boss_relics":[{"not_picked":["Runic Pyramid","Black Star"],"picked":"Pandora\u0027s Box"}],"items_purged_floors":[13,20],"is_endless":false,"potions_floor_spawned":[6,10,11,14,16,19,22],"killed_by":"Sentry and Sphere","ascension_level":0}