{"gold_per_floor":[114,39,39,58,71,86,86,97,144,144,144,171,171,190,190,190],"floor_reached":16,"playtime":268,"items_purged":[],"score":102,"play_id":"fefaa29d-82f5-4cc5-a591-c07ba09fa6cc","local_time":"20190309075033","is_ascension_mode":false,"campfire_choices":[{"floor":7,"key":"REST"},{"floor":11,"key":"REST"},{"floor":13,"key":"REST"},{"floor":15,"key":"REST"}],"neow_cost":"NONE","seed_source_timestamp":656046347402760,"circlet_count":0,"master_deck":["Strike_R","Strike_R","Strike_R","Strike_R","Strike_R","Defend_R","Defend_R","Defend_R","Defend_R","Bash","Flex","Whirlwind","Double Tap","Corruption","Shockwave+1"],"relics":["Fusion Hammer","Toxic Egg 2"],"potions_floor_usage":[12],"damage_taken":[{"damage":2,"enemies":"2 Louse","floor":1,"turns":3},{"damage":13,"enemies":"Jaw Worm","floor":4,"turns":3},{"damage":0,"enemies":"Cultist","floor":5,"turns":2},{"damage":3,"enemies":"Lots of Slimes","floor":6,"turns":2},{"damage":16,"enemies":"2 Fungi Beasts","floor":8,"turns":3},{"damage":7,"enemies":"3 Sentries","floor":12,"turns":3},{"damage":0,"enemies":"Large Slime","floor":14,"turns":4},{"damage":0,"enemies":"Slime Boss","floor":16,"turns":1}],"seed_played":"5303217546797368428","potions_obtained":[{"floor":5,"key":"SteroidPotion"},{"floor":8,"key":"Weak Potion"}],"is_trial":false,"path_per_floor":["M","$","?","M","M","M","R","M","T","?","R","E","R","M","R","B"],"character_chosen":"IRONCLAD","items_purchased":["Whirlwind"],"campfire_rested":4,"item_purchase_floors":[2],"current_hp_per_floor":[78,78,83,70,70,67,85,69,69,69,85,78,85,85,85,85],"gold":190,"neow_bonus":"BOSS_RELIC","is_prod":false,"is_daily":false,"chose_seed":false,"campfire_upgraded":0,"win_rate":0,"timestamp":1552135833,"path_taken":["M","$","?","M","M","M","R","M","T","?","R","E","R","M","R","BOSS"],"build_version":"2019-01-23","purchased_purges":0,"victory":false,"max_hp_per_floor":[80,80,85,85,85,85,85,85,85,85,85,85,85,85,85,85],"card_choices":[{"not_picked":["Twin Strike","Disarm"],"picked":"Flex","floor":1},{"not_picked":["Heavy Blade","Sever Soul","Rampage"],"picked":"SKIP","floor":4},{"not_picked":["Anger","Warcry"],"picked":"Double Tap","floor":5},{"not_picked":["Iron Wave","Second Wind","Body Slam"],"picked":"SKIP","floor":6},{"not_picked":["Flex","Perfected Strike"],"picked":"Corruption","floor":8},{"not_picked":["Perfected Strike","Feel No Pain","Intimidate"],"picked":"SKIP","floor":12},{"not_picked":["Brutality","Shrug It Off+1"],"picked":"Shockwave+1","floor":14}],"player_experience":858667,"relics_obtained":[{"floor":12,"key":"Toxic Egg 2"}],"event_choices":[{"damage_healed":0,"gold_gain":0,"player_choice":"Donut","damage_taken":0,"max_hp_gain":5,"max_hp_loss":0,"event_name":"Big Fish","floor":3,"gold_loss":0},{"damage_healed":0,"gold_gain":0,"player_choice":"Ignored","damage_taken":0,"max_hp_gain":0,"max_hp_loss":0,"event_name":"WeMeetAgain","floor":10,"gold_loss":0}],"is_beta":false,"boss_relics":[],"items_purged_floors":[],"is_endless":false,"potions_floor_spawned":[5,8],"killed_by":"Slime Boss","ascension_level":0}