{"gold_per_floor":[110,125,200,200,213,248,265,265,265,265,279,291,291,245,245,350,350,364,34,51,71,87,120,120,151,151,162,162,261,273,373,373,373],"floor_reached":33,"playtime":2076,"items_purged":[],"score":343,"play_id":"d622ea52-3147-44a3-bab7-034e60d40752","local_time":"20190202013025","is_ascension_mode":true,"campfire_choices":[{"floor":8,"key":"REST"},{"floor":15,"key":"REST"},{"floor":24,"key":"REST"},{"floor":32,"key":"REST"}],"neow_cost":"NONE","seed_source_timestamp":738200435994100,"circlet_count":0,"master_deck":["Strike_B","Strike_B","Strike_B","Defend_B","Defend_B","Defend_B","Defend_B","Zap","Dualcast","Tempest","Hologram","Leap","Conserve Battery","Conserve Battery","Doom and Gloom","Defragment","Stack","Conserve Battery","Electrodynamics","Go for the Eyes","Conserve Battery","Defragment","Storm","Go for the Eyes","Cold Snap+1","Darkness+1"],"relics":["Cracked Core","Matryoshka","Mummified Hand","Darkstone Periapt","GremlinMask","Inserter","Membership Card","Singing Bowl","Lantern","Peace Pipe","Vajra","DataDisk"],"potions_floor_usage":[16,16,16,18,21,21,21,21,22,23,25,25],"damage_taken":[{"damage":3,"enemies":"2 Louse","floor":1,"turns":2},{"damage":8,"enemies":"Jaw Worm","floor":2,"turns":4},{"damage":1,"enemies":"Cultist","floor":5,"turns":3},{"damage":25,"enemies":"Lagavulin","floor":6,"turns":8},{"damage":8,"enemies":"Blue Slaver","floor":7,"turns":4},{"damage":25,"enemies":"Gremlin Gang","floor":11,"turns":5},{"damage":0,"enemies":"2 Fungi Beasts","floor":12,"turns":3},{"damage":7,"enemies":"Hexaghost","floor":16,"turns":8},{"damage":9,"enemies":"Shell Parasite","floor":18,"turns":8},{"damage":12,"enemies":"Spheric Guardian","floor":20,"turns":4},{"damage":4,"enemies":"3 Cultists","floor":21,"turns":3},{"damage":22,"enemies":"Snake Plant","floor":22,"turns":4},{"damage":29,"enemies":"Gremlin Leader","floor":23,"turns":6},{"damage":19,"enemies":"Slavers","floor":25,"turns":4},{"damage":3,"enemies":"Shelled Parasite and Fungi","floor":27,"turns":5},{"damage":15,"enemies":"Centurion and Healer","floor":30,"turns":5},{"damage":70,"enemies":"Champ","floor":33,"turns":8}],"seed_played":"-4382417596061903606","potions_obtained":[{"floor":1,"key":"GamblersBrew"},{"floor":2,"key":"Energy Potion"},{"floor":6,"key":"EntropicBrew"},{"floor":12,"key":"FocusPotion"},{"floor":20,"key":"EntropicBrew"},{"floor":21,"key":"Block Potion"},{"floor":23,"key":"PowerPotion"}],"is_trial":false,"path_per_floor":["M","M","?","T","M","E","M","R","T","?","M","M","?","$","R","B",null,"M","$","M","M","M","E","R","E","T","M","?","?","M","?","R","B"],"character_chosen":"DEFECT","items_purchased":["Conserve Battery","Membership Card","Singing Bowl","Conserve Battery"],"campfire_rested":4,"item_purchase_floors":[14,19,19,19],"current_hp_per_floor":[79,71,60,60,59,34,26,50,50,50,25,25,25,25,49,42,82,73,73,61,59,37,8,33,16,16,13,41,41,26,26,51,0],"gold":373,"neow_bonus":"TEN_PERCENT_HP_BONUS","is_prod":false,"is_daily":false,"chose_seed":false,"campfire_upgraded":0,"win_rate":0,"timestamp":1549089025,"path_taken":["M","M","?","?","M","E","M","R","T","?","M","?","?","$","R","BOSS","M","$","M","?","M","E","R","E","T","M","?","?","M","?","R","BOSS"],"build_version":"2019-01-23","purchased_purges":0,"victory":false,"max_hp_per_floor":[82,82,82,82,82,82,82,82,82,82,82,82,82,82,82,82,82,82,82,82,84,84,84,84,86,86,86,86,86,86,86,86,86],"card_choices":[{"not_picked":["Self Repair","Sweeping Beam"],"picked":"Tempest","floor":1},{"not_picked":["Beam Cell","Ball Lightning"],"picked":"Hologram","floor":2},{"not_picked":["Cold Snap","Sweeping Beam"],"picked":"Leap","floor":5},{"not_picked":["Barrage","Redo"],"picked":"Conserve Battery","floor":6},{"not_picked":["Compile Driver","Blizzard"],"picked":"Conserve Battery","floor":7},{"not_picked":["Rip and Tear","Barrage"],"picked":"Defragment","floor":11},{"not_picked":["Redo","Loop"],"picked":"Stack","floor":12},{"not_picked":["Seek","All For One"],"picked":"Electrodynamics","floor":16},{"not_picked":["Cold Snap","Rebound"],"picked":"Go for the Eyes","floor":18},{"not_picked":["Gash","Leap+1"],"picked":"Defragment","floor":20},{"not_picked":["Capacitor","Cold Snap","Coolheaded"],"picked":"Singing Bowl","floor":21},{"not_picked":["Hello World","Cold Snap+1"],"picked":"Storm","floor":22},{"not_picked":["Reinforced Body+1","Ball Lightning"],"picked":"Go for the Eyes","floor":23},{"not_picked":["Streamline","Electrodynamics","Biased Cognition"],"picked":"Singing Bowl","floor":25},{"not_picked":["Storm","Turbo"],"picked":"Cold Snap+1","floor":27},{"not_picked":["Gash","Stack"],"picked":"Darkness+1","floor":30}],"player_experience":188327,"relics_obtained":[{"floor":6,"key":"Matryoshka"},{"floor":9,"key":"Mummified Hand"},{"floor":9,"key":"Darkstone Periapt"},{"floor":23,"key":"Lantern"},{"floor":25,"key":"Peace Pipe"},{"floor":26,"key":"Vajra"},{"floor":26,"key":"DataDisk"}],"event_choices":[{"damage_healed":0,"gold_gain":75,"player_choice":"Gather Gold","damage_taken":11,"max_hp_gain":0,"max_hp_loss":0,"event_name":"World of Goop","floor":3,"gold_loss":0},{"damage_healed":0,"gold_gain":0,"cards_transformed":["Strike_B"],"player_choice":"Transformed","damage_taken":0,"max_hp_gain":0,"max_hp_loss":0,"event_name":"Transmorgrifier","floor":10,"gold_loss":0,"cards_obtained":["Doom and Gloom"]},{"damage_healed":0,"gold_gain":0,"player_choice":"Trade","damage_taken":0,"relics_obtained":["GremlinMask"],"max_hp_gain":0,"max_hp_loss":0,"event_name":"FaceTrader","floor":13,"gold_loss":0},{"damage_healed":28,"gold_gain":0,"player_choice":"Heal","damage_taken":0,"max_hp_gain":0,"max_hp_loss":0,"event_name":"The Library","floor":28,"gold_loss":0},{"damage_healed":0,"gold_gain":99,"player_choice":"Stole From Cult","damage_taken":0,"max_hp_gain":0,"max_hp_loss":0,"event_name":"Nest","floor":29,"gold_loss":0},{"damage_healed":0,"gold_gain":100,"player_choice":"Pray","damage_taken":0,"max_hp_gain":0,"max_hp_loss":0,"event_name":"Golden Shrine","floor":31,"gold_loss":0}],"is_beta":false,"boss_relics":[{"not_picked":["Calling Bell","Orrery"],"picked":"Inserter"}],"items_purged_floors":[],"is_endless":false,"potions_floor_spawned":[1,2,6,12,20,21,23],"killed_by":"Champ","ascension_level":2}