{"gold_per_floor":[116,116,135,145,145,145,177,177,202,215,228,228,10,35,35,137,137,148,63,63,78,78,78,111,111,111,145,155,188,188,188,188,188],"floor_reached":33,"playtime":1300,"items_purged":["Parasite"],"score":542,"play_id":"67d2955b-64ac-4853-8418-134995a424be","local_time":"20190412220059","is_ascension_mode":true,"campfire_choices":[{"data":"1","floor":6,"key":"LIFT"},{"floor":12,"key":"REST"},{"floor":15,"key":"REST"},{"data":"2","floor":23,"key":"LIFT"},{"data":"3","floor":25,"key":"LIFT"},{"floor":32,"key":"REST"}],"neow_cost":"CURSE","seed_source_timestamp":177684796098481,"circlet_count":0,"master_deck":["AscendersBane","Strike_B","Strike_B","Strike_B","Strike_B","Defend_B","Defend_B+1","Zap","Dualcast+1","Melter","Self Repair","Consume","Streamline","Electrodynamics","Ball Lightning","Ball Lightning","Biased Cognition","Seek","Redo","Streamline+1","Echo Form","Capacitor+1","Creative AI","Leap","Core Surge"],"relics":["Cracked Core","Girya","WarpedTongs","Ancient Tea Set","Orichalcum","War Paint","Incense Burner","Cursed Key","Omamori","Ornamental Fan","Question Card","Letter Opener","Pear"],"potions_floor_usage":[16,16,27,29,29],"damage_taken":[{"damage":21,"enemies":"Small Slimes","floor":1,"turns":4},{"damage":4,"enemies":"Cultist","floor":3,"turns":3},{"damage":7,"enemies":"Jaw Worm","floor":4,"turns":3},{"damage":24,"enemies":"3 Sentries","floor":7,"turns":8},{"damage":4,"enemies":"2 Fungi Beasts","floor":10,"turns":2},{"damage":9,"enemies":"Red Slaver","floor":11,"turns":3},{"damage":21,"enemies":"Lagavulin","floor":14,"turns":4},{"damage":0,"enemies":"Slime Boss","floor":16,"turns":4},{"damage":4,"enemies":"3 Byrds","floor":18,"turns":3},{"damage":16,"enemies":"2 Thieves","floor":21,"turns":2},{"damage":12,"enemies":"Gremlin Leader","floor":24,"turns":4},{"damage":26,"enemies":"Book of Stabbing","floor":27,"turns":3},{"damage":0,"enemies":"Snecko","floor":28,"turns":3},{"damage":29,"enemies":"Slavers","floor":29,"turns":3},{"damage":86,"enemies":"Automaton","floor":33,"turns":6}],"seed_played":"-3849286793219715593","potions_obtained":[{"floor":3,"key":"SneckoOil"},{"floor":4,"key":"Strength Potion"},{"floor":14,"key":"AttackPotion"},{"floor":18,"key":"FearPotion"},{"floor":27,"key":"SteroidPotion"}],"is_trial":false,"path_per_floor":["M","?","M","M","?","R","E","?","T","M","M","R","$","E","R","B",null,"M","?","$","M","?","R","E","R","T","E","M","E","$","?","R","B"],"character_chosen":"DEFECT","items_purchased":["War Paint"],"campfire_rested":3,"item_purchase_floors":[13],"current_hp_per_floor":[47,47,43,46,46,46,32,32,32,28,26,48,48,27,48,55,68,71,71,71,62,55,55,50,50,50,31,38,29,29,29,53,0],"gold":188,"neow_bonus":"ONE_RARE_RELIC","is_prod":false,"is_daily":false,"chose_seed":false,"campfire_upgraded":0,"win_rate":0,"timestamp":1555131659,"path_taken":["M","?","?","?","?","R","E","?","T","M","?","R","$","E","R","BOSS","M","?","$","M","?","R","E","R","T","E","?","E","$","?","R","BOSS"],"build_version":"2019-01-23","purchased_purges":1,"victory":false,"max_hp_per_floor":[75,75,75,75,75,75,75,75,75,75,75,75,72,72,72,72,72,72,72,72,72,72,72,72,72,72,72,72,82,82,82,82,82],"card_choices":[{"not_picked":["Compile Driver","Steam Power"],"picked":"Melter","floor":1},{"not_picked":["Stack","BootSequence"],"picked":"Self Repair","floor":3},{"not_picked":["Beam Cell","Barrage"],"picked":"Consume","floor":4},{"not_picked":["Compile Driver","Go for the Eyes"],"picked":"Streamline","floor":7},{"not_picked":["Compile Driver","Barrage"],"picked":"Ball Lightning","floor":10},{"not_picked":["Turbo","Barrage"],"picked":"Ball Lightning","floor":11},{"not_picked":["Blizzard","Rip and Tear"],"picked":"Biased Cognition","floor":14},{"not_picked":["All For One","Biased Cognition"],"picked":"Seek","floor":16},{"not_picked":["Beam Cell","Coolheaded"],"picked":"Redo","floor":18},{"not_picked":["Aggregate","Scrape"],"picked":"Streamline+1","floor":21},{"not_picked":["BootSequence","Multi-Cast"],"picked":"Echo Form","floor":24},{"not_picked":["Redo","Leap","Ball Lightning"],"picked":"Capacitor+1","floor":27},{"not_picked":["Genetic Algorithm","Redo","Leap"],"picked":"Creative AI","floor":28},{"not_picked":["Reinforced Body","Stack","Beam Cell"],"picked":"Leap","floor":29}],"player_experience":565558,"relics_obtained":[{"floor":7,"key":"Ancient Tea Set"},{"floor":9,"key":"Orichalcum"},{"floor":14,"key":"Incense Burner"},{"floor":24,"key":"Ornamental Fan"},{"floor":26,"key":"Question Card"},{"floor":27,"key":"Letter Opener"},{"floor":29,"key":"Pear"}],"event_choices":[{"damage_healed":0,"gold_gain":0,"player_choice":"Rummage","damage_taken":0,"relics_obtained":["WarpedTongs"],"max_hp_gain":0,"max_hp_loss":0,"event_name":"Accursed Blacksmith","floor":2,"gold_loss":0,"cards_obtained":["Pain"]},{"cards_removed":["Pain"],"damage_healed":0,"gold_gain":0,"player_choice":"Forget","damage_taken":0,"max_hp_gain":0,"max_hp_loss":0,"event_name":"Living Wall","floor":5,"gold_loss":0},{"damage_healed":0,"gold_gain":0,"cards_transformed":["Defend_B"],"player_choice":"Transformed","damage_taken":0,"max_hp_gain":0,"max_hp_loss":0,"event_name":"Transmorgrifier","floor":8,"gold_loss":0,"cards_obtained":["Electrodynamics"]},{"damage_healed":0,"gold_gain":0,"player_choice":"Obtained Relic","damage_taken":0,"relics_obtained":["Omamori"],"max_hp_gain":0,"max_hp_loss":0,"event_name":"Addict","floor":19,"gold_loss":85},{"damage_healed":0,"gold_gain":0,"player_choice":"Damaged","damage_taken":7,"max_hp_gain":0,"max_hp_loss":0,"event_name":"Wheel of Change","floor":22,"gold_loss":0},{"damage_healed":0,"gold_gain":0,"cards_transformed":["Defend_B"],"player_choice":"Transformed","damage_taken":0,"max_hp_gain":0,"max_hp_loss":0,"event_name":"Transmorgrifier","floor":31,"gold_loss":0,"cards_obtained":["Core Surge"]}],"is_beta":false,"boss_relics":[{"not_picked":["Pandora\u0027s Box","White Beast Statue"],"picked":"Cursed Key"}],"items_purged_floors":[13],"is_endless":false,"potions_floor_spawned":[3,4,14,18,27],"killed_by":"Automaton","ascension_level":10}