{"path_per_floor":["M","$","?","M","M","E","R","?","T","R","M","T","R","M","R","B",null,"M","?","$","?","M","R","E","$","T","E","R","E","?","M","R","B",null,"M","$","M","?","M","R","E","?","T","$","R","M","M","E","R","B"],"character_chosen":"DEFECT","items_purchased":["Bandage Up","Bottled Flame"],"gold_per_floor":[115,20,20,37,51,82,82,146,171,171,186,186,186,197,197,301,301,321,321,246,161,171,171,201,201,201,235,235,260,260,277,277,374,374,388,133,152,0,15,15,48,48,75,75,75,94,109,139,139,139],"floor_reached":51,"campfire_rested":3,"playtime":2752,"current_hp_per_floor":[75,75,75,72,72,52,52,23,23,60,62,62,62,63,63,23,75,74,74,74,74,75,75,60,60,60,57,57,61,61,67,67,43,75,62,62,66,66,56,56,18,18,18,18,55,57,61,49,75,44],"items_purged":["Regret"],"gold":139,"score":798,"play_id":"4d570f68-9eb9-4245-b6fd-6a45a92f46d1","local_time":"20180507071138","is_prod":false,"is_daily":false,"chose_seed":false,"is_ascension_mode":true,"campfire_upgraded":7,"timestamp":1525691498,"path_taken":["M","$","?","M","M","E","R","?","T","R","M","?","R","?","R","BOSS","M","?","$","?","M","R","E","$","T","E","R","E","?","M","R","BOSS","M","$","M","?","M","R","E","?","T","$","R","M","M","E","R","BOSS"],"build_version":"2018-05-03","seed_source_timestamp":0,"purchased_purges":2,"victory":true,"master_deck":["Strike_B","Strike_B","Strike_B","Strike_B","Defend_B","Defend_B+1","Defend_B","Defend_B","Zap+1","Dualcast","Cold Snap","Bandage Up","Genetic Algorithm+1","Cold Snap+1","Sweeping Beam+1","Steam Power","Rainbow+1","Skim+1","Genetic Algorithm+1","Chaos+1","Rebound+1","Defragment+1","Meteor Strike+1","Beam Cell+1","Aggregate+1","Defragment+1"],"max_hp_per_floor":[75,75,75,75,75,75,75,75,75,75,75,75,75,75,75,75,75,75,75,75,75,75,75,75,75,75,75,75,75,75,75,75,75,75,75,75,75,75,75,75,75,75,75,75,75,75,75,75,75,75],"relics":["Sozu","Anchor","Ornamental Fan","Regal Pillow","Bronze Scales","Toolbox","Nuclear Battery","Vajra","Peace Pipe","Bag of Preparation","Centennial Puzzle","Oddly Smooth Stone","Inserter","Bottled Flame","Red Mask","War Paint","Happy Flower","Darkstone Periapt"],"card_choices":[{"not_picked":["Barrage","Hologram"],"picked":"Cold Snap","floor":1.0},{"not_picked":["Hello World","Conserve Battery"],"picked":"Genetic Algorithm","floor":4.0},{"not_picked":["Streamline","Force Field"],"picked":"Cold Snap","floor":5.0},{"not_picked":["Creative AI","Undo"],"picked":"Sweeping Beam","floor":6.0},{"not_picked":["Double Energy","Lockon"],"picked":"Steam Power","floor":8.0},{"not_picked":["Seek","Biased Cognition"],"picked":"Rainbow","floor":16.0},{"not_picked":["Turbo","Gash"],"picked":"Skim","floor":18.0},{"not_picked":["Cold Snap","Hologram"],"picked":"Chaos","floor":22.0},{"not_picked":["Stack","Aggregate"],"picked":"Rebound","floor":24.0},{"not_picked":["Loop","Go for the Eyes"],"picked":"Defragment","floor":27.0},{"not_picked":["Biased Cognition","Nova"],"picked":"Meteor Strike","floor":33.0},{"not_picked":["Streamline","Skim"],"picked":"Beam Cell","floor":35.0},{"not_picked":["Storm","Go for the Eyes"],"picked":"Aggregate","floor":37.0},{"not_picked":["Stack","Undo"],"picked":"Defragment","floor":48}],"player_experience":53319,"potions_floor_usage":[],"damage_taken":[{"damage":0.0,"enemies":"2 Louse","floor":1.0,"turns":2.0},{"damage":3.0,"enemies":"Jaw Worm","floor":4.0,"turns":3.0},{"damage":3.0,"enemies":"Cultist","floor":5.0,"turns":4.0},{"damage":23.0,"enemies":"3 Sentries","floor":6.0,"turns":10.0},{"damage":33.0,"enemies":"Lagavulin Event","floor":8.0,"turns":9.0},{"damage":2.0,"enemies":"3 Louse","floor":11.0,"turns":2.0},{"damage":3.0,"enemies":"Looter","floor":14.0,"turns":3.0},{"damage":44.0,"enemies":"Slime Boss","floor":16.0,"turns":14.0},{"damage":1.0,"enemies":"Spheric Guardian","floor":18.0,"turns":3.0},{"damage":2.0,"enemies":"2 Thieves","floor":22.0,"turns":3.0},{"damage":19.0,"enemies":"Gremlin Leader","floor":24.0,"turns":7.0},{"damage":7.0,"enemies":"Slavers","floor":27.0,"turns":4.0},{"damage":0.0,"enemies":"Gremlin Leader","floor":29.0,"turns":6.0},{"damage":0.0,"enemies":"3 Cultists","floor":31.0,"turns":4.0},{"damage":28.0,"enemies":"Collector","floor":33.0,"turns":9.0},{"damage":13.0,"enemies":"Orb Walker","floor":35.0,"turns":4.0},{"damage":0.0,"enemies":"Flame Bruiser 1 Orb","floor":37.0,"turns":5.0},{"damage":14.0,"enemies":"Maw","floor":39.0,"turns":7.0},{"damage":42.0,"enemies":"Giant Head","floor":41.0,"turns":8.0},{"damage":2.0,"enemies":"Sphere and 2 Shapes","floor":46.0,"turns":4.0},{"damage":0.0,"enemies":"4 Shapes","floor":47.0,"turns":5.0},{"damage":16,"enemies":"Nemesis","floor":48,"turns":9},{"damage":35,"enemies":"Awakened One","floor":50,"turns":15}],"event_choices":[{"event_name":"Big Fish","player_choice":"Box","floor":3.0,"damage_taken":0.0},{"event_name":"Dead Adventurer","player_choice":"Searched \u00272\u0027 times","floor":8.0,"damage_taken":0.0},{"event_name":"Duplicator","player_choice":"One dupe","floor":19.0,"damage_taken":0.0},{"event_name":"Addict","player_choice":"Obtained Relic","floor":21.0,"damage_taken":0.0},{"event_name":"Vampires","player_choice":"Ignored","floor":30.0,"damage_taken":0.0},{"event_name":"Tomb of Lord Red Mask","player_choice":"Paid","floor":38.0,"damage_taken":0.0},{"event_name":"SensoryStone","player_choice":"Memory 1","floor":42.0,"damage_taken":0.0}],"boss_relics":[],"potions_floor_spawned":[4,6,11,16,18,22,24,35,41,48],"seed_played":"1562171291937480985","ascension_level":1,"is_trial":false}