{"gold_per_floor":[118,134,134,134,152,152,152,152,179,189,201,219,219,247,247,350,350,360,371,140,160,60,60,79,93,172,172,184,99,118,118,118,214,214,230,505,524,524],"floor_reached":38,"playtime":3315,"items_purged":["After Image","Eviscerate"],"score":380,"play_id":"a8c32243-1c66-434f-8bf5-da5146f189ec","local_time":"20190312195308","is_ascension_mode":false,"campfire_choices":[{"data":"A Thousand Cuts","floor":6,"key":"SMITH"},{"data":"Night Terror","floor":8,"key":"SMITH"},{"floor":13,"key":"REST"},{"data":"Cloak And Dagger","floor":15,"key":"SMITH"},{"data":"Blade Dance","floor":23,"key":"SMITH"},{"floor":32,"key":"REST"}],"neow_cost":"NONE","seed_source_timestamp":336529629140200,"circlet_count":0,"master_deck":["A Thousand Cuts+1","Acrobatics","Blade Dance+1","Caltrops","Choke","Cloak And Dagger","Cloak And Dagger","Cloak And Dagger+1","Dagger Throw","Envenom","Flying Knee","Heel Hook","Neutralize","Night Terror+1","Predator","Quick Slash","Quick Slash","Sucker Punch","Survivor","Tactician","Infinite Blades","Distraction","Distraction","Endless Agony","A Thousand Cuts+1","Accuracy+1","Regret","Blade Dance+1"],"relics":["Ring of the Snake","Snake Skull","Orichalcum","Blood Vial","Vajra","Pandora\u0027s Box","Bronze Scales","Tiny Chest","Enchiridion","Frozen Egg 2","Coffee Dripper"],"potions_floor_usage":[11,16,16,16,24,24,25,33],"damage_taken":[{"damage":5,"enemies":"Jaw Worm","floor":1,"turns":6},{"damage":5,"enemies":"Small Slimes","floor":2,"turns":3},{"damage":0,"enemies":"Cultist","floor":5,"turns":5},{"damage":9,"enemies":"2 Fungi Beasts","floor":10,"turns":4},{"damage":0,"enemies":"3 Louse","floor":11,"turns":3},{"damage":6,"enemies":"Red Slaver","floor":12,"turns":4},{"damage":6,"enemies":"3 Sentries","floor":14,"turns":6},{"damage":22,"enemies":"Hexaghost","floor":16,"turns":8},{"damage":17,"enemies":"Shell Parasite","floor":18,"turns":4},{"damage":1,"enemies":"Chosen","floor":19,"turns":4},{"damage":18,"enemies":"Snake Plant","floor":21,"turns":4},{"damage":5,"enemies":"Cultist and Chosen","floor":24,"turns":4},{"damage":5,"enemies":"Snecko","floor":25,"turns":3},{"damage":7,"enemies":"Centurion and Healer","floor":28,"turns":4},{"damage":11,"enemies":"Cultist and Chosen","floor":30,"turns":5},{"damage":22,"enemies":"Automaton","floor":33,"turns":6},{"damage":17,"enemies":"Orb Walker","floor":35,"turns":3},{"damage":23,"enemies":"3 Darklings","floor":37,"turns":3},{"damage":35,"enemies":"Writhing Mass","floor":38,"turns":3}],"seed_played":"9154875081974975302","potions_obtained":[{"floor":2,"key":"Fire Potion"},{"floor":10,"key":"FearPotion"},{"floor":11,"key":"FearPotion"},{"floor":12,"key":"Swift Potion"},{"floor":18,"key":"Swift Potion"},{"floor":21,"key":"SpeedPotion"},{"floor":24,"key":"AttackPotion"},{"floor":30,"key":"Strength Potion"},{"floor":37,"key":"SpeedPotion"}],"is_trial":false,"path_per_floor":["M","M","?","?","M","R","T","R","T","M","M","M","R","E","R","B",null,"M","M","$","M","$","R","M","M","T","?","M","?","M","?","R","B",null,"M","?","M","M"],"character_chosen":"THE_SILENT","items_purchased":["Bronze Scales"],"campfire_rested":2,"item_purchase_floors":[20],"current_hp_per_floor":[65,60,48,34,34,34,34,34,34,27,29,25,46,42,42,22,70,53,54,54,38,38,38,35,32,32,16,11,11,2,2,23,3,70,53,53,32,0],"gold":524,"neow_bonus":"ONE_RANDOM_RARE_CARD","is_prod":false,"is_daily":false,"chose_seed":false,"campfire_upgraded":4,"win_rate":0.0,"timestamp":1552438388,"path_taken":["M","M","?","?","M","R","?","R","T","M","M","?","R","E","R","BOSS","M","M","$","M","$","R","M","M","T","?","M","?","M","?","R","BOSS","M","?","?","M"],"build_version":"2019-01-23","purchased_purges":2,"victory":false,"max_hp_per_floor":[70,70,70,70,70,70,70,70,70,70,70,70,70,70,70,70,70,70,70,70,70,70,70,70,70,70,70,70,70,70,70,70,70,70,70,70,70,70],"card_choices":[{"not_picked":["Dodge and Roll","Acrobatics"],"picked":"Flying Knee","floor":1},{"not_picked":["Prepared","Dash"],"picked":"Night Terror","floor":2},{"not_picked":["Flying Knee","Sucker Punch"],"picked":"Quick Slash","floor":5},{"not_picked":["Poisoned Stab","Choke"],"picked":"Acrobatics","floor":10},{"not_picked":["Deadly Poison","Crippling Poison"],"picked":"Dagger Throw","floor":11},{"not_picked":["Choke","Wraith Form v2"],"picked":"Blade Dance","floor":12},{"not_picked":["Backflip","Leg Sweep"],"picked":"Cloak And Dagger","floor":14},{"not_picked":["Wraith Form v2","Adrenaline"],"picked":"Envenom","floor":16},{"not_picked":["Caltrops+1","Dagger Throw"],"picked":"Cloak And Dagger","floor":18},{"not_picked":["Prepared","PiercingWail","Finisher"],"picked":"SKIP","floor":19},{"not_picked":["Malaise","Riddle With Holes+1"],"picked":"Footwork","floor":21},{"not_picked":["Blade Dance","Slice"],"picked":"Infinite Blades","floor":24},{"not_picked":["Bane","Flying Knee+1"],"picked":"Distraction","floor":25},{"not_picked":["Catalyst+1","Tactician"],"picked":"Distraction","floor":28},{"not_picked":["Blur","Deflect+1"],"picked":"Endless Agony","floor":30},{"not_picked":["Doppelganger","Envenom+1"],"picked":"A Thousand Cuts+1","floor":33},{"not_picked":["Sucker Punch+1","Reflex+1"],"picked":"Accuracy+1","floor":35},{"not_picked":["Prepared+1","Poisoned Stab+1"],"picked":"Blade Dance+1","floor":37}],"player_experience":65287,"relics_obtained":[{"floor":7,"key":"Orichalcum"},{"floor":9,"key":"Blood Vial"},{"floor":14,"key":"Vajra"},{"floor":26,"key":"Tiny Chest"},{"floor":27,"key":"Enchiridion"}],"event_choices":[{"damage_healed":0,"gold_gain":0,"player_choice":"Success","damage_taken":12,"relics_obtained":["Snake Skull"],"max_hp_gain":0,"max_hp_loss":0,"event_name":"Scrap Ooze","floor":3,"gold_loss":0},{"damage_healed":0,"gold_gain":0,"player_choice":"Entered Light","damage_taken":14,"max_hp_gain":0,"max_hp_loss":0,"event_name":"Shining Light","floor":4,"gold_loss":0,"cards_upgraded":["Defend_G","Defend_G"]},{"damage_healed":0,"gold_gain":0,"player_choice":"Obtained Book","damage_taken":16,"max_hp_gain":0,"max_hp_loss":0,"event_name":"Cursed Tome","floor":27,"gold_loss":0},{"damage_healed":0,"gold_gain":0,"player_choice":"Obtained Relic","damage_taken":0,"relics_obtained":["Frozen Egg 2"],"max_hp_gain":0,"max_hp_loss":0,"event_name":"Addict","floor":29,"gold_loss":85},{"cards_removed":["Footwork"],"damage_healed":0,"gold_gain":0,"player_choice":"Elegance","damage_taken":0,"max_hp_gain":0,"max_hp_loss":0,"event_name":"Back to Basics","floor":31,"gold_loss":0},{"damage_healed":0,"gold_gain":275,"player_choice":"Desecrate","damage_taken":0,"max_hp_gain":0,"max_hp_loss":0,"event_name":"Golden Shrine","floor":36,"gold_loss":0,"cards_obtained":["Regret"]}],"is_beta":false,"boss_relics":[{"not_picked":["Ring of the Serpent","Tiny House"],"picked":"Pandora\u0027s Box"},{"not_picked":["Runic Pyramid","Snecko Eye"],"picked":"Coffee Dripper"}],"items_purged_floors":[20,22],"is_endless":false,"potions_floor_spawned":[2,10,11,12,18,21,24,30,37],"killed_by":"Writhing Mass","ascension_level":0}