{"gold_per_floor":[117,133,145,145,164,193,193,223,223,223,252,266,280,305,305,377,377,392,403,414,514,528,560,578,612,612,639,639,674,430,463,463,540,540,551,288,299,311,324,358,358,389,389,389,420,420,420,256,256,256,256,256,256,46,75,75],"floor_reached":57,"playtime":2122,"items_purged":["Blade Dance","Cloak And Dagger","Grand Finale+1"],"score":4190,"play_id":"31ee0f8c-cf60-4e52-874a-8f7b627d7172","local_time":"20190428175451","is_ascension_mode":true,"campfire_choices":[{"data":"Acrobatics","floor":7.0,"key":"SMITH"},{"data":"Expertise","floor":10.0,"key":"SMITH"},{"data":"Escape Plan","floor":15.0,"key":"SMITH"},{"data":"Tactician","floor":28,"key":"SMITH"},{"floor":32,"key":"RECALL"},{"data":"Leg Sweep","floor":49,"key":"PURGE"},{"data":"Adrenaline","floor":53,"key":"PURGE"}],"neow_cost":"NONE","seed_source_timestamp":0,"circlet_count":0,"master_deck":["AscendersBane","Survivor+1","Neutralize+1","Acrobatics+1","Accuracy","Crippling Poison","Expertise+1","Escape Plan+1","Backflip+1","Tactician+1","Bouncing Flask"],"special_seed":0,"relics":["Pandora\u0027s Box","Gremlin Horn","Whetstone","Sundial","Torii","PreservedInsect","Busted Crown","Thread and Needle","Dodecahedron","Bronze Scales","Oddly Smooth Stone","Juzu Bracelet","Boot","Centennial Puzzle","Lantern","Runic Pyramid","Bag of Preparation","The Specimen","Peace Pipe","Blue Candle","Molten Egg 2","War Paint","Orichalcum","Pen Nib"],"potions_floor_usage":[31,38,56,56],"damage_taken":[{"damage":0.0,"enemies":"Cultist","floor":1.0,"turns":4.0},{"damage":3.0,"enemies":"2 Louse","floor":2.0,"turns":3.0},{"damage":10.0,"enemies":"Small Slimes","floor":3.0,"turns":3.0},{"damage":0.0,"enemies":"3 Louse","floor":5.0,"turns":1.0},{"damage":0.0,"enemies":"Gremlin Nob","floor":6.0,"turns":2.0},{"damage":0.0,"enemies":"Lagavulin","floor":8.0,"turns":3.0},{"damage":0.0,"enemies":"Gremlin Nob","floor":11.0,"turns":2.0},{"damage":2.0,"enemies":"Gremlin Gang","floor":12.0,"turns":2.0},{"damage":0.0,"enemies":"Exordium Thugs","floor":13.0,"turns":1.0},{"damage":0.0,"enemies":"3 Sentries","floor":14.0,"turns":1.0},{"damage":0.0,"enemies":"Hexaghost","floor":16.0,"turns":4.0},{"damage":0.0,"enemies":"Shell Parasite","floor":18.0,"turns":1.0},{"damage":0.0,"enemies":"2 Thieves","floor":19.0,"turns":2.0},{"damage":0.0,"enemies":"Shelled Parasite and Fungi","floor":20.0,"turns":2.0},{"damage":1.0,"enemies":"Colosseum Slavers","floor":21.0,"turns":2.0},{"damage":0.0,"enemies":"Colosseum Nobs","floor":21.0,"turns":1.0},{"damage":0.0,"enemies":"Sentry and Sphere","floor":22.0,"turns":2.0},{"damage":0.0,"enemies":"Book of Stabbing","floor":23.0,"turns":3.0},{"damage":0.0,"enemies":"Centurion and Healer","floor":24.0,"turns":2.0},{"damage":0.0,"enemies":"Slavers","floor":25.0,"turns":1.0},{"damage":0,"enemies":"Book of Stabbing","floor":27,"turns":2},{"damage":0,"enemies":"Slavers","floor":29,"turns":2},{"damage":0,"enemies":"Gremlin Leader","floor":31,"turns":1},{"damage":0,"enemies":"Champ","floor":33,"turns":2},{"damage":0,"enemies":"3 Darklings","floor":35,"turns":1},{"damage":0,"enemies":"Orb Walker","floor":37,"turns":1},{"damage":0,"enemies":"Transient","floor":38,"turns":6},{"damage":0,"enemies":"Maw","floor":39,"turns":1},{"damage":0,"enemies":"Reptomancer","floor":40,"turns":1},{"damage":0,"enemies":"Nemesis","floor":42,"turns":1},{"damage":0,"enemies":"Reptomancer","floor":45,"turns":1},{"damage":0,"enemies":"Time Eater","floor":50,"turns":3},{"damage":0,"enemies":"Donu and Deca","floor":51,"turns":1},{"damage":0,"enemies":"Shield and Spear","floor":55,"turns":3},{"damage":1,"enemies":"The Heart","floor":56,"turns":4}],"seed_played":"-5566398227228449560","potions_obtained":[{"floor":1.0,"key":"Dexterity Potion"},{"floor":6.0,"key":"EssenceOfSteel"},{"floor":20.0,"key":"GamblersBrew"},{"floor":29,"key":"SkillPotion"},{"floor":33,"key":"SmokeBomb"},{"floor":37,"key":"EntropicBrew"},{"floor":38,"key":"Fruit Juice"},{"floor":40,"key":"Energy Potion"}],"is_trial":false,"path_per_floor":["M","M","M","?","M","E","R","E","T","R","E","M","M","E","R","B",null,"M","M","M","?","M","E","M","E","T","E","R","E","$","E","R","B",null,"M","$","M","M","M","E","?","E","T","?","E","?","?","$","R","B","B",null,"R","$","E","B",null],"character_chosen":"THE_SILENT","items_purchased":["Centennial Puzzle","Bag of Preparation","Orichalcum","Bouncing Flask"],"campfire_rested":0,"item_purchase_floors":[30,36,48,54],"current_hp_per_floor":[59,56,46,46,46,46,46,46,46,46,46,44,44,44,44,44,61,61,61,61,60,60,60,60,60,60,60,60,60,60,60,60,60,65,65,65,65,70,70,70,70,70,70,70,70,70,70,70,70,70,70,71,71,71,71,70],"gold":75,"neow_bonus":"BOSS_RELIC","is_prod":false,"is_daily":false,"chose_seed":true,"campfire_upgraded":4,"win_rate":0,"timestamp":1556445291,"path_taken":["M","?","M","?","M","E","R","E","T","R","E","M","M","E","R","BOSS","M","M","M","?","M","E","M","E","T","E","R","E","$","E","R","BOSS","M","$","M","M","M","E","?","E","T","?","E","?","?","?","R","BOSS","BOSS","R","$","E","BOSS"],"build_version":"2019-01-23","purchased_purges":3,"victory":true,"max_hp_per_floor":[66,66,66,66,66,66,66,66,66,66,66,66,66,66,66,66,66,66,66,66,66,66,66,66,66,66,66,66,66,66,66,66,66,66,66,66,66,71,71,71,71,71,71,71,71,71,71,71,71,71,71,71,71,71,71,71],"card_choices":[{"not_picked":["Caltrops","Endless Agony","Cloak And Dagger"],"picked":"SKIP","floor":1.0},{"not_picked":["Masterful Stab","Leg Sweep"],"picked":"Expertise","floor":2.0},{"not_picked":["Finisher","Cloak And Dagger","Outmaneuver"],"picked":"SKIP","floor":3.0},{"not_picked":["Deadly Poison","Acrobatics","Poisoned Stab"],"picked":"SKIP","floor":5.0},{"not_picked":["Catalyst","Quick Slash"],"picked":"Escape Plan","floor":6.0},{"not_picked":["Choke","Dagger Spray","Dodge and Roll"],"picked":"SKIP","floor":8.0},{"not_picked":["Acrobatics","Blade Dance","Skewer"],"picked":"SKIP","floor":11.0},{"not_picked":["Noxious Fumes","Catalyst","Expertise"],"picked":"SKIP","floor":12.0},{"not_picked":["Infinite Blades","Dagger Spray","Die Die Die"],"picked":"SKIP","floor":13.0},{"not_picked":["All Out Attack","Dagger Spray"],"picked":"Backflip","floor":14.0},{"not_picked":["Reflex"],"picked":"SKIP","floor":18.0},{"not_picked":["Flying Knee"],"picked":"SKIP","floor":19.0},{"not_picked":["Outmaneuver"],"picked":"SKIP","floor":20.0},{"not_picked":["Dagger Spray"],"picked":"SKIP","floor":22.0},{"not_picked":["Dodge and Roll"],"picked":"SKIP","floor":23.0},{"not_picked":[],"picked":"Tactician","floor":24.0},{"not_picked":["Backstab"],"picked":"SKIP","floor":25.0},{"not_picked":["Sucker Punch+1"],"picked":"SKIP","floor":27},{"not_picked":["Quick Slash"],"picked":"SKIP","floor":29},{"not_picked":["Dash"],"picked":"SKIP","floor":31},{"not_picked":["Slice"],"picked":"SKIP","floor":35},{"not_picked":["Dagger Throw"],"picked":"SKIP","floor":37},{"not_picked":["Quick Slash"],"picked":"SKIP","floor":38},{"not_picked":["Underhanded Strike"],"picked":"SKIP","floor":39},{"not_picked":["Endless Agony"],"picked":"SKIP","floor":40},{"not_picked":["Backflip"],"picked":"SKIP","floor":42},{"not_picked":["Bullet Time"],"picked":"SKIP","floor":45},{"not_picked":["Slice+1"],"picked":"SKIP","floor":55}],"player_experience":1498618,"relics_obtained":[{"floor":6.0,"key":"Gremlin Horn"},{"floor":8.0,"key":"Whetstone"},{"floor":9.0,"key":"Sundial"},{"floor":11.0,"key":"Torii"},{"floor":14.0,"key":"PreservedInsect"},{"floor":21.0,"key":"Thread and Needle"},{"floor":21.0,"key":"Dodecahedron"},{"floor":23.0,"key":"Bronze Scales"},{"floor":25.0,"key":"Oddly Smooth Stone"},{"floor":27,"key":"Juzu Bracelet"},{"floor":29,"key":"Boot"},{"floor":31,"key":"Lantern"},{"floor":40,"key":"The Specimen"},{"floor":42,"key":"Peace Pipe"},{"floor":43,"key":"Blue Candle"},{"floor":45,"key":"Molten Egg 2"},{"floor":55,"key":"Pen Nib"}],"event_choices":[{"cards_removed":["Envenom"],"damage_healed":0.0,"max_hp_gain":0.0,"max_hp_loss":0.0,"gold_gain":0.0,"event_name":"Living Wall","player_choice":"Forget","floor":4.0,"gold_loss":0.0,"damage_taken":0.0},{"damage_healed":0.0,"max_hp_gain":0.0,"max_hp_loss":0.0,"gold_gain":0.0,"event_name":"Colosseum","player_choice":"Fight","floor":21.0,"gold_loss":0.0,"damage_taken":0.0},{"damage_healed":0.0,"max_hp_gain":0.0,"max_hp_loss":0.0,"gold_gain":0.0,"event_name":"Colosseum","player_choice":"Fought Nobs","floor":21.0,"gold_loss":0.0,"damage_taken":0.0},{"cards_removed":["Infinite Blades"],"damage_healed":0,"gold_gain":0,"player_choice":"Removed Power","damage_taken":0,"max_hp_gain":0,"max_hp_loss":0,"event_name":"Falling","floor":41,"gold_loss":0},{"damage_healed":0,"gold_gain":0,"player_choice":"Ignored","damage_taken":0,"max_hp_gain":0,"max_hp_loss":0,"event_name":"Tomb of Lord Red Mask","floor":44,"gold_loss":0},{"damage_healed":0,"gold_gain":0,"player_choice":"Gave Potion","damage_taken":0,"relics_obtained":["War Paint"],"max_hp_gain":0,"max_hp_loss":0,"event_name":"WeMeetAgain","floor":46,"gold_loss":0},{"damage_healed":0,"gold_gain":0,"player_choice":"Ignored","damage_taken":0,"max_hp_gain":0,"max_hp_loss":0,"event_name":"SecretPortal","floor":47,"gold_loss":0}],"is_beta":false,"boss_relics":[{"not_picked":["Runic Dome","White Beast Statue"],"picked":"Busted Crown"},{"not_picked":["Lizard Tail","Empty Cage"],"picked":"Runic Pyramid"}],"items_purged_floors":[30,36,54],"is_endless":false,"potions_floor_spawned":[1,6,8,11,19,20,21,23,29,33,37,38,40,45],"ascension_level":20}