{"gold_per_floor":[126,138,168,180,210,222,257,269,305,317,339,104,104,124,124,201,201,221,232,148,167,177,177,177,377,403,420,434,447,282,313,313,384,384,396,396,396,47,0,0,31,31,31,43,59,71,71,18,18,18],"floor_reached":50,"playtime":2051,"items_purged":["Regret","Writhe"],"score":989,"play_id":"3b7d6ac8-d046-4755-9859-5decf8d3c111","local_time":"20190207111730","is_ascension_mode":true,"campfire_choices":[{"data":"Twin Strike","floor":6.0,"key":"SMITH"},{"data":"Offering","floor":8.0,"key":"SMITH"},{"data":"Cleave","floor":10.0,"key":"SMITH"},{"data":"Bandage Up","floor":13.0,"key":"SMITH"},{"data":"Flame Barrier","floor":15.0,"key":"SMITH"},{"data":"Rupture","floor":23.0,"key":"SMITH"},{"floor":32.0,"key":"REST"},{"data":"Dark Embrace","floor":40.0,"key":"SMITH"},{"data":"Second Wind","floor":42.0,"key":"SMITH"},{"floor":47.0,"key":"REST"},{"floor":49.0,"key":"REST"}],"neow_cost":"NONE","seed_source_timestamp":0,"circlet_count":0,"master_deck":["AscendersBane","Bash","Cleave+1","Twin Strike+1","Blood for Blood","Offering+1","Corruption","Bandage Up+1","Flame Barrier+1","Flex","Immolate","Armaments","Sever Soul","Rupture+1","Combust","Sever Soul","Bloodletting","Rampage","Cleave","Clothesline","Pommel Strike+1","Exhume","Thunderclap+1","Sentinel","Offering","Havoc","Dark Embrace+1","Heavy Blade+1","Panacea","Spot Weakness","Second Wind+1","Burning Pact+1","Shrug It Off+1","Shockwave+1","Dropkick"],"special_seed":0,"relics":["Burning Blood","MawBank","Magic Flower","Odd Mushroom","Pen Nib","Pandora\u0027s Box","Blood Vial","Dream Catcher","Black Star","PreservedInsect","Red Mask","Orichalcum","Self Forming Clay","Gambling Chip"],"potions_floor_usage":[50],"damage_taken":[{"damage":10.0,"enemies":"Small Slimes","floor":1.0,"turns":3.0},{"damage":12.0,"enemies":"2 Louse","floor":3.0,"turns":3.0},{"damage":1.0,"enemies":"Cultist","floor":5.0,"turns":3.0},{"damage":9.0,"enemies":"The Mushroom Lair","floor":7.0,"turns":3.0},{"damage":17.0,"enemies":"Looter","floor":11.0,"turns":2.0},{"damage":9.0,"enemies":"Exordium Wildlife","floor":14.0,"turns":3.0},{"damage":76.0,"enemies":"The Guardian","floor":16.0,"turns":7.0},{"damage":16.0,"enemies":"Chosen","floor":18.0,"turns":3.0},{"damage":11.0,"enemies":"Spheric Guardian","floor":19.0,"turns":3.0},{"damage":15.0,"enemies":"Shelled Parasite and Fungi","floor":21.0,"turns":1.0},{"damage":8.0,"enemies":"Snecko","floor":22.0,"turns":3.0},{"damage":18.0,"enemies":"Chosen and Byrds","floor":27.0,"turns":3.0},{"damage":36.0,"enemies":"Shelled Parasite and Fungi","floor":28.0,"turns":3.0},{"damage":24.0,"enemies":"Cultist and Chosen","floor":29.0,"turns":5.0},{"damage":28.0,"enemies":"Slavers","floor":31.0,"turns":3.0},{"damage":50.0,"enemies":"Champ","floor":33.0,"turns":6.0},{"damage":48.0,"enemies":"Orb Walker","floor":35.0,"turns":3.0},{"damage":36.0,"enemies":"Giant Head","floor":41.0,"turns":4.0},{"damage":20.0,"enemies":"3 Darklings","floor":44.0,"turns":2.0},{"damage":19.0,"enemies":"Jaw Worm Horde","floor":45.0,"turns":3.0},{"damage":34.0,"enemies":"Writhing Mass","floor":46.0,"turns":4.0},{"damage":74,"enemies":"Time Eater","floor":50,"turns":6}],"seed_played":"-6229020496673527702","potions_obtained":[{"floor":3.0,"key":"Block Potion"},{"floor":4.0,"key":"FairyPotion"},{"floor":7.0,"key":"Energy Potion"},{"floor":14.0,"key":"Poison Potion"},{"floor":18.0,"key":"Ancient Potion"},{"floor":28.0,"key":"PowerPotion"},{"floor":33.0,"key":"SpeedPotion"},{"floor":45.0,"key":"FearPotion"}],"is_trial":false,"path_per_floor":["M","?","M","?","M","R","?","R","T","R","M","$","R","M","R","B",null,"M","M","$","M","M","R","$","?","T","M","M","M","$","E","R","B",null,"M","?","?","$","?","R","E","R","T","M","M","M","R","$","R","B"],"character_chosen":"IRONCLAD","items_purchased":["Bandage Up","Flame Barrier","Exhume","Offering","PreservedInsect","Spot Weakness","Dexterity Potion"],"campfire_rested":3,"item_purchase_floors":[12,12,20,30,38,38,48],"current_hp_per_floor":[64,64,61,61,69,69,69,69,69,69,61,61,61,70,70,12,59,61,68,68,62,72,72,72,72,72,75,66,63,63,56,75,43,67,40,55,55,55,55,55,40,40,40,32,34,30,52,52,74,7],"gold":18,"neow_bonus":"RANDOM_COMMON_RELIC","is_prod":false,"is_daily":false,"chose_seed":false,"campfire_upgraded":8,"win_rate":0,"timestamp":1549556250,"path_taken":["M","?","M","?","?","R","?","R","T","R","M","?","R","?","R","BOSS","M","M","$","M","M","R","$","?","T","?","?","M","?","E","R","BOSS","M","?","?","$","?","R","E","R","T","M","M","M","R","$","R","BOSS"],"build_version":"2019-01-23","purchased_purges":2,"victory":false,"max_hp_per_floor":[75,75,75,75,75,75,75,75,75,75,75,75,75,75,75,75,75,75,75,75,75,75,75,75,75,75,75,75,75,75,75,75,75,75,75,75,75,75,75,75,75,75,75,75,75,75,75,75,75,75],"card_choices":[{"not_picked":["Reckless Charge","Ghostly Armor"],"picked":"Cleave","floor":1.0},{"not_picked":["Bloodletting","Shrug It Off"],"picked":"Twin Strike","floor":3.0},{"not_picked":["Feel No Pain","Cleave"],"picked":"Blood for Blood","floor":5.0},{"not_picked":["Clash","Body Slam"],"picked":"Offering","floor":7.0},{"not_picked":["Warcry","Perfected Strike"],"picked":"Corruption","floor":11.0},{"not_picked":["Wild Strike","Thunderclap"],"picked":"Flex","floor":14.0},{"not_picked":["Demon Form","Double Tap"],"picked":"Immolate","floor":16.0},{"not_picked":["True Grit","Sentinel"],"picked":"Pommel Strike+1","floor":18.0},{"not_picked":["Body Slam","Clothesline","Dropkick"],"picked":"SKIP","floor":19.0},{"not_picked":["Pommel Strike+1","Power Through","Sword Boomerang"],"picked":"SKIP","floor":21.0},{"not_picked":["Wild Strike","True Grit","Rage"],"picked":"SKIP","floor":22.0},{"not_picked":["Intimidate","Clash"],"picked":"Thunderclap+1","floor":27.0},{"not_picked":["Cleave","Wild Strike","Armaments"],"picked":"SKIP","floor":28.0},{"not_picked":["Cleave","Sword Boomerang"],"picked":"Sentinel","floor":29.0},{"not_picked":["Disarm","Uppercut","Reckless Charge"],"picked":"SKIP","floor":31.0},{"not_picked":["True Grit","Pommel Strike"],"picked":"Havoc","floor":32.0},{"not_picked":["Reaper","Bludgeon"],"picked":"Dark Embrace","floor":33.0},{"not_picked":["Rupture","Body Slam+1"],"picked":"Heavy Blade+1","floor":35.0},{"not_picked":["Purity","Mayhem"],"picked":"Panacea","floor":37.0},{"not_picked":["Bloodletting","Twin Strike"],"picked":"Second Wind","floor":41.0},{"not_picked":["Dual Wield","Wild Strike","Thunderclap+1"],"picked":"SKIP","floor":44.0},{"not_picked":["Cleave+1","Sword Boomerang"],"picked":"Burning Pact+1","floor":45.0},{"not_picked":["Corruption+1","Body Slam+1"],"picked":"Shrug It Off+1","floor":46.0},{"not_picked":["Clash","Ghostly Armor+1"],"picked":"Shockwave+1","floor":47.0},{"not_picked":["Power Through","Thunderclap"],"picked":"Dropkick","floor":49.0}],"player_experience":830815,"relics_obtained":[{"floor":7.0,"key":"Odd Mushroom"},{"floor":9.0,"key":"Pen Nib"},{"floor":26.0,"key":"Blood Vial"},{"floor":31.0,"key":"Dream Catcher"},{"floor":41.0,"key":"Orichalcum"},{"floor":41.0,"key":"Self Forming Clay"},{"floor":43.0,"key":"Gambling Chip"}],"event_choices":[{"damage_healed":0.0,"max_hp_gain":0.0,"max_hp_loss":0.0,"gold_gain":0.0,"event_name":"Big Fish","player_choice":"Box","floor":2.0,"gold_loss":0.0,"damage_taken":0.0,"relics_obtained":["Magic Flower"],"cards_obtained":["Regret"]},{"damage_healed":0.0,"max_hp_gain":0.0,"max_hp_loss":0.0,"gold_gain":0.0,"event_name":"Lab","player_choice":"Got Potions","floor":4.0,"gold_loss":0.0,"damage_taken":0.0},{"damage_healed":0.0,"max_hp_gain":0.0,"max_hp_loss":0.0,"gold_gain":0.0,"event_name":"Mushrooms","player_choice":"Fought Mushrooms","floor":7.0,"gold_loss":0.0,"damage_taken":0.0},{"damage_healed":0.0,"max_hp_gain":0.0,"max_hp_loss":0.0,"gold_gain":250.0,"event_name":"The Joust","player_choice":"Bet on Owner","floor":25.0,"gold_loss":50.0,"damage_taken":0.0},{"damage_healed":15.0,"max_hp_gain":0.0,"max_hp_loss":0.0,"gold_gain":0.0,"event_name":"Winding Halls","player_choice":"Writhe","floor":36.0,"gold_loss":0.0,"damage_taken":0.0,"cards_obtained":["Writhe"]},{"damage_healed":0.0,"max_hp_gain":0.0,"max_hp_loss":0.0,"gold_gain":0.0,"event_name":"SensoryStone","player_choice":"Memory 1","floor":37.0,"gold_loss":0.0,"damage_taken":0.0},{"damage_healed":0.0,"max_hp_gain":0.0,"max_hp_loss":0.0,"gold_gain":0.0,"event_name":"Tomb of Lord Red Mask","player_choice":"Paid","floor":39.0,"gold_loss":47.0,"damage_taken":0.0,"relics_obtained":["Red Mask"]}],"is_beta":false,"boss_relics":[{"not_picked":["Ectoplasm","Lizard Tail"],"picked":"Pandora\u0027s Box"},{"not_picked":["Orrery","Busted Crown"],"picked":"Black Star"}],"items_purged_floors":[12,38],"is_endless":false,"potions_floor_spawned":[3,5,7,14,18,19,28,33,45],"killed_by":"Time Eater","ascension_level":20}