{"gold_per_floor":[18,18,193,193,209,236,246,246,292,292,311,338,19,29,29,29],"floor_reached":16,"playtime":1161,"items_purged":[],"score":115,"play_id":"74d8456e-66d9-4b46-a9e5-b35e0ec01484","local_time":"20190410162336","is_ascension_mode":true,"campfire_choices":[{"floor":8,"key":"RECALL"},{"data":"Infernal Blade","floor":10,"key":"SMITH"},{"data":"Demon Form","floor":15,"key":"SMITH"}],"neow_cost":"NO_GOLD","seed_source_timestamp":406760051142358,"circlet_count":0,"master_deck":["Strike_R","Strike_R","Strike_R","Defend_R","Defend_R","Defend_R","Defend_R+1","Bash","Clothesline","Sentinel+1","Infernal Blade+1","Doubt","Heavy Blade","Headbutt","Heavy Blade","Demon Form+1","Inflame"],"relics":["Burning Blood","Vajra","Spirit Poop","Strawberry","Blood Vial","War Paint","Membership Card","Toxic Egg 2"],"potions_floor_usage":[11,14,16],"damage_taken":[{"damage":4,"enemies":"Cultist","floor":1,"turns":4},{"damage":0,"enemies":"2 Louse","floor":5,"turns":2},{"damage":29,"enemies":"Lagavulin","floor":6,"turns":6},{"damage":2,"enemies":"Small Slimes","floor":7,"turns":4},{"damage":0,"enemies":"Gremlin Gang","floor":11,"turns":2},{"damage":39,"enemies":"Gremlin Nob","floor":12,"turns":5},{"damage":10,"enemies":"Exordium Wildlife","floor":14,"turns":6},{"damage":48,"enemies":"Hexaghost","floor":16,"turns":9}],"seed_played":"-100367492509648072","potions_obtained":[{"floor":1,"key":"Explosive Potion"},{"floor":6,"key":"PowerPotion"},{"floor":11,"key":"AttackPotion"}],"is_trial":false,"path_per_floor":["M","?","?","?","M","E","M","R","T","R","M","E","$","M","R","B"],"character_chosen":"IRONCLAD","items_purchased":["Membership Card","Toxic Egg 2"],"campfire_rested":0,"item_purchase_floors":[13,13],"current_hp_per_floor":[80,80,80,80,80,64,68,68,68,68,76,45,45,43,43,0],"gold":29,"neow_bonus":"TRANSFORM_TWO_CARDS","is_prod":false,"is_daily":false,"chose_seed":false,"campfire_upgraded":2,"win_rate":0,"timestamp":1554931416,"path_taken":["M","?","?","?","?","E","M","R","T","R","M","E","$","M","R","BOSS"],"build_version":"2019-01-23","purchased_purges":0,"victory":false,"max_hp_per_floor":[80,80,80,80,80,87,87,87,87,87,87,87,87,87,87,87],"card_choices":[{"not_picked":["Fire Breathing","Wild Strike"],"picked":"Infernal Blade","floor":1},{"not_picked":["Sentinel","Havoc","Wild Strike"],"picked":"SKIP","floor":5},{"not_picked":["Ghostly Armor","Juggernaut"],"picked":"Heavy Blade","floor":6},{"not_picked":["Whirlwind","True Grit"],"picked":"Headbutt","floor":7},{"not_picked":["Flex","Headbutt"],"picked":"Heavy Blade","floor":11},{"not_picked":["Intimidate","Sever Soul"],"picked":"Demon Form","floor":12},{"not_picked":["Wild Strike","Rage+1"],"picked":"Inflame","floor":14}],"player_experience":169141,"relics_obtained":[{"floor":6,"key":"Strawberry"},{"floor":9,"key":"Blood Vial"},{"floor":12,"key":"War Paint"}],"event_choices":[{"damage_healed":0,"gold_gain":0,"player_choice":"Box","damage_taken":0,"relics_obtained":["Vajra"],"max_hp_gain":0,"max_hp_loss":0,"event_name":"Big Fish","floor":2,"gold_loss":0,"cards_obtained":["Regret"]},{"damage_healed":0,"gold_gain":175,"player_choice":"AGREE","damage_taken":0,"max_hp_gain":0,"max_hp_loss":0,"event_name":"Liars Game","floor":3,"gold_loss":0,"cards_obtained":["Doubt"]},{"cards_removed":["Regret"],"damage_healed":0,"gold_gain":0,"player_choice":"Offered Curse","damage_taken":0,"relics_obtained":["Spirit Poop"],"max_hp_gain":0,"max_hp_loss":0,"event_name":"Bonfire Elementals","floor":4,"gold_loss":0}],"is_beta":false,"boss_relics":[],"items_purged_floors":[],"is_endless":false,"potions_floor_spawned":[1,6,11],"killed_by":"Hexaghost","ascension_level":1}