{"gold_per_floor":[116,127,77,87,87,112,112,140,140,240,253,253,138,149,149,149],"floor_reached":16,"playtime":366,"items_purged":["Strike_B"],"score":110,"play_id":"2da3671e-fa13-459d-8ea5-427907be953d","local_time":"20190411201331","is_ascension_mode":false,"campfire_choices":[{"data":"Strike_B","floor":7,"key":"PURGE"},{"data":"Strike_B","floor":12,"key":"PURGE"},{"data":"Defend_B","floor":15,"key":"PURGE"}],"neow_cost":"NONE","seed_source_timestamp":42748663068200,"circlet_count":0,"master_deck":["Defend_B","Defend_B","Defend_B","Zap+1","Dualcast","Tempest","Electrodynamics","Defragment"],"relics":["Cracked Core","Peace Pipe","Turnip","Molten Egg 2"],"potions_floor_usage":[6,8,14],"damage_taken":[{"damage":4,"enemies":"2 Louse","floor":1,"turns":3},{"damage":5,"enemies":"Small Slimes","floor":2,"turns":3},{"damage":1,"enemies":"Cultist","floor":4,"turns":3},{"damage":16,"enemies":"Gremlin Nob","floor":6,"turns":3},{"damage":30,"enemies":"Lagavulin","floor":8,"turns":7},{"damage":0,"enemies":"2 Fungi Beasts","floor":11,"turns":2},{"damage":0,"enemies":"3 Louse","floor":14,"turns":1},{"damage":11,"enemies":"The Guardian","floor":16,"turns":5}],"seed_played":"-4393133292630229947","potions_obtained":[{"floor":1,"key":"Dexterity Potion"},{"floor":2,"key":"Fire Potion"},{"floor":8,"key":"Explosive Potion"}],"is_trial":false,"path_per_floor":["M","M","?","M","?","E","R","E","T","?","M","R","$","M","R","B"],"character_chosen":"DEFECT","items_purchased":["Defragment"],"campfire_rested":0,"item_purchase_floors":[13],"current_hp_per_floor":[71,66,66,65,53,37,37,7,7,7,7,7,7,7,7,0],"gold":149,"neow_bonus":"UPGRADE_CARD","is_prod":false,"is_daily":false,"chose_seed":false,"campfire_upgraded":0,"win_rate":0,"timestamp":1554984811,"path_taken":["M","M","?","M","?","E","R","E","T","?","M","R","$","M","R","BOSS"],"build_version":"2019-01-23","purchased_purges":1,"victory":false,"max_hp_per_floor":[75,75,75,75,75,75,75,75,75,75,75,75,75,75,75,75],"card_choices":[{"not_picked":["Go for the Eyes","Heatsinks"],"picked":"Tempest","floor":1},{"not_picked":["Hologram","Melter","Doom and Gloom"],"picked":"SKIP","floor":2},{"not_picked":["Go for the Eyes","Hologram","Leap"],"picked":"SKIP","floor":4},{"not_picked":["Consume","Rip and Tear","Hologram"],"picked":"SKIP","floor":6},{"not_picked":["Redo","Go for the Eyes"],"picked":"Electrodynamics","floor":8},{"not_picked":["Chaos","Recycle","Hologram"],"picked":"SKIP","floor":11},{"not_picked":["Barrage+1","Redo","Leap"],"picked":"SKIP","floor":14}],"player_experience":462658,"relics_obtained":[{"floor":6,"key":"Turnip"},{"floor":8,"key":"Molten Egg 2"}],"event_choices":[{"cards_removed":["Strike_B"],"damage_healed":0,"gold_gain":0,"player_choice":"Card Removal","damage_taken":0,"max_hp_gain":0,"max_hp_loss":0,"event_name":"The Cleric","floor":3,"gold_loss":50},{"damage_healed":0,"gold_gain":0,"player_choice":"Success","damage_taken":12,"relics_obtained":["Peace Pipe"],"max_hp_gain":0,"max_hp_loss":0,"event_name":"Scrap Ooze","floor":5,"gold_loss":0},{"damage_healed":0,"gold_gain":100,"player_choice":"Pray","damage_taken":0,"max_hp_gain":0,"max_hp_loss":0,"event_name":"Golden Shrine","floor":10,"gold_loss":0}],"is_beta":false,"boss_relics":[],"items_purged_floors":[13],"is_endless":false,"potions_floor_spawned":[1,2,8],"killed_by":"The Guardian","ascension_level":0}