{"gold_per_floor":[115,115,126,142,142,177,102,119,166,182,82,82,94,108,108,108],"floor_reached":16,"playtime":884,"items_purged":["Strike_R","Strike_R"],"score":104,"play_id":"d2e30024-58c9-407a-85a2-0830de4f5eba","local_time":"20190416001101","is_ascension_mode":false,"campfire_choices":[{"data":"Bash","floor":12,"key":"SMITH"},{"floor":15,"key":"REST"}],"neow_cost":"NONE","seed_source_timestamp":441907981022200,"circlet_count":0,"master_deck":["Strike_R","Strike_R","Defend_R","Defend_R","Defend_R","Defend_R","Bash+1","Thunderclap"],"relics":["Burning Blood","Bag of Marbles","Meat on the Bone","PreservedInsect"],"potions_floor_usage":[6,10,16],"damage_taken":[{"damage":1,"enemies":"2 Louse","floor":1,"turns":3},{"damage":10,"enemies":"Small Slimes","floor":3,"turns":4},{"damage":1,"enemies":"Cultist","floor":4,"turns":3},{"damage":24,"enemies":"3 Sentries","floor":6,"turns":10},{"damage":14,"enemies":"Blue Slaver","floor":8,"turns":3},{"damage":0,"enemies":"Looter","floor":10,"turns":3},{"damage":16,"enemies":"Lots of Slimes","floor":13,"turns":7},{"damage":9,"enemies":"3 Louse","floor":14,"turns":4},{"damage":18,"enemies":"Hexaghost","floor":16,"turns":9}],"seed_played":"1359024686622358730","potions_obtained":[{"floor":1,"key":"EssenceOfSteel"},{"floor":4,"key":"GamblersBrew"},{"floor":5,"key":"AttackPotion"},{"floor":5,"key":"Ancient Potion"},{"floor":8,"key":"SkillPotion"},{"floor":13,"key":"Block Potion"}],"is_trial":false,"path_per_floor":["M","?","M","M","?","E","$","M","T","M","$","R","M","M","R","B"],"character_chosen":"IRONCLAD","items_purchased":[],"campfire_rested":1,"item_purchase_floors":[],"current_hp_per_floor":[80,80,76,80,80,62,62,54,54,60,60,60,50,47,71,53],"gold":108,"neow_bonus":"RANDOM_COMMON_RELIC","is_prod":false,"is_daily":false,"chose_seed":false,"campfire_upgraded":1,"win_rate":0,"timestamp":1555387861,"path_taken":["M","?","M","M","?","E","$","?","T","M","$","R","M","M","R","BOSS"],"build_version":"2019-01-23","purchased_purges":2,"victory":false,"max_hp_per_floor":[80,80,80,80,80,80,80,80,80,80,80,80,80,80,80,80],"card_choices":[{"not_picked":["Entrench","Flex","Ghostly Armor"],"picked":"SKIP","floor":1},{"not_picked":["Entrench","Clash","Searing Blow"],"picked":"SKIP","floor":3},{"not_picked":["Reckless Charge","Clothesline","Shrug It Off"],"picked":"SKIP","floor":4},{"not_picked":["Heavy Blade","Battle Trance","Body Slam"],"picked":"SKIP","floor":6},{"not_picked":["Whirlwind","Warcry","Reaper"],"picked":"SKIP","floor":8},{"not_picked":["Twin Strike","Rage","Perfected Strike"],"picked":"SKIP","floor":10},{"not_picked":["Metallicize","Reckless Charge","Clash"],"picked":"SKIP","floor":13},{"not_picked":["Shrug It Off","Warcry"],"picked":"Thunderclap","floor":14}],"player_experience":349108,"relics_obtained":[{"floor":6,"key":"Meat on the Bone"},{"floor":9,"key":"PreservedInsect"}],"event_choices":[{"cards_removed":["Strike_R"],"damage_healed":0,"gold_gain":0,"player_choice":"Forget","damage_taken":0,"max_hp_gain":0,"max_hp_loss":0,"event_name":"Living Wall","floor":2,"gold_loss":0},{"damage_healed":0,"gold_gain":0,"player_choice":"Got Potions","damage_taken":0,"max_hp_gain":0,"max_hp_loss":0,"event_name":"Lab","floor":5,"gold_loss":0}],"is_beta":false,"boss_relics":[],"items_purged_floors":[7,11],"is_endless":false,"potions_floor_spawned":[1,4,8,13,14],"killed_by":"Hexaghost","ascension_level":0}