{"gold_per_floor":[109,109,121,140,415,431,431,3,29,41,69,88,113,124,124,220,220,232,249,263,263],"floor_reached":21,"playtime":1210,"items_purged":["Regret"],"score":245,"play_id":"276d585e-e0c9-4d69-a180-83c668e43043","local_time":"20190502171711","is_ascension_mode":false,"campfire_choices":[{"floor":7,"key":"RECALL"},{"floor":15,"key":"REST"}],"neow_cost":"NONE","seed_source_timestamp":531381278168207,"circlet_count":0,"master_deck":["Strike_B","Strike_B","Strike_B","Strike_B","Defend_B","Defend_B","Defend_B","Defend_B","Zap","Dualcast","Core Surge","Stack","Loop","Lockon","Ball Lightning","White Noise","Rip and Tear","Biased Cognition","Hologram","Stack","Conserve Battery","Auto Shields","Gash","Buffer","Glacier","Melter","Redo"],"relics":["Cracked Core","Membership Card","Bottled Tornado","Lantern","Boot","Dream Catcher","Fusion Hammer"],"potions_floor_usage":[11,11,11,12,19,21],"damage_taken":[{"damage":1,"enemies":"Cultist","floor":1,"turns":3},{"damage":2,"enemies":"Small Slimes","floor":3,"turns":2},{"damage":0,"enemies":"2 Louse","floor":4,"turns":1},{"damage":4,"enemies":"Blue Slaver","floor":6,"turns":3},{"damage":6,"enemies":"Large Slime","floor":10,"turns":3},{"damage":18,"enemies":"3 Sentries","floor":11,"turns":3},{"damage":4,"enemies":"2 Fungi Beasts","floor":12,"turns":2},{"damage":31,"enemies":"Lagavulin","floor":13,"turns":5},{"damage":12,"enemies":"3 Louse","floor":14,"turns":2},{"damage":0,"enemies":"Slime Boss","floor":16,"turns":4},{"damage":3,"enemies":"Chosen","floor":18,"turns":4},{"damage":17,"enemies":"3 Byrds","floor":19,"turns":4},{"damage":8,"enemies":"Snecko","floor":20,"turns":6},{"damage":67,"enemies":"Cultist and Chosen","floor":21,"turns":6}],"seed_played":"5480713711213259078","potions_obtained":[{"floor":1,"key":"Regen Potion"},{"floor":2,"key":"Fire Potion"},{"floor":2,"key":"PowerPotion"},{"floor":11,"key":"Fire Potion"},{"floor":13,"key":"Block Potion"},{"floor":18,"key":"EssenceOfSteel"},{"floor":20,"key":"FocusPotion"}],"is_trial":false,"path_per_floor":["M","?","M","M","?","M","R","$","T","M","E","M","E","M","R","B",null,"M","M","M","M"],"character_chosen":"DEFECT","items_purchased":["Membership Card","Bottled Tornado","White Noise","Rip and Tear"],"campfire_rested":1,"item_purchase_floors":[8,8,8,8],"current_hp_per_floor":[74,74,72,72,72,68,68,68,68,62,53,49,18,6,28,28,75,72,55,47,0],"gold":263,"neow_bonus":"ONE_RANDOM_RARE_CARD","is_prod":false,"is_daily":false,"chose_seed":false,"campfire_upgraded":0,"win_rate":0,"timestamp":1556842631,"path_taken":["M","?","?","M","?","M","R","$","T","M","E","M","E","M","R","BOSS","M","?","M","M"],"build_version":"2019-01-23","purchased_purges":1,"victory":false,"max_hp_per_floor":[75,75,75,75,75,75,75,75,75,75,75,75,75,75,75,75,75,75,75,75,75],"card_choices":[{"not_picked":["Hello World","Recycle"],"picked":"Stack","floor":1},{"not_picked":["Conserve Battery","Streamline"],"picked":"Loop","floor":3},{"not_picked":["Hologram","Steam"],"picked":"Lockon","floor":4},{"not_picked":["Capacitor","Compile Driver"],"picked":"Ball Lightning","floor":6},{"not_picked":["Sweeping Beam","Skim"],"picked":"Biased Cognition","floor":10},{"not_picked":["Barrage","Force Field"],"picked":"Hologram","floor":11},{"not_picked":["Undo","Steam"],"picked":"Stack","floor":12},{"not_picked":["Hyperbeam","Compile Driver"],"picked":"Conserve Battery","floor":13},{"not_picked":["Redo","Undo"],"picked":"Auto Shields","floor":14},{"not_picked":["Stack","Sweeping Beam"],"picked":"Gash","floor":15},{"not_picked":["Reboot","Multi-Cast"],"picked":"Buffer","floor":16},{"not_picked":["Leap","Recycle"],"picked":"Glacier","floor":18},{"not_picked":["Coolheaded","Steam+1"],"picked":"Melter","floor":19},{"not_picked":["Barrage","Cold Snap"],"picked":"Redo","floor":20}],"player_experience":534868,"relics_obtained":[{"floor":9,"key":"Lantern"},{"floor":11,"key":"Boot"},{"floor":13,"key":"Dream Catcher"}],"event_choices":[{"damage_healed":0,"gold_gain":0,"player_choice":"Got Potions","damage_taken":0,"max_hp_gain":0,"max_hp_loss":0,"event_name":"Lab","floor":2,"gold_loss":0},{"damage_healed":0,"gold_gain":275,"player_choice":"Desecrate","damage_taken":0,"max_hp_gain":0,"max_hp_loss":0,"event_name":"Golden Shrine","floor":5,"gold_loss":0,"cards_obtained":["Regret"]}],"is_beta":false,"boss_relics":[{"not_picked":["Runic Dome","White Beast Statue"],"picked":"Fusion Hammer"}],"items_purged_floors":[8],"is_endless":false,"potions_floor_spawned":[1,4,6,11,13,18,20],"killed_by":"Cultist and Chosen","ascension_level":0}