{"gold_per_floor":[112,112,132,97,18,43,117,143,143,116,139,139,154,56,56,158,158,171,188,9,9,25,60,60,60,86,86,103,103,118,118],"floor_reached":31,"playtime":1072,"items_purged":[],"score":415,"play_id":"95aa7116-bd0d-4c40-939a-266733b25a43","local_time":"20190402130127","is_ascension_mode":true,"campfire_choices":[{"data":"Noxious Fumes","floor":12,"key":"SMITH"},{"floor":15,"key":"REST"},{"floor":24,"key":"REST"},{"floor":29,"key":"REST"}],"neow_cost":"NONE","seed_source_timestamp":1742851222162835,"circlet_count":0,"master_deck":["Defend_G+1","Defend_G+1","Defend_G+1","Defend_G+1","Defend_G+1","Strike_G+1","Strike_G+1","Strike_G+1","Strike_G+1","Strike_G+1","Survivor","Neutralize","Predator","Riddle With Holes","Noxious Fumes+1","Dagger Spray","Storm of Steel+1","Prepared+1","Bouncing Flask+1","Blur+1","Outmaneuver+1","Footwork","Corpse Explosion+1","Choke+1","Bane+1","Footwork","Backflip+1","Dash+1","Calculated Gamble+1","Quick Slash+1"],"relics":["Ring of the Snake","NeowsBlessing","Art of War","Oddly Smooth Stone","Toxic Egg 2","Molten Egg 2","Odd Mushroom","Cursed Key","Omamori","Frozen Egg 2","Anchor","MutagenicStrength"],"potions_floor_usage":[8,11,16,16,22,23],"damage_taken":[{"damage":0,"enemies":"Jaw Worm","floor":1,"turns":1},{"damage":0,"enemies":"2 Louse","floor":3,"turns":1},{"damage":0,"enemies":"3 Sentries","floor":6,"turns":2},{"damage":32,"enemies":"Gremlin Nob","floor":8,"turns":4},{"damage":6,"enemies":"The Mushroom Lair","floor":11,"turns":3},{"damage":4,"enemies":"Small Slimes","floor":13,"turns":3},{"damage":6,"enemies":"Slime Boss","floor":16,"turns":7},{"damage":9,"enemies":"3 Byrds","floor":18,"turns":4},{"damage":1,"enemies":"Chosen","floor":19,"turns":4},{"damage":17,"enemies":"Snake Plant","floor":22,"turns":5},{"damage":14,"enemies":"Slavers","floor":23,"turns":2},{"damage":0,"enemies":"Snecko","floor":28,"turns":2},{"damage":5,"enemies":"Shelled Parasite and Fungi","floor":30,"turns":5},{"damage":59,"enemies":"Book of Stabbing","floor":31,"turns":5}],"seed_played":"-4751902386910115266","potions_obtained":[{"floor":1,"key":"GamblersBrew"},{"floor":6,"key":"GamblersBrew"},{"floor":8,"key":"Block Potion"},{"floor":11,"key":"Strength Potion"},{"floor":19,"key":"Energy Potion"},{"floor":22,"key":"LiquidBronze"}],"is_trial":false,"path_per_floor":["M","?","M","?","$","E","?","E","T","$","?","R","M","$","R","B",null,"M","M","$","?","M","E","R","?","T","?","M","R","M","E"],"character_chosen":"THE_SILENT","items_purchased":["Noxious Fumes","Prepared+1","Outmaneuver+1","Footwork","Omamori","Footwork"],"campfire_rested":3,"item_purchase_floors":[5,10,14,14,20,20],"current_hp_per_floor":[63,56,56,70,70,70,70,38,38,38,32,32,28,28,49,43,63,54,53,53,53,36,22,43,43,43,43,43,64,59,0],"gold":118,"neow_bonus":"THREE_ENEMY_KILL","is_prod":false,"is_daily":false,"chose_seed":false,"campfire_upgraded":1,"win_rate":0,"timestamp":1554235287,"path_taken":["M","?","M","?","$","E","?","E","T","?","?","R","?","?","R","BOSS","M","M","$","?","M","E","R","?","T","?","M","R","M","E"],"build_version":"2019-01-23","purchased_purges":0,"victory":false,"max_hp_per_floor":[70,70,70,70,70,70,70,70,70,70,70,70,70,70,70,70,70,70,70,70,70,70,70,70,70,70,70,70,70,70,70],"card_choices":[{"not_picked":["Poisoned Stab","Sucker Punch"],"picked":"Predator","floor":1},{"not_picked":["Terror","Dagger Throw"],"picked":"Riddle With Holes","floor":3},{"not_picked":["Dodge and Roll","Footwork"],"picked":"Dagger Spray","floor":6},{"not_picked":["Flying Knee","Sucker Punch"],"picked":"Storm of Steel","floor":8},{"not_picked":["Blade Dance+1","Dagger Spray+1"],"picked":"Bouncing Flask+1","floor":11},{"not_picked":["Outmaneuver+1","Skewer+1"],"picked":"Blur+1","floor":13},{"not_picked":["Night Terror+1","Adrenaline+1"],"picked":"Corpse Explosion+1","floor":16},{"not_picked":["Eviscerate+1","Bane+1"],"picked":"Choke+1","floor":18},{"not_picked":["Quick Slash+1","Sucker Punch+1"],"picked":"Bane+1","floor":19},{"not_picked":["Noxious Fumes+1","Footwork+1"],"picked":"Backflip+1","floor":22},{"not_picked":["Terror+1","Acrobatics+1"],"picked":"Dash+1","floor":23},{"not_picked":["Heel Hook+1","Infinite Blades+1"],"picked":"Calculated Gamble+1","floor":28},{"not_picked":["Dodge and Roll+1","Calculated Gamble+1"],"picked":"Quick Slash+1","floor":30}],"player_experience":468428,"relics_obtained":[{"floor":6,"key":"Oddly Smooth Stone"},{"floor":8,"key":"Toxic Egg 2"},{"floor":9,"key":"Molten Egg 2"},{"floor":11,"key":"Odd Mushroom"},{"floor":23,"key":"Anchor"}],"event_choices":[{"damage_healed":0,"gold_gain":0,"player_choice":"Success","damage_taken":7,"relics_obtained":["Art of War"],"max_hp_gain":0,"max_hp_loss":0,"event_name":"Scrap Ooze","floor":2,"gold_loss":0},{"damage_healed":17,"gold_gain":0,"player_choice":"Healed","damage_taken":0,"max_hp_gain":0,"max_hp_loss":0,"event_name":"The Cleric","floor":4,"gold_loss":35},{"damage_healed":0,"gold_gain":74,"player_choice":"Gained Gold","damage_taken":0,"max_hp_gain":0,"max_hp_loss":0,"event_name":"Golden Wing","floor":7,"gold_loss":0},{"damage_healed":0,"gold_gain":0,"player_choice":"Fought Mushrooms","damage_taken":0,"max_hp_gain":0,"max_hp_loss":0,"event_name":"Mushrooms","floor":11,"gold_loss":0},{"damage_healed":0,"gold_gain":0,"player_choice":"Opened","damage_taken":0,"relics_obtained":["Frozen Egg 2"],"max_hp_gain":0,"max_hp_loss":0,"event_name":"The Mausoleum","floor":21,"gold_loss":0,"cards_obtained":["Writhe"]},{"damage_healed":0,"gold_gain":0,"player_choice":"Simplicity","damage_taken":0,"max_hp_gain":0,"max_hp_loss":0,"event_name":"Back to Basics","floor":25,"gold_loss":0,"cards_upgraded":["Defend_G","Defend_G","Defend_G","Defend_G","Defend_G","Strike_G","Strike_G","Strike_G","Strike_G","Strike_G"]},{"damage_healed":0,"gold_gain":0,"player_choice":"Inject Mutagens","damage_taken":0,"relics_obtained":["MutagenicStrength"],"max_hp_gain":0,"max_hp_loss":0,"event_name":"Drug Dealer","floor":27,"gold_loss":0}],"is_beta":false,"boss_relics":[{"not_picked":["HoveringKite","Snecko Eye"],"picked":"Cursed Key"}],"items_purged_floors":[],"is_endless":false,"potions_floor_spawned":[1,6,8,11,19,22],"killed_by":"Book of Stabbing","ascension_level":9}