{"gold_per_floor":[11,11,11,27,27,27,45,72,72,72,83,83,83],"floor_reached":13,"playtime":471,"items_purged":[],"score":87,"play_id":"854dcd0e-5bd4-49d7-b2e3-a08c7fc11f6c","local_time":"20190318212234","is_ascension_mode":true,"campfire_choices":[{"floor":6,"key":"RECALL"}],"neow_cost":"NO_GOLD","seed_source_timestamp":515686396316881,"circlet_count":0,"master_deck":["Strike_B","Strike_B","Strike_B","Strike_B","Defend_B","Defend_B","Defend_B","Defend_B","Zap+1","Dualcast","Redo","Gash","Beam Cell","Barrage","Melter","Zap","Darkness"],"relics":["Cracked Core","Ice Cream","CultistMask","Du-Vu Doll","Cables"],"potions_floor_usage":[8],"damage_taken":[{"damage":6,"enemies":"Jaw Worm","floor":1,"turns":3},{"damage":1,"enemies":"Cultist","floor":4,"turns":3},{"damage":7,"enemies":"Small Slimes","floor":7,"turns":3},{"damage":31,"enemies":"Lagavulin","floor":8,"turns":6},{"damage":5,"enemies":"Looter","floor":11,"turns":2},{"damage":25,"enemies":"3 Sentries","floor":13,"turns":4}],"seed_played":"6696121819399712499","potions_obtained":[{"floor":7,"key":"GamblersBrew"},{"floor":8,"key":"GamblersBrew"},{"floor":11,"key":"Fire Potion"}],"is_trial":false,"path_per_floor":["M","?","$","M","$","R","M","E","T","?","M","?","E"],"character_chosen":"DEFECT","items_purchased":[],"campfire_rested":0,"item_purchase_floors":[],"current_hp_per_floor":[69,69,69,68,68,68,61,30,30,30,25,25,0],"gold":83,"neow_bonus":"ONE_RARE_RELIC","is_prod":false,"is_daily":false,"chose_seed":false,"campfire_upgraded":0,"win_rate":0,"timestamp":1552962154,"path_taken":["M","?","?","M","$","R","M","E","T","?","M","?","E"],"build_version":"2019-01-23","purchased_purges":0,"victory":false,"max_hp_per_floor":[75,75,75,75,75,75,75,75,75,75,75,75,75],"card_choices":[{"not_picked":["Undo","Chaos"],"picked":"Redo","floor":1},{"not_picked":["Barrage","Darkness"],"picked":"Gash","floor":4},{"not_picked":["Consume","Compile Driver"],"picked":"Beam Cell","floor":7},{"not_picked":["Reprogram","Beam Cell"],"picked":"Barrage","floor":8},{"not_picked":["Steam","Cold Snap"],"picked":"Melter","floor":11}],"player_experience":127971,"relics_obtained":[{"floor":8,"key":"Du-Vu Doll"},{"floor":9,"key":"Cables"}],"event_choices":[{"damage_healed":0,"gold_gain":0,"player_choice":"Trade","damage_taken":0,"relics_obtained":["CultistMask"],"max_hp_gain":0,"max_hp_loss":0,"event_name":"FaceTrader","floor":2,"gold_loss":0},{"damage_healed":0,"gold_gain":0,"player_choice":"Grow","damage_taken":0,"max_hp_gain":0,"max_hp_loss":0,"event_name":"Living Wall","floor":10,"gold_loss":0,"cards_upgraded":["Zap"]},{"damage_healed":0,"gold_gain":0,"player_choice":"2 cards matched","damage_taken":0,"max_hp_gain":0,"max_hp_loss":0,"event_name":"Match and Keep!","floor":12,"gold_loss":0,"cards_obtained":["Zap","Darkness"]}],"is_beta":false,"boss_relics":[],"items_purged_floors":[],"is_endless":false,"potions_floor_spawned":[7,8,11],"killed_by":"3 Sentries","ascension_level":1}