{"gold_per_floor":[109,109,109,109,109,144,144,155,178,205,205,218,218,235,235,334,384,396,122,139,139,139,169,187,204,204,204,204,204,223,237,237,237],"floor_reached":33,"playtime":953,"items_purged":[],"score":325,"play_id":"e09cec25-4fd3-4ac3-b815-ec9a621a458f","local_time":"20190308161249","is_ascension_mode":false,"campfire_choices":[{"data":"Heavy Blade","floor":7,"key":"SMITH"},{"data":"Heavy Blade","floor":13,"key":"SMITH"},{"data":"Bash","floor":15,"key":"SMITH"},{"floor":29,"key":"REST"},{"floor":32,"key":"REST"}],"neow_cost":"NONE","seed_source_timestamp":599097228730383,"circlet_count":0,"master_deck":["Strike_R","Strike_R","Strike_R","Strike_R","Defend_R","Defend_R","Defend_R","Defend_R","Bash+1","Heavy Blade+1","Demon Form+1","Headbutt","Sword Boomerang+1","Purity","Heavy Blade+1","Juggernaut+1","Cleave","Flex+1","Sentinel+1","Double Tap+1","Seeing Red+1","Corruption+1","Cleave","Feel No Pain+1","Seeing Red+1","Juggernaut+1"],"relics":["Burning Blood","NeowsBlessing","Frozen Egg 2","Orichalcum","FossilizedHelix","Tiny House","Toxic Egg 2","Dream Catcher","Calipers"],"potions_floor_usage":[10,20,20,28,28],"damage_taken":[{"damage":0,"enemies":"Cultist","floor":1,"turns":1},{"damage":0,"enemies":"Gremlin Nob","floor":6,"turns":1},{"damage":0,"enemies":"2 Louse","floor":8,"turns":1},{"damage":14,"enemies":"3 Sentries","floor":10,"turns":6},{"damage":0,"enemies":"Small Slimes","floor":12,"turns":3},{"damage":0,"enemies":"3 Louse","floor":14,"turns":3},{"damage":31,"enemies":"The Guardian","floor":16,"turns":7},{"damage":14,"enemies":"Spheric Guardian","floor":18,"turns":4},{"damage":14,"enemies":"2 Thieves","floor":20,"turns":3},{"damage":25,"enemies":"Slavers","floor":23,"turns":7},{"damage":32,"enemies":"Cultist and Chosen","floor":24,"turns":8},{"damage":14,"enemies":"3 Cultists","floor":25,"turns":5},{"damage":4,"enemies":"Colosseum Slavers","floor":28,"turns":4},{"damage":0,"enemies":"Chosen and Byrds","floor":30,"turns":6},{"damage":24,"enemies":"Centurion and Healer","floor":31,"turns":9},{"damage":63,"enemies":"Automaton","floor":33,"turns":8}],"seed_played":"8231141440568685043","potions_obtained":[{"floor":6,"key":"PowerPotion"},{"floor":14,"key":"Explosive Potion"},{"floor":16,"key":"Weak Potion"},{"floor":17,"key":"Energy Potion"},{"floor":18,"key":"Ancient Potion"},{"floor":24,"key":"Dexterity Potion"}],"is_trial":false,"path_per_floor":["M","?","$","?","$","E","R","M","T","E","?","M","R","M","R","B",null,"M","$","M","?","?","E","M","M","T","?","?","R","M","M","R","B"],"character_chosen":"IRONCLAD","items_purchased":["Toxic Egg 2","Flex+1"],"campfire_rested":2,"item_purchase_floors":[19,19],"current_hp_per_floor":[80,80,80,80,80,80,80,80,80,72,72,78,78,80,80,55,85,77,77,69,69,69,50,24,16,16,16,18,43,49,31,56,0],"gold":237,"neow_bonus":"THREE_ENEMY_KILL","is_prod":false,"is_daily":false,"chose_seed":false,"campfire_upgraded":3,"win_rate":0,"timestamp":1552079569,"path_taken":["M","?","$","?","$","E","R","M","T","E","?","M","R","M","R","BOSS","M","$","M","?","?","E","?","M","T","?","?","R","M","M","R","BOSS"],"build_version":"2019-01-23","purchased_purges":0,"victory":false,"max_hp_per_floor":[80,80,80,80,80,80,80,80,80,80,80,80,80,80,80,80,85,85,85,85,85,85,85,85,85,85,85,85,85,85,85,85,85],"card_choices":[{"not_picked":["True Grit","Intimidate"],"picked":"Heavy Blade","floor":1},{"not_picked":["Havoc","Clash"],"picked":"Demon Form","floor":6},{"not_picked":["Pommel Strike","Body Slam"],"picked":"Headbutt","floor":8},{"not_picked":["Sentinel","Rupture+1"],"picked":"Sword Boomerang","floor":10},{"not_picked":["Rage","Flame Barrier"],"picked":"Heavy Blade","floor":12},{"not_picked":["Blood for Blood","Wild Strike","Entrench"],"picked":"SKIP","floor":14},{"not_picked":["Fiend Fire","Demon Form+1"],"picked":"Juggernaut+1","floor":16},{"not_picked":["Clash","Wild Strike"],"picked":"Cleave","floor":17},{"not_picked":["Uppercut","Headbutt","Entrench"],"picked":"SKIP","floor":18},{"not_picked":["Thunderclap+1","Combust+1"],"picked":"Sentinel+1","floor":20},{"not_picked":["Body Slam","Sword Boomerang"],"picked":"Seeing Red+1","floor":23},{"not_picked":["Evolve+1","Headbutt"],"picked":"Corruption+1","floor":24},{"not_picked":["Disarm+1","True Grit+1"],"picked":"Cleave","floor":25},{"not_picked":["Bloodletting+1","Juggernaut+1"],"picked":"Feel No Pain+1","floor":30},{"not_picked":["True Grit+1","Thunderclap"],"picked":"Seeing Red+1","floor":31},{"not_picked":["Body Slam","True Grit+1"],"picked":"Juggernaut+1","floor":32}],"player_experience":855337,"relics_obtained":[{"floor":6,"key":"Frozen Egg 2"},{"floor":9,"key":"Orichalcum"},{"floor":10,"key":"FossilizedHelix"},{"floor":23,"key":"Dream Catcher"},{"floor":26,"key":"Calipers"}],"event_choices":[{"damage_healed":0,"gold_gain":0,"player_choice":"Fled","damage_taken":0,"max_hp_gain":0,"max_hp_loss":0,"event_name":"Scrap Ooze","floor":2,"gold_loss":0},{"damage_healed":0,"gold_gain":0,"player_choice":"Leave","damage_taken":0,"max_hp_gain":0,"max_hp_loss":0,"event_name":"The Cleric","floor":4,"gold_loss":0},{"damage_healed":0,"gold_gain":0,"player_choice":"1 cards matched","damage_taken":0,"max_hp_gain":0,"max_hp_loss":0,"event_name":"Match and Keep!","floor":11,"gold_loss":0,"cards_obtained":["Purity"]},{"damage_healed":0,"gold_gain":0,"player_choice":"Read","damage_taken":0,"max_hp_gain":0,"max_hp_loss":0,"event_name":"The Library","floor":21,"gold_loss":0,"cards_obtained":["Double Tap"]},{"cards_removed":["Strike_R"],"damage_healed":0,"gold_gain":0,"player_choice":"Offered Basic","damage_taken":0,"max_hp_gain":0,"max_hp_loss":0,"event_name":"Bonfire Elementals","floor":22,"gold_loss":0},{"damage_healed":0,"gold_gain":0,"player_choice":"Ignored","damage_taken":0,"max_hp_gain":0,"max_hp_loss":0,"event_name":"Beggar","floor":27,"gold_loss":0},{"damage_healed":0,"gold_gain":0,"player_choice":"Fight","damage_taken":0,"max_hp_gain":0,"max_hp_loss":0,"event_name":"Colosseum","floor":28,"gold_loss":0},{"damage_healed":0,"gold_gain":0,"player_choice":"Fled From Nobs","damage_taken":0,"max_hp_gain":0,"max_hp_loss":0,"event_name":"Colosseum","floor":28,"gold_loss":0}],"is_beta":false,"boss_relics":[{"not_picked":["Busted Crown","Velvet Choker"],"picked":"Tiny House"}],"items_purged_floors":[],"is_endless":false,"potions_floor_spawned":[6,14,16,18,24,28],"killed_by":"Automaton","ascension_level":0}