{"gold_per_floor":[113,113,113,133,133,143,143,72,128,162,162,181,108,108],"floor_reached":14,"playtime":651,"items_purged":[],"score":88,"play_id":"e558f7ef-c814-48b9-920d-00827bfdec55","local_time":"20190417203727","is_ascension_mode":false,"campfire_choices":[{"floor":7,"key":"RECALL"},{"floor":11,"key":"REST"}],"neow_cost":"NONE","seed_source_timestamp":0,"circlet_count":0,"master_deck":["Strike_B","Strike_B","Strike_B","Strike_B","Defend_B","Defend_B","Defend_B","Defend_B","Zap","Dualcast+1","Lockon","Beam Cell","Pain","Reprogram","Defragment","Streamline","Redo","Biased Cognition"],"special_seed":0,"relics":["Cracked Core","WarpedTongs","Tiny Chest","Centennial Puzzle"],"potions_floor_usage":[],"damage_taken":[{"damage":1,"enemies":"Jaw Worm","floor":1,"turns":4},{"damage":0,"enemies":"Small Slimes","floor":4,"turns":2},{"damage":0,"enemies":"2 Louse","floor":6,"turns":1},{"damage":59,"enemies":"3 Sentries","floor":10,"turns":9},{"damage":28,"enemies":"Gremlin Gang","floor":12,"turns":4},{"damage":11,"enemies":"Exordium Thugs","floor":14,"turns":1}],"seed_played":"-1898387878529511973","potions_obtained":[{"floor":6,"key":"Strength Potion"},{"floor":12,"key":"Regen Potion"}],"is_trial":false,"path_per_floor":["M","?","?","M","?","M","R","$","T","E","R","M","$","M"],"character_chosen":"DEFECT","items_purchased":["Defragment","Biased Cognition"],"campfire_rested":1,"item_purchase_floors":[8,13],"current_hp_per_floor":[74,74,74,74,74,74,74,74,74,15,37,9,9,0],"gold":108,"neow_bonus":"THREE_CARDS","is_prod":false,"is_daily":false,"chose_seed":false,"campfire_upgraded":0,"win_rate":0,"timestamp":1555558647,"path_taken":["M","?","?","M","?","?","R","$","T","E","R","M","$","M"],"build_version":"2019-01-23","purchased_purges":0,"victory":false,"max_hp_per_floor":[75,75,75,75,75,75,75,75,75,75,75,75,75,75],"card_choices":[{"not_picked":["Go for the Eyes","Sweeping Beam"],"picked":"Doom and Gloom","floor":0.0},{"not_picked":["Redo","Steam"],"picked":"Lockon","floor":1},{"not_picked":["Steam","Turbo"],"picked":"Beam Cell","floor":4},{"not_picked":["Steam","Hologram"],"picked":"Reprogram","floor":6},{"not_picked":["Cold Snap","Coolheaded"],"picked":"Streamline","floor":10},{"not_picked":["Rebound","Sweeping Beam"],"picked":"Redo","floor":12}],"player_experience":503662,"relics_obtained":[{"floor":9,"key":"Tiny Chest"},{"floor":10,"key":"Centennial Puzzle"}],"event_choices":[{"damage_healed":0,"gold_gain":0,"player_choice":"Ignored","damage_taken":0,"max_hp_gain":0,"max_hp_loss":0,"event_name":"Golden Wing","floor":2,"gold_loss":0},{"damage_healed":0,"gold_gain":0,"player_choice":"Grow","damage_taken":0,"max_hp_gain":0,"max_hp_loss":0,"event_name":"Living Wall","floor":3,"gold_loss":0,"cards_upgraded":["Dualcast"]},{"damage_healed":0,"gold_gain":0,"player_choice":"Rummage","damage_taken":0,"relics_obtained":["WarpedTongs"],"max_hp_gain":0,"max_hp_loss":0,"event_name":"Accursed Blacksmith","floor":5,"gold_loss":0,"cards_obtained":["Pain"]}],"is_beta":false,"boss_relics":[],"items_purged_floors":[],"is_endless":false,"potions_floor_spawned":[6,12],"killed_by":"Exordium Thugs","ascension_level":0}