{"gold_per_floor":[119,44,194,194,93,127,127,141,167,167,186,186,26,55,55,132,132,152,171,171,171,190,190],"floor_reached":23,"playtime":617,"items_purged":[],"score":444,"play_id":"2f5d1090-4fc6-467a-bb4b-ea1230e27e99","local_time":"20190207102648","is_ascension_mode":true,"campfire_choices":[{"data":"Flex","floor":7.0,"key":"SMITH"},{"data":"Heavy Blade","floor":10.0,"key":"SMITH"},{"data":"Shockwave","floor":12.0,"key":"SMITH"},{"data":"Corruption","floor":15.0,"key":"SMITH"}],"neow_cost":"NONE","seed_source_timestamp":0,"circlet_count":0,"master_deck":["AscendersBane","Strike_R+1","Strike_R+1","Strike_R+1","Strike_R+1","Defend_R+1","Defend_R+1","Defend_R+1","Defend_R+1","Bash","Shockwave+1","Flash of Steel","Flex+1","Heavy Blade+1","Blood for Blood","Reaper","Corruption+1","Demon Form","Havoc+1","Shrug It Off+1","Warcry+1","Flex+1","Twin Strike","Armaments+1","Flex+1","Infernal Blade+1"],"special_seed":0,"relics":["Burning Blood","NeowsBlessing","Boot","War Paint","Toxic Egg 2","Orrery","Nilry\u0027s Codex"],"potions_floor_usage":[22,23],"damage_taken":[{"damage":0.0,"enemies":"Jaw Worm","floor":1.0,"turns":1.0},{"damage":0.0,"enemies":"3 Sentries","floor":6.0,"turns":2.0},{"damage":0.0,"enemies":"2 Louse","floor":8.0,"turns":1.0},{"damage":0.0,"enemies":"Cultist","floor":11.0,"turns":3.0},{"damage":24.0,"enemies":"Gremlin Nob","floor":14.0,"turns":4.0},{"damage":37.0,"enemies":"Hexaghost","floor":16.0,"turns":8.0},{"damage":26.0,"enemies":"2 Thieves","floor":18.0,"turns":4.0},{"damage":11,"enemies":"3 Byrds","floor":19,"turns":5},{"damage":33,"enemies":"Snecko","floor":22,"turns":5},{"damage":21,"enemies":"Slavers","floor":23,"turns":1}],"seed_played":"-6720681828593798426","potions_obtained":[{"floor":6.0,"key":"Explosive Potion"},{"floor":14.0,"key":"EssenceOfSteel"},{"floor":18.0,"key":"SteroidPotion"},{"floor":19,"key":"Block Potion"}],"is_trial":false,"path_per_floor":["M","?","?","?","$","E","R","M","T","R","M","R","$","E","R","B",null,"M","M","?","?","M","E"],"character_chosen":"IRONCLAD","items_purchased":["Flash of Steel","Reaper"],"campfire_rested":0,"item_purchase_floors":[5,13],"current_hp_per_floor":[74,74,74,74,74,75,75,75,75,75,75,75,75,69,69,38,66,52,59,38,38,20,0],"gold":190,"neow_bonus":"THREE_ENEMY_KILL","is_prod":false,"is_daily":false,"chose_seed":false,"campfire_upgraded":4,"win_rate":0,"timestamp":1549553208,"path_taken":["M","?","?","?","?","E","R","M","T","R","M","R","$","E","R","BOSS","M","M","?","?","M","E"],"build_version":"2019-01-23","purchased_purges":0,"victory":false,"max_hp_per_floor":[75,75,75,75,75,75,75,75,75,75,75,75,75,75,75,75,75,75,75,75,75,75,75],"card_choices":[{"not_picked":["Armaments","Metallicize"],"picked":"Shockwave","floor":1.0},{"not_picked":["Wild Strike","Fire Breathing"],"picked":"Flex","floor":6.0},{"not_picked":["True Grit","Combust"],"picked":"Heavy Blade","floor":8.0},{"not_picked":["Clash","Clothesline"],"picked":"Blood for Blood","floor":11.0},{"not_picked":["Shrug It Off","Sword Boomerang"],"picked":"Corruption","floor":14.0},{"not_picked":["Juggernaut","Bludgeon"],"picked":"Demon Form","floor":16.0},{"not_picked":["Perfected Strike","Clash"],"picked":"Havoc+1","floor":17.0},{"not_picked":["Iron Wave","Uppercut"],"picked":"Shrug It Off+1","floor":17.0},{"not_picked":["True Grit+1","Body Slam"],"picked":"Warcry+1","floor":17.0},{"not_picked":["Iron Wave","Thunderclap"],"picked":"Flex+1","floor":17.0},{"not_picked":["Warcry+1","Hemokinesis"],"picked":"Twin Strike","floor":17.0},{"not_picked":["Second Wind+1","Anger+1"],"picked":"Armaments+1","floor":18.0},{"not_picked":["Feed","Rampage"],"picked":"Flex+1","floor":19},{"not_picked":["Armaments+1","Bloodletting+1"],"picked":"Infernal Blade+1","floor":22}],"player_experience":829809,"relics_obtained":[{"floor":6.0,"key":"Boot"},{"floor":9.0,"key":"War Paint"},{"floor":14.0,"key":"Toxic Egg 2"},{"floor":20,"key":"Nilry\u0027s Codex"}],"event_choices":[{"cards_removed":["Strike_R"],"damage_healed":0.0,"max_hp_gain":0.0,"max_hp_loss":0.0,"gold_gain":0.0,"event_name":"The Cleric","player_choice":"Card Removal","floor":2.0,"gold_loss":75.0,"damage_taken":0.0},{"damage_healed":0.0,"max_hp_gain":0.0,"max_hp_loss":0.0,"gold_gain":150.0,"event_name":"Liars Game","player_choice":"AGREE","floor":3.0,"gold_loss":0.0,"damage_taken":0.0,"cards_obtained":["Doubt"]},{"cards_removed":["Doubt"],"damage_healed":0.0,"max_hp_gain":0.0,"max_hp_loss":0.0,"gold_gain":0.0,"event_name":"Living Wall","player_choice":"Forget","floor":4.0,"gold_loss":0.0,"damage_taken":0.0},{"damage_healed":0,"gold_gain":0,"player_choice":"Obtained Book","damage_taken":21,"max_hp_gain":0,"max_hp_loss":0,"event_name":"Cursed Tome","floor":20,"gold_loss":0},{"damage_healed":0,"gold_gain":0,"player_choice":"Simplicity","damage_taken":0,"max_hp_gain":0,"max_hp_loss":0,"event_name":"Back to Basics","floor":21,"gold_loss":0,"cards_upgraded":["Strike_R","Strike_R","Strike_R","Strike_R","Defend_R","Defend_R"]}],"is_beta":false,"boss_relics":[{"not_picked":["Fusion Hammer","Coffee Dripper"],"picked":"Orrery"}],"items_purged_floors":[],"is_endless":false,"potions_floor_spawned":[6,14,18,19],"killed_by":"Slavers","ascension_level":20}