{"gold_per_floor":[118,118,130,142,167,211,223,235,271,283,305,317,347,375,387,497,509,541,553,87,105,116,116,116,127,127,138,149,174,174],"floor_reached":30,"playtime":1305,"items_purged":["Regret"],"score":305,"play_id":"c7940623-1a16-420b-8dce-215d97d1aeec","local_time":"20190323220110","is_ascension_mode":true,"campfire_choices":[{"data":"Zap","floor":8,"key":"SMITH"},{"data":"Dualcast","floor":10,"key":"SMITH"},{"data":"Self Repair","floor":12,"key":"SMITH"},{"data":"Auto Shields","floor":15,"key":"SMITH"},{"data":"Storm","floor":23,"key":"SMITH"}],"neow_cost":"NONE","seed_source_timestamp":911009289397777,"circlet_count":0,"master_deck":["Strike_B","Strike_B+1","Strike_B","Defend_B","Defend_B","Defend_B","Defend_B","Zap+1","Dualcast+1","Self Repair+1","Auto Shields+1","Reinforced Body","Dramatic Entrance+1","Thunder Strike","Stack","Redo","Electrodynamics","Echo Form","Compile Driver+1","FTL","Storm+1","Gash","Genetic Algorithm+1","White Noise+1","Consume+1","Storm"],"relics":["Cracked Core","NeowsBlessing","MawBank","Bronze Scales","Sozu","Potion Belt","FossilizedHelix","Whetstone","War Paint"],"potions_floor_usage":[16,16],"damage_taken":[{"damage":0,"enemies":"Cultist","floor":1,"turns":1},{"damage":0,"enemies":"Jaw Worm","floor":5,"turns":1},{"damage":0,"enemies":"Gremlin Nob","floor":6,"turns":1},{"damage":0,"enemies":"2 Louse","floor":11,"turns":2},{"damage":14,"enemies":"Exordium Thugs","floor":13,"turns":4},{"damage":7,"enemies":"Blue Slaver","floor":14,"turns":3},{"damage":32,"enemies":"Hexaghost","floor":16,"turns":8},{"damage":40,"enemies":"Shell Parasite","floor":18,"turns":7},{"damage":0,"enemies":"3 Byrds","floor":21,"turns":2},{"damage":0,"enemies":"3 Cultists","floor":22,"turns":2},{"damage":18,"enemies":"Cultist and Chosen","floor":25,"turns":5},{"damage":9,"enemies":"Chosen and Byrds","floor":27,"turns":4},{"damage":0,"enemies":"Snecko","floor":28,"turns":4},{"damage":55,"enemies":"Slavers","floor":29,"turns":4},{"damage":6,"enemies":"Cultist and Chosen","floor":30,"turns":1}],"seed_played":"2653110790017661293","potions_obtained":[{"floor":4,"key":"FearPotion"},{"floor":4,"key":"GamblersBrew"},{"floor":4,"key":"SpeedPotion"}],"is_trial":false,"path_per_floor":["M","?","$","?","M","E","?","R","T","R","M","R","M","M","R","B",null,"M","?","$","M","M","R","?","M","T","M","M","E","M"],"character_chosen":"DEFECT","items_purchased":["FossilizedHelix","FTL","Storm"],"campfire_rested":0,"item_purchase_floors":[20,20,20],"current_hp_per_floor":[75,75,75,75,75,75,75,75,75,75,75,75,71,64,64,42,75,55,55,55,65,65,65,65,57,57,48,58,3,0],"gold":174,"neow_bonus":"THREE_ENEMY_KILL","is_prod":false,"is_daily":false,"chose_seed":false,"campfire_upgraded":5,"win_rate":0,"timestamp":1553403670,"path_taken":["M","?","$","?","?","E","?","R","T","R","M","R","M","M","R","BOSS","M","?","?","?","M","R","?","M","T","M","?","E","M"],"build_version":"2019-01-23","purchased_purges":1,"victory":false,"max_hp_per_floor":[75,75,75,75,75,75,75,75,75,75,75,75,75,75,75,75,75,75,75,75,75,75,75,75,75,75,75,75,75,75],"card_choices":[{"not_picked":["Rebound","Sweeping Beam"],"picked":"Self Repair","floor":1},{"not_picked":["Leap","Rebound"],"picked":"Auto Shields","floor":5},{"not_picked":["Leap","Compile Driver"],"picked":"Reinforced Body","floor":6},{"not_picked":["Go for the Eyes","Darkness"],"picked":"Stack","floor":11},{"not_picked":["Hologram","Beam Cell"],"picked":"Redo","floor":13},{"not_picked":["Cold Snap","Gash"],"picked":"Electrodynamics","floor":14},{"not_picked":["Core Surge","Thunder Strike"],"picked":"Echo Form","floor":16},{"not_picked":["Go for the Eyes","Steam"],"picked":"Compile Driver+1","floor":18},{"not_picked":["Steam","Conserve Battery"],"picked":"Gash","floor":21},{"not_picked":["Barrage","Steam"],"picked":"Genetic Algorithm","floor":22},{"not_picked":["Gash+1","Turbo"],"picked":"White Noise","floor":25},{"not_picked":["Go for the Eyes","Reprogram","Compile Driver"],"picked":"SKIP","floor":27},{"not_picked":["Beam Cell+1","BootSequence"],"picked":"Consume+1","floor":28},{"not_picked":["Compile Driver","Ball Lightning+1"],"picked":"Storm","floor":29}],"player_experience":402719,"relics_obtained":[{"floor":6,"key":"Bronze Scales"},{"floor":26,"key":"Whetstone"},{"floor":29,"key":"War Paint"}],"event_choices":[{"damage_healed":0,"gold_gain":0,"player_choice":"Box","damage_taken":0,"relics_obtained":["MawBank"],"max_hp_gain":0,"max_hp_loss":0,"event_name":"Big Fish","floor":2,"gold_loss":0,"cards_obtained":["Regret"]},{"damage_healed":0,"gold_gain":0,"player_choice":"Got Potions","damage_taken":0,"max_hp_gain":0,"max_hp_loss":0,"event_name":"Lab","floor":4,"gold_loss":0},{"damage_healed":0,"gold_gain":0,"player_choice":"2 cards matched","damage_taken":0,"max_hp_gain":0,"max_hp_loss":0,"event_name":"Match and Keep!","floor":7,"gold_loss":0,"cards_obtained":["Dramatic Entrance","Thunder Strike"]},{"damage_healed":0,"gold_gain":0,"player_choice":"2 cards matched","damage_taken":0,"max_hp_gain":0,"max_hp_loss":0,"event_name":"Match and Keep!","floor":7,"gold_loss":0,"cards_obtained":["Dramatic Entrance","Thunder Strike"]},{"damage_healed":0,"gold_gain":0,"player_choice":"Gave Potion","damage_taken":0,"relics_obtained":["Potion Belt"],"max_hp_gain":0,"max_hp_loss":0,"event_name":"WeMeetAgain","floor":19,"gold_loss":0},{"cards_removed":["Strike_B"],"damage_healed":0,"gold_gain":0,"player_choice":"Offered Basic","damage_taken":0,"max_hp_gain":0,"max_hp_loss":0,"event_name":"Bonfire Elementals","floor":24,"gold_loss":0}],"is_beta":false,"boss_relics":[{"not_picked":["Astrolabe","Runic Dome"],"picked":"Sozu"}],"items_purged_floors":[20],"is_endless":false,"potions_floor_spawned":[13,14,18,22,27],"killed_by":"Cultist and Chosen","ascension_level":2}