{"path_per_floor":["M","$","?","?","M","R","E","M","T","M","?","R","?","E","R","B",null,"M","?","M","M","$","R","M","R","T","M","T","M","M","M","R","B",null,"M","?","$","M","M","R","E","R","T","R","T","R","?","M","R","B"],"character_chosen":"DEFECT","items_purchased":["Sunder","Bag of Marbles","Vajra"],"gold_per_floor":[119,50,50,50,61,61,87,107,134,154,154,154,154,189,189,286,286,304,332,342,362,130,130,144,144,144,157,206,222,232,243,243,339,339,355,355,110,120,134,134,168,168,168,168,238,238,238,257,257,257],"floor_reached":51,"campfire_rested":5,"playtime":2635,"current_hp_per_floor":[74,74,74,74,73,73,62,58,58,58,58,58,58,44,44,34,75,71,64,64,41,41,41,41,63,63,53,53,56,48,55,75,29,75,56,47,47,40,40,75,4,41,41,75,75,75,75,75,75,35],"items_purged":["Regret","Madness"],"gold":257,"score":787,"play_id":"b6d15736-d464-4273-8278-a31d84553d34","local_time":"20180501193712","is_prod":false,"is_daily":false,"chose_seed":false,"is_ascension_mode":false,"campfire_upgraded":6,"timestamp":1525217832,"path_taken":["M","$","?","?","M","R","E","M","T","M","?","R","?","E","R","BOSS","M","?","M","M","$","R","M","R","T","M","?","M","M","M","R","BOSS","M","?","$","M","M","R","E","R","T","R","?","R","?","?","R","BOSS"],"build_version":"2018-05-01","seed_source_timestamp":732763568618516,"purchased_purges":2,"victory":true,"master_deck":["Strike_B","Strike_B","Strike_B","Defend_B+1","Defend_B","Zap+1","Dualcast+1","Sunder+1","Beam Cell+1","FTL","Glacier+1","Chaos+1","Reboot","Tempest+1","Blizzard+1","Consume+1","Skim+1","Steam Power+1","Go for the Eyes+1","Sweeping Beam+1","Self Repair+1","Thunder Strike+1","Madness+1","Chill+1","Streamline+1"],"max_hp_per_floor":[75,75,75,75,75,75,75,75,75,75,75,75,75,75,75,75,75,75,75,75,75,75,75,75,75,75,75,75,75,75,75,75,75,75,75,75,75,75,75,75,75,75,75,75,75,75,75,75,75,75],"relics":["Cracked Core","Dream Catcher","Gremlin Horn","Anchor","Ginger","Astrolabe","Red Mask","Bag of Marbles","Regal Pillow","Ancient Tea Set","Runic Dome","Vajra","War Paint","Toxic Egg 2","Shuriken"],"card_choices":[{"not_picked":["Capacitor","Conserve Battery"],"picked":"Beam Cell","floor":5},{"not_picked":["Reinforced Body","Conserve Battery"],"picked":"FTL","floor":7},{"not_picked":["Axe Kick","Recycle"],"picked":"Glacier","floor":8},{"not_picked":["Skim","Go for the Eyes"],"picked":"Chaos","floor":10},{"not_picked":["Biased Cognition","Seek"],"picked":"Reboot","floor":16},{"not_picked":["Turbo","White Noise"],"picked":"Skim","floor":19},{"not_picked":["Rebound","Sunder"],"picked":"Steam Power","floor":20},{"not_picked":["Streamline","Sunder"],"picked":"Go for the Eyes","floor":21},{"not_picked":["Leap","Tempest"],"picked":"Sweeping Beam","floor":25},{"not_picked":["Go for the Eyes","Ball Lightning"],"picked":"Self Repair","floor":27},{"not_picked":["Multi-Cast","Creative AI"],"picked":"Thunder Strike","floor":33},{"not_picked":["Beam Cell","Scrape"],"picked":"Chill","floor":40},{"not_picked":["Meteor Strike","Barrage"],"picked":"Streamline","floor":41}],"player_experience":31708,"potions_floor_usage":[7,16,16,18,27,33,33,38,41,50],"damage_taken":[{"damage":1,"enemies":"Jaw Worm","floor":1,"turns":3},{"damage":1,"enemies":"Cultist","floor":5,"turns":3},{"damage":11,"enemies":"3 Sentries","floor":7,"turns":6},{"damage":4,"enemies":"Small Slimes","floor":8,"turns":2},{"damage":0,"enemies":"Looter","floor":10,"turns":1},{"damage":14,"enemies":"Gremlin Nob","floor":14,"turns":3},{"damage":10,"enemies":"Hexaghost","floor":16,"turns":8},{"damage":4,"enemies":"2 Thieves","floor":18,"turns":3},{"damage":7,"enemies":"Masked Bandits","floor":19,"turns":3},{"damage":0,"enemies":"Shell Parasite","floor":20,"turns":2},{"damage":23,"enemies":"3 Cultists","floor":21,"turns":4},{"damage":0,"enemies":"Centurion and Healer","floor":24,"turns":5},{"damage":10,"enemies":"Snecko","floor":27,"turns":4},{"damage":7,"enemies":"Cultist and Chosen","floor":29,"turns":4},{"damage":18,"enemies":"Centurion and Healer","floor":30,"turns":7},{"damage":3,"enemies":"Slaver and Parasite","floor":31,"turns":4},{"damage":56,"enemies":"Collector","floor":33,"turns":10},{"damage":19,"enemies":"3 Darklings","floor":35,"turns":4},{"damage":7,"enemies":"Orb Walker","floor":38,"turns":3},{"damage":10,"enemies":"Maw","floor":39,"turns":6},{"damage":71,"enemies":"Nemesis","floor":41,"turns":7},{"damage":0,"enemies":"Sphere and 2 Shapes","floor":48,"turns":1},{"damage":50,"enemies":"Donu and Deca","floor":50,"turns":8}],"event_choices":[{"event_name":"Upgrade Shrine","player_choice":"Upgraded","floor":3,"damage_taken":0},{"event_name":"Big Fish","player_choice":"Box","floor":4,"damage_taken":0},{"event_name":"Golden Idol","player_choice":"Ignored","floor":11,"damage_taken":0},{"event_name":"The Lab","player_choice":"Got Potions","floor":13,"damage_taken":0},{"event_name":"Masked Bandits","player_choice":"Fought over 304 gold","floor":19,"damage_taken":0},{"event_name":"Winding Halls","player_choice":"Embrace Madness","floor":36,"damage_taken":0},{"event_name":"Mysterious Sphere","player_choice":"Ignore","floor":47,"damage_taken":0}],"boss_relics":[{"not_picked":["Runic Pyramid","Orrery"],"picked":"Astrolabe"},{"not_picked":["Black Star","White Beast Statue"],"picked":"Runic Dome"}],"potions_floor_spawned":[1,10,14,19,27,31,35,38,41],"seed_played":"-4010938140754822694","ascension_level":0,"is_trial":false}