{"gold_per_floor":[115,115,40,50,50,50,70,70,149,149,149,168,186,197,197,295,295,307,207,226,226,244,244,275,275],"floor_reached":25,"playtime":808,"items_purged":["Strike_B","Strike_B"],"score":266,"play_id":"9c25131e-0586-4003-9624-9b05f595a551","local_time":"20180709085602","is_ascension_mode":true,"campfire_choices":[{"data":"Defend_B","floor":6,"key":"SMITH"},{"data":"Scrape","floor":8,"key":"SMITH"},{"data":"Zap","floor":10,"key":"SMITH"},{"data":"Streamline","floor":15,"key":"SMITH"},{"floor":23,"key":"REST"}],"neow_cost":"FIFTY_PERCENT_DAMAGE","seed_source_timestamp":79629660749128,"circlet_count":0,"master_deck":["Strike_B","Strike_B","Defend_B","Defend_B","Defend_B+1","Zap+1","Dualcast","Skim+1","Scrape+1","Streamline+1","White Noise","Reboot","Chill","Gash","Coolheaded+1"],"relics":["Cracked Core","Sundial","Ornamental Fan","White Beast Statue","Emotion Chip"],"potions_floor_usage":[16,16,22,22,24,24],"damage_taken":[{"damage":0,"enemies":"2 Louse","floor":1,"turns":3},{"damage":5,"enemies":"Small Slimes","floor":4,"turns":3},{"damage":7,"enemies":"Jaw Worm","floor":7,"turns":3},{"damage":9,"enemies":"Red Slaver","floor":12,"turns":2},{"damage":4,"enemies":"3 Louse","floor":13,"turns":3},{"damage":0,"enemies":"Blue Slaver","floor":14,"turns":2},{"damage":2,"enemies":"Hexaghost","floor":16,"turns":6},{"damage":40,"enemies":"2 Thieves","floor":18,"turns":3},{"damage":11,"enemies":"Shell Parasite","floor":20,"turns":3},{"damage":0,"enemies":"Snecko","floor":22,"turns":2},{"damage":26,"enemies":"Gremlin Leader","floor":24,"turns":6},{"damage":9,"enemies":"Centurion and Healer","floor":25,"turns":1}],"seed_played":"6042201865017465628","potions_obtained":[{"floor":1,"key":"Swift Potion"},{"floor":4,"key":"Block Potion"},{"floor":12,"key":"Block Potion"},{"floor":14,"key":"EssenceOfSteel"},{"floor":18,"key":"Fire Potion"},{"floor":20,"key":"Strength Potion"},{"floor":22,"key":"SkillPotion"},{"floor":24,"key":"SteroidPotion"}],"is_trial":false,"path_per_floor":["M","?","$","M","?","R","M","R","T","R","?","M","M","M","R","B",null,"M","$","M","?","M","R","E"],"character_chosen":"DEFECT","items_purchased":[],"campfire_rested":1,"item_purchase_floors":[],"current_hp_per_floor":[38,63,63,58,58,58,51,51,51,51,44,35,31,31,31,29,64,24,24,13,13,13,35,9,0],"gold":275,"neow_bonus":"ONE_RARE_RELIC","is_prod":false,"is_daily":false,"chose_seed":false,"campfire_upgraded":4,"win_rate":0,"timestamp":1531097762,"path_taken":["M","?","$","M","?","R","M","R","T","R","?","M","?","?","R","BOSS","M","$","?","?","M","R","E","M"],"build_version":"2018-07-05","purchased_purges":2,"victory":false,"max_hp_per_floor":[75,75,75,75,75,75,75,75,75,75,75,75,75,75,75,75,75,75,75,75,75,75,75,75,75],"card_choices":[{"not_picked":["Consume","Loop"],"picked":"Skim","floor":1},{"not_picked":["Double Energy","Rebound","Undo"],"picked":"SKIP","floor":4},{"not_picked":["Capacitor","Hologram"],"picked":"Scrape","floor":7},{"not_picked":["Chill","Coolheaded","Consume"],"picked":"SKIP","floor":12},{"not_picked":["Sweeping Beam","Darkness"],"picked":"Streamline","floor":13},{"not_picked":["Biased Cognition","Force Field"],"picked":"White Noise","floor":14},{"not_picked":["Core Surge","Biased Cognition"],"picked":"Reboot","floor":16},{"not_picked":["BootSequence","Cold Snap+1"],"picked":"Chill","floor":18},{"not_picked":["Consume+1","Redo","Stack"],"picked":"SKIP","floor":20},{"not_picked":["Capacitor","Barrage"],"picked":"Gash","floor":22},{"not_picked":["Cold Snap","Stack"],"picked":"Coolheaded+1","floor":24}],"player_experience":279789,"relics_obtained":[{"floor":9,"key":"Ornamental Fan"},{"floor":24,"key":"Emotion Chip"}],"event_choices":[{"event_name":"Big Fish","player_choice":"Banana","floor":2,"damage_taken":0},{"event_name":"Upgrade Shrine","player_choice":"Upgraded","floor":5,"damage_taken":0},{"event_name":"Golden Wing","player_choice":"Card Removal","floor":11,"damage_taken":0},{"event_name":"Drug Dealer","player_choice":"Ignored","floor":21,"damage_taken":0}],"boss_relics":[{"not_picked":["Lizard Tail","Eternal Feather"],"picked":"White Beast Statue"}],"items_purged_floors":[3,19],"is_endless":false,"potions_floor_spawned":[1,4,12,14,18,20,22,24],"killed_by":"Centurion and Healer","ascension_level":5}