{"gold_per_floor":[110,185,1,1,1,30,30,50,50,64,16,16,72,87,87,187,187,206,225,235],"floor_reached":20,"playtime":524,"items_purged":[],"score":211,"play_id":"6a44f428-d28d-4e3d-9e81-e6246540624a","local_time":"20180828140110","is_ascension_mode":true,"campfire_choices":[{"data":"1","floor":7,"key":"LIFT"},{"floor":15,"key":"REST"}],"neow_cost":"NONE","seed_source_timestamp":628955480226769,"circlet_count":0,"master_deck":["Strike_B","Strike_B","Strike_B","Strike_B","Defend_B","Defend_B","Defend_B","Defend_B","Zap+1","Dualcast","Chill","All For One+1","Steam","Redo","Turbo","Rip and Tear","Gash","Thunder Strike","Ball Lightning+1","Turbo+1","Beam Cell"],"relics":["Philosopher\u0027s Stone","Girya","Pen Nib","Eternal Feather"],"potions_floor_usage":[12,20,20,20],"damage_taken":[{"damage":0,"enemies":"Small Slimes","floor":1,"turns":3},{"damage":24,"enemies":"Lagavulin","floor":6,"turns":5},{"damage":2,"enemies":"Cultist","floor":8,"turns":4},{"damage":2,"enemies":"Jaw Worm","floor":10,"turns":3},{"damage":0,"enemies":"Exordium Thugs","floor":12,"turns":1},{"damage":5,"enemies":"Red Slaver","floor":14,"turns":2},{"damage":11,"enemies":"Slime Boss","floor":16,"turns":6},{"damage":21,"enemies":"Spheric Guardian","floor":18,"turns":4},{"damage":22,"enemies":"Shell Parasite","floor":19,"turns":4},{"damage":45,"enemies":"Snecko","floor":20,"turns":5}],"seed_played":"1924442910028990323","potions_obtained":[{"floor":1,"key":"SmokeBomb"},{"floor":6,"key":"Dexterity Potion"},{"floor":18,"key":"Fire Potion"},{"floor":19,"key":"Regen Potion"}],"is_trial":false,"path_per_floor":["M","?","$","?","?","E","R","M","T","M","$","M","?","M","R","B",null,"M","M"],"character_chosen":"DEFECT","items_purchased":["All For One","Steam","Energy Potion"],"campfire_rested":1,"item_purchase_floors":[3,3,11],"current_hp_per_floor":[75,64,64,64,64,40,40,38,38,36,36,36,36,31,53,42,75,54,32,1],"gold":235,"neow_bonus":"BOSS_RELIC","is_prod":false,"is_daily":false,"chose_seed":false,"campfire_upgraded":0,"win_rate":0,"timestamp":1535479270,"path_taken":["M","?","$","?","?","E","R","M","T","?","$","M","?","M","R","BOSS","M","M","M"],"build_version":"2018-08-23v2","purchased_purges":0,"victory":false,"max_hp_per_floor":[75,75,75,75,75,75,75,75,75,75,75,75,75,75,75,75,75,75,75,75],"card_choices":[{"not_picked":["Steam","Gash"],"picked":"Chill","floor":1},{"not_picked":["Aggregate","Heatsinks"],"picked":"Redo","floor":6},{"not_picked":["Stack","Steam"],"picked":"Turbo","floor":8},{"not_picked":["Auto Shields","Leap"],"picked":"Rip and Tear","floor":10},{"not_picked":["Aggregate","Cold Snap"],"picked":"Gash","floor":14},{"not_picked":["Reboot","Hyperbeam"],"picked":"Thunder Strike","floor":16},{"not_picked":["Consume","Darkness+1"],"picked":"Ball Lightning+1","floor":18},{"not_picked":["Leap","Blizzard"],"picked":"Turbo+1","floor":19},{"not_picked":["Ball Lightning","Undo"],"picked":"Beam Cell","floor":20}],"player_experience":476622,"relics_obtained":[{"floor":6,"key":"Girya"},{"floor":9,"key":"Pen Nib"}],"event_choices":[{"event_name":"World of Goop","player_choice":"Gather Gold","floor":2,"damage_taken":0},{"event_name":"Upgrade Shrine","player_choice":"Upgraded","floor":4,"damage_taken":0},{"event_name":"Accursed Blacksmith","player_choice":"Forge","floor":5,"damage_taken":0},{"event_name":"Golden Wing","player_choice":"Gained Gold","floor":13,"damage_taken":0}],"is_beta":false,"boss_relics":[{"not_picked":["Fusion Hammer","Coffee Dripper"],"picked":"Eternal Feather"}],"items_purged_floors":[],"is_endless":false,"potions_floor_spawned":[1,6,18,19],"killed_by":"Snecko","ascension_level":4}