{"gold_per_floor":[110,110,35,55,74,105,116,116,164,183,183,199,215,215,215,311,311,327,135,152,152],"floor_reached":21,"playtime":1060,"items_purged":["Strike_G","Strike_G"],"score":183,"play_id":"59970458-02e8-416b-84b2-e335e6a09057","local_time":"20190327100748","is_ascension_mode":false,"campfire_choices":[{"floor":8,"key":"RECALL"},{"data":"Prepared","floor":11,"key":"SMITH"},{"data":"Bouncing Flask","floor":15,"key":"SMITH"}],"neow_cost":"TEN_PERCENT_HP_LOSS","seed_source_timestamp":291264554448200,"circlet_count":0,"master_deck":["Defend_G","Defend_G","Defend_G","Defend_G","Survivor","Neutralize","Escape Plan","Choke","Heel Hook","Escape Plan","Prepared+1","Bouncing Flask+1","Wraith Form v2","Acrobatics","Flash of Steel","Reflex"],"relics":["Ring of the Snake","Mummified Hand","HoveringKite"],"potions_floor_usage":[6,6,7,16,21],"damage_taken":[{"damage":0,"enemies":"Jaw Worm","floor":1,"turns":3},{"damage":9,"enemies":"Cultist","floor":4,"turns":4},{"damage":2,"enemies":"Small Slimes","floor":5,"turns":5},{"damage":30,"enemies":"Lagavulin","floor":6,"turns":6},{"damage":0,"enemies":"2 Fungi Beasts","floor":7,"turns":3},{"damage":0,"enemies":"Exordium Wildlife","floor":10,"turns":5},{"damage":4,"enemies":"Large Slime","floor":12,"turns":5},{"damage":2,"enemies":"Lots of Slimes","floor":13,"turns":4},{"damage":3,"enemies":"Hexaghost","floor":16,"turns":7},{"damage":21,"enemies":"3 Byrds","floor":18,"turns":5},{"damage":10,"enemies":"Shell Parasite","floor":20,"turns":4},{"damage":32,"enemies":"Masked Bandits","floor":21,"turns":4}],"seed_played":"-7388706777063861481","potions_obtained":[{"floor":4,"key":"PowerPotion"},{"floor":5,"key":"PowerPotion"},{"floor":6,"key":"SkillPotion"},{"floor":12,"key":"PowerPotion"},{"floor":20,"key":"LiquidBronze"}],"is_trial":false,"path_per_floor":["M","?","$","M","M","E","M","R","T","M","R","M","M","?","R","B",null,"M","$","M","?"],"character_chosen":"THE_SILENT","items_purchased":["Flash of Steel"],"campfire_rested":0,"item_purchase_floors":[19],"current_hp_per_floor":[63,63,63,54,52,22,22,22,22,22,22,18,16,16,16,13,63,42,42,32,0],"gold":152,"neow_bonus":"TRANSFORM_TWO_CARDS","is_prod":false,"is_daily":false,"chose_seed":false,"campfire_upgraded":2,"win_rate":0,"timestamp":1553652468,"path_taken":["M","?","?","M","M","E","M","R","T","M","R","?","M","?","R","BOSS","M","$","M","?"],"build_version":"2019-01-23","purchased_purges":2,"victory":false,"max_hp_per_floor":[63,63,63,63,63,63,63,63,63,63,63,63,63,63,63,63,63,63,63,63,63],"card_choices":[{"not_picked":["Underhanded Strike","Deflect"],"picked":"Heel Hook","floor":1},{"not_picked":["Endless Agony","Sucker Punch","Flying Knee"],"picked":"SKIP","floor":4},{"not_picked":["Acrobatics","Deadly Poison","Infinite Blades"],"picked":"SKIP","floor":5},{"not_picked":["Deadly Poison","Deflect","Backflip"],"picked":"SKIP","floor":6},{"not_picked":["Deadly Poison","Deflect","Backflip"],"picked":"SKIP","floor":6},{"not_picked":["Noxious Fumes","Dash"],"picked":"Escape Plan","floor":7},{"not_picked":["Deflect","Poisoned Stab"],"picked":"Prepared","floor":10},{"not_picked":["Acrobatics","Poisoned Stab","Backflip"],"picked":"SKIP","floor":12},{"not_picked":["Concentrate","Poisoned Stab"],"picked":"Bouncing Flask","floor":13},{"not_picked":["Bullet Time","Envenom"],"picked":"Wraith Form v2","floor":16},{"not_picked":["Dodge and Roll","Prepared+1"],"picked":"Acrobatics","floor":18},{"not_picked":["Acrobatics","Cloak And Dagger+1"],"picked":"Reflex","floor":20}],"player_experience":438877,"relics_obtained":[{"floor":6,"key":"Mummified Hand"}],"event_choices":[{"cards_removed":["Defend_G"],"damage_healed":0,"gold_gain":0,"player_choice":"Offered Basic","damage_taken":0,"max_hp_gain":0,"max_hp_loss":0,"event_name":"Bonfire Elementals","floor":2,"gold_loss":0},{"cards_removed":["Strike_G"],"damage_healed":0,"gold_gain":0,"player_choice":"Forget","damage_taken":0,"max_hp_gain":0,"max_hp_loss":0,"event_name":"Living Wall","floor":14,"gold_loss":0},{"damage_healed":0,"gold_gain":0,"player_choice":"Fought Bandits","damage_taken":0,"max_hp_gain":0,"max_hp_loss":0,"event_name":"Masked Bandits","floor":21,"gold_loss":0}],"is_beta":false,"boss_relics":[{"not_picked":["Sozu","Ring of the Serpent"],"picked":"HoveringKite"}],"items_purged_floors":[3,19],"is_endless":false,"potions_floor_spawned":[4,5,6,12,20],"killed_by":"Masked Bandits","ascension_level":0}