{"gold_per_floor":[116,134,234,249,249,249,174,174,174,191,191,223,223,243,243,348,348,365,400,400,248,248,276,287,139,164,164,164,164,180,205,205,307,307,327,342,442,442,454,454,483,483,483,483,494,494,44,44,44,44],"floor_reached":51,"playtime":2407,"items_purged":["Defend_R","Clumsy","Regret"],"score":721,"play_id":"f8891d95-1333-41e0-97ff-6ba37be96d09","local_time":"20190506144404","is_ascension_mode":true,"campfire_choices":[{"floor":6,"key":"REST"},{"data":"Spot Weakness","floor":8,"key":"SMITH"},{"data":"Shrug It Off","floor":11,"key":"SMITH"},{"data":"Iron Wave","floor":13,"key":"SMITH"},{"data":"Demon Form","floor":15,"key":"SMITH"},{"floor":29,"key":"REST"},{"floor":32,"key":"REST"},{"floor":40,"key":"REST"},{"floor":42,"key":"REST"},{"floor":44,"key":"REST"},{"data":"Flame Barrier","floor":49,"key":"SMITH"}],"neow_cost":"NONE","seed_source_timestamp":160376031513800,"circlet_count":0,"master_deck":["Strike_R+1","Strike_R+1","Strike_R+1","Strike_R+1","Strike_R+1","Defend_R+1","Defend_R+1","Defend_R+1","Bash+1","Shrug It Off+1","Battle Trance","Spot Weakness+1","Iron Wave+1","Demon Form+1","Impervious","Fire Breathing","Cleave+1","Armaments","Shockwave+1","Clumsy","Doubt","Flame Barrier+1","Cleave","Parasite","Exhume","Flash of Steel","Spot Weakness","Writhe","Inflame"],"relics":["Cursed Key","Pocketwatch","Question Card","Busted Crown","Red Mask","Dream Catcher","PreservedInsect","Orichalcum","Gremlin Horn","Ancient Tea Set","Snecko Eye","Turnip","Kunai","Juzu Bracelet","Torii"],"potions_floor_usage":[23,33,35,37,50],"damage_taken":[{"damage":3,"enemies":"Small Slimes","floor":1,"turns":4},{"damage":0,"enemies":"Cultist","floor":2,"turns":3},{"damage":0,"enemies":"2 Louse","floor":4,"turns":3},{"damage":0,"enemies":"Large Slime","floor":10,"turns":5},{"damage":10,"enemies":"Lagavulin","floor":12,"turns":5},{"damage":0,"enemies":"Looter","floor":14,"turns":2},{"damage":1,"enemies":"Slime Boss","floor":16,"turns":7},{"damage":10,"enemies":"2 Thieves","floor":18,"turns":4},{"damage":8,"enemies":"Masked Bandits","floor":19,"turns":5},{"damage":42,"enemies":"Slavers","floor":23,"turns":6},{"damage":5,"enemies":"3 Byrds","floor":24,"turns":4},{"damage":3,"enemies":"Centurion and Healer","floor":30,"turns":5},{"damage":16,"enemies":"Collector","floor":33,"turns":5},{"damage":15,"enemies":"3 Shapes","floor":35,"turns":3},{"damage":24,"enemies":"3 Darklings","floor":36,"turns":5},{"damage":12,"enemies":"Mind Bloom Boss Battle","floor":37,"turns":6},{"damage":43,"enemies":"Spire Growth","floor":39,"turns":5},{"damage":5,"enemies":"Giant Head","floor":41,"turns":7},{"damage":13,"enemies":"Transient","floor":45,"turns":5},{"damage":79,"enemies":"Awakened One","floor":50,"turns":11}],"seed_played":"4985636502890073394","potions_obtained":[{"floor":2,"key":"FairyPotion"},{"floor":12,"key":"BloodPotion"},{"floor":18,"key":"SpeedPotion"},{"floor":24,"key":"Swift Potion"},{"floor":30,"key":"Explosive Potion"},{"floor":33,"key":"Explosive Potion"},{"floor":36,"key":"Regen Potion"}],"is_trial":false,"path_per_floor":["M","M","?","M","?","R","$","R","T","M","R","E","R","M","R","B",null,"M","?","?","$","?","E","M","$","T","T","?","R","M","T","R","B",null,"M","M","?","?","M","R","E","R","T","R","M","?","$","?","R","B",null],"character_chosen":"IRONCLAD","items_purchased":["Armaments","PreservedInsect","Inflame","Torii"],"campfire_rested":6,"item_purchase_floors":[21,25,47,47],"current_hp_per_floor":[77,77,77,77,61,80,80,80,80,80,80,70,70,70,70,69,80,70,62,62,62,62,28,23,23,23,23,23,47,44,44,68,52,80,65,41,44,44,1,25,20,44,44,68,55,75,75,75,75,8],"gold":44,"neow_bonus":"BOSS_RELIC","is_prod":false,"is_daily":false,"chose_seed":false,"campfire_upgraded":5,"win_rate":0,"timestamp":1557168244,"path_taken":["M","M","?","?","?","R","$","R","T","M","R","E","R","M","R","BOSS","M","?","?","$","?","E","?","$","T","?","?","R","M","?","R","BOSS","M","M","?","?","M","R","E","R","T","R","M","?","$","?","R","BOSS"],"build_version":"2019-01-23","purchased_purges":3,"victory":true,"max_hp_per_floor":[80,80,80,80,80,80,80,80,80,80,80,80,80,80,80,80,80,80,80,80,80,80,80,80,80,80,80,80,80,80,80,80,80,80,80,80,80,80,80,80,80,80,80,80,80,80,80,80,80,80],"card_choices":[{"not_picked":["Iron Wave","Twin Strike"],"picked":"Shrug It Off","floor":1},{"not_picked":["Flex","Sever Soul"],"picked":"Battle Trance","floor":2},{"not_picked":["Reckless Charge","Warcry"],"picked":"Spot Weakness","floor":4},{"not_picked":["Shockwave","Headbutt"],"picked":"Iron Wave","floor":10},{"not_picked":["Corruption","Blood for Blood","Iron Wave"],"picked":"SKIP","floor":12},{"not_picked":["Sword Boomerang","Flex","Cleave"],"picked":"Demon Form","floor":14},{"not_picked":["Bludgeon","Offering","Dark Embrace"],"picked":"Impervious","floor":16},{"not_picked":["Headbutt"],"picked":"Fire Breathing","floor":18},{"not_picked":["Clash"],"picked":"Cleave+1","floor":19},{"not_picked":["Offering","Headbutt"],"picked":"SKIP","floor":23},{"not_picked":["Warcry"],"picked":"Shockwave+1","floor":24},{"not_picked":["Twin Strike"],"picked":"Flame Barrier","floor":29},{"not_picked":["Feel No Pain+1"],"picked":"Cleave","floor":30},{"not_picked":["Brutality"],"picked":"Exhume","floor":33},{"not_picked":["Sever Soul+1","Pommel Strike+1"],"picked":"SKIP","floor":35},{"not_picked":["Warcry+1","Bloodletting+1"],"picked":"SKIP","floor":36},{"not_picked":["Dark Shackles"],"picked":"Flash of Steel","floor":38},{"not_picked":["Reckless Charge"],"picked":"Spot Weakness","floor":39},{"not_picked":["Immolate","Clash"],"picked":"SKIP","floor":41},{"not_picked":["Clothesline+1","Shrug It Off"],"picked":"SKIP","floor":45}],"player_experience":114976,"relics_obtained":[{"floor":9,"key":"Pocketwatch"},{"floor":12,"key":"Question Card"},{"floor":19,"key":"Red Mask"},{"floor":23,"key":"Dream Catcher"},{"floor":26,"key":"Orichalcum"},{"floor":27,"key":"Gremlin Horn"},{"floor":31,"key":"Ancient Tea Set"},{"floor":37,"key":"Turnip"},{"floor":41,"key":"Kunai"},{"floor":43,"key":"Juzu Bracelet"}],"event_choices":[{"damage_healed":0,"gold_gain":100,"player_choice":"Pray","damage_taken":0,"max_hp_gain":0,"max_hp_loss":0,"event_name":"Golden Shrine","floor":3,"gold_loss":0},{"damage_healed":0,"gold_gain":0,"player_choice":"Entered Light","damage_taken":16,"max_hp_gain":0,"max_hp_loss":0,"event_name":"Shining Light","floor":5,"gold_loss":0,"cards_upgraded":["Bash","Strike_R"]},{"damage_healed":0,"gold_gain":0,"player_choice":"Fought Bandits","damage_taken":0,"max_hp_gain":0,"max_hp_loss":0,"event_name":"Masked Bandits","floor":19,"gold_loss":0},{"damage_healed":0,"gold_gain":0,"player_choice":"Simplicity","damage_taken":0,"max_hp_gain":0,"max_hp_loss":0,"event_name":"Back to Basics","floor":20,"gold_loss":0,"cards_upgraded":["Strike_R","Strike_R","Strike_R","Strike_R","Defend_R","Defend_R","Defend_R"]},{"damage_healed":0,"gold_gain":0,"player_choice":"Ignored","damage_taken":0,"max_hp_gain":0,"max_hp_loss":0,"event_name":"Vampires","floor":22,"gold_loss":0},{"damage_healed":0,"gold_gain":0,"player_choice":"Ignored","damage_taken":0,"max_hp_gain":0,"max_hp_loss":0,"event_name":"Cursed Tome","floor":28,"gold_loss":0},{"damage_healed":0,"gold_gain":0,"player_choice":"Fight","damage_taken":0,"max_hp_gain":0,"max_hp_loss":0,"event_name":"MindBloom","floor":37,"gold_loss":0},{"damage_healed":0,"gold_gain":0,"player_choice":"Memory 1","damage_taken":0,"max_hp_gain":0,"max_hp_loss":0,"event_name":"SensoryStone","floor":38,"gold_loss":0},{"damage_healed":20,"gold_gain":0,"player_choice":"Writhe","damage_taken":0,"max_hp_gain":0,"max_hp_loss":0,"event_name":"Winding Halls","floor":46,"gold_loss":0,"cards_obtained":["Writhe"]},{"damage_healed":0,"gold_gain":0,"player_choice":"Ignored","damage_taken":0,"max_hp_gain":0,"max_hp_loss":0,"event_name":"Mysterious Sphere","floor":48,"gold_loss":0}],"is_beta":false,"boss_relics":[{"not_picked":["White Beast Statue","Mark of Pain"],"picked":"Busted Crown"},{"not_picked":["Philosopher\u0027s Stone","Eternal Feather"],"picked":"Snecko Eye"}],"items_purged_floors":[7,21,47],"is_endless":false,"potions_floor_spawned":[2,12,18,24,30,33,36],"ascension_level":1}