{"gold_per_floor":[112,38,38,48,48,83,83,114,141,154,194,207,34,209,209,338,338,356,356,9,32,50,50],"floor_reached":23,"playtime":904,"items_purged":[],"score":293,"play_id":"bc97dbc5-b820-4075-b4b4-3b0e6b2e4e68","local_time":"20190402194044","is_ascension_mode":true,"campfire_choices":[{"data":"White Noise","floor":7,"key":"SMITH"},{"floor":15,"key":"REST"}],"neow_cost":"NONE","seed_source_timestamp":1766972448950017,"circlet_count":0,"master_deck":["Strike_B","Strike_B","Strike_B","Strike_B+1","Defend_B+1","Defend_B","Defend_B","Defend_B","Zap","Dualcast","White Noise+1","Hyperbeam","Capacitor","Injury","Reboot","Thunder Strike","Conserve Battery","Seek","Double Energy","Streamline","Doubt","Biased Cognition","Barrage+1","Defragment+1","Go for the Eyes","Amplify","Streamline+1"],"relics":["Cracked Core","NeowsBlessing","Golden Idol","Bag of Marbles","Darkstone Periapt","Boot","Nunchaku","DataDisk","Nuclear Battery","Pantograph","Frozen Egg 2"],"potions_floor_usage":[16,21,21,21,21,21,22],"damage_taken":[{"damage":0,"enemies":"2 Louse","floor":1,"turns":1},{"damage":0,"enemies":"Jaw Worm","floor":4,"turns":1},{"damage":0,"enemies":"3 Sentries","floor":6,"turns":1},{"damage":22,"enemies":"Lagavulin","floor":8,"turns":6},{"damage":2,"enemies":"Small Slimes","floor":10,"turns":3},{"damage":32,"enemies":"Gremlin Nob","floor":11,"turns":4},{"damage":0,"enemies":"3 Louse","floor":12,"turns":1},{"damage":31,"enemies":"Slime Boss","floor":16,"turns":9},{"damage":45,"enemies":"Shell Parasite","floor":18,"turns":5},{"damage":0,"enemies":"Spheric Guardian","floor":21,"turns":3},{"damage":0,"enemies":"Snecko","floor":22,"turns":3},{"damage":7,"enemies":"Book of Stabbing","floor":23,"turns":2}],"seed_played":"8462540621796776957","potions_obtained":[{"floor":6,"key":"Dexterity Potion"},{"floor":11,"key":"SneckoOil"},{"floor":16,"key":"EntropicBrew"},{"floor":21,"key":"AttackPotion"}],"is_trial":false,"path_per_floor":["M","$","?","M","?","E","R","E","T","M","E","M","$","?","R","B",null,"M","?","$","M","M","E"],"character_chosen":"DEFECT","items_purchased":["Hyperbeam","DataDisk","Streamline","Frozen Egg 2","Defragment+1","Go for the Eyes"],"campfire_rested":1,"item_purchase_floors":[2,13,13,20,20,20],"current_hp_per_floor":[75,75,60,60,60,60,60,38,38,36,4,4,4,10,34,3,62,17,17,17,17,17,10],"gold":50,"neow_bonus":"THREE_ENEMY_KILL","is_prod":false,"is_daily":false,"chose_seed":false,"campfire_upgraded":1,"win_rate":0,"timestamp":1554259244,"path_taken":["M","$","?","M","?","E","R","E","T","M","E","M","?","?","R","BOSS","M","?","$","M","?","E"],"build_version":"2019-01-23","purchased_purges":0,"victory":false,"max_hp_per_floor":[75,75,75,75,75,75,75,75,75,75,75,75,75,81,81,81,81,81,81,81,81,81,81],"card_choices":[{"not_picked":["Cold Snap","Go for the Eyes"],"picked":"White Noise","floor":1},{"not_picked":["Compile Driver","Sweeping Beam"],"picked":"Capacitor","floor":4},{"not_picked":["Sweeping Beam","Rebound"],"picked":"Reboot","floor":6},{"not_picked":["Hologram","Streamline"],"picked":"Thunder Strike","floor":8},{"not_picked":["Cold Snap","Steam"],"picked":"Conserve Battery","floor":10},{"not_picked":["Beam Cell","Go for the Eyes"],"picked":"Seek","floor":11},{"not_picked":["Gash","Cold Snap"],"picked":"Double Energy","floor":12},{"not_picked":["All For One","Meteor Strike"],"picked":"Biased Cognition","floor":16},{"not_picked":["Rebound+1","Hologram"],"picked":"Barrage+1","floor":18},{"not_picked":["Beam Cell+1","Hologram"],"picked":"Amplify","floor":21},{"not_picked":["Doom and Gloom","Steam"],"picked":"Streamline+1","floor":22}],"player_experience":491638,"relics_obtained":[{"floor":6,"key":"Bag of Marbles"},{"floor":8,"key":"Darkstone Periapt"},{"floor":9,"key":"Boot"},{"floor":11,"key":"Nunchaku"}],"event_choices":[{"damage_healed":0,"gold_gain":0,"player_choice":"Entered Light","damage_taken":15,"max_hp_gain":0,"max_hp_loss":0,"event_name":"Shining Light","floor":3,"gold_loss":0,"cards_upgraded":["Strike_B","Defend_B"]},{"damage_healed":0,"gold_gain":0,"player_choice":"Take Wound","damage_taken":0,"relics_obtained":["Golden Idol"],"max_hp_gain":0,"max_hp_loss":0,"event_name":"Golden Idol","floor":5,"gold_loss":0,"cards_obtained":["Injury"]},{"damage_healed":0,"gold_gain":175,"player_choice":"AGREE","damage_taken":0,"max_hp_gain":0,"max_hp_loss":0,"event_name":"Liars Game","floor":14,"gold_loss":0,"cards_obtained":["Doubt"]},{"damage_healed":0,"gold_gain":0,"player_choice":"Gave Potion","damage_taken":0,"relics_obtained":["Pantograph"],"max_hp_gain":0,"max_hp_loss":0,"event_name":"WeMeetAgain","floor":19,"gold_loss":0}],"is_beta":false,"boss_relics":[{"not_picked":["Ectoplasm","Runic Pyramid"],"picked":"Nuclear Battery"}],"items_purged_floors":[],"is_endless":false,"potions_floor_spawned":[6,11,16,21],"killed_by":"Book of Stabbing","ascension_level":5}