{"gold_per_floor":[118,133,133,98,112,146,166,166,166,176,193,193,207,219,219,322,322,339,354,354,377,394,394,394],"floor_reached":24,"playtime":1538,"items_purged":[],"score":202,"play_id":"b7617b5c-f99d-4a2e-8d4f-a9a483f935f2","local_time":"20190429180816","is_ascension_mode":false,"campfire_choices":[{"floor":12,"key":"REST"},{"data":"Dualcast","floor":15,"key":"SMITH"}],"neow_cost":"TEN_PERCENT_HP_LOSS","seed_source_timestamp":274936562020430,"circlet_count":0,"master_deck":["Strike_B","Strike_B","Strike_B","Strike_B","Defend_B","Defend_B","Defend_B","Defend_B","Zap","Dualcast+1","Loop","Conserve Battery","Scrape","FTL","Beam Cell","Streamline","Zap","Reboot","Loop+1","Go for the Eyes","Coolheaded","Creative AI+1","Capacitor+1","Turbo+1","Barrage+1"],"relics":["Cracked Core","FossilizedHelix","Blue Candle","Mummified Hand","Frozen Egg 2","Eternal Feather"],"potions_floor_usage":[6,22,24],"damage_taken":[{"damage":0,"enemies":"Small Slimes","floor":1,"turns":3},{"damage":0,"enemies":"Jaw Worm","floor":2,"turns":2},{"damage":0,"enemies":"2 Louse","floor":5,"turns":2},{"damage":15,"enemies":"Lagavulin","floor":6,"turns":6},{"damage":21,"enemies":"Exordium Thugs","floor":7,"turns":4},{"damage":0,"enemies":"Exordium Wildlife","floor":10,"turns":3},{"damage":0,"enemies":"Blue Slaver","floor":11,"turns":2},{"damage":0,"enemies":"3 Louse","floor":13,"turns":3},{"damage":0,"enemies":"Red Slaver","floor":14,"turns":2},{"damage":27,"enemies":"The Guardian","floor":16,"turns":8},{"damage":0,"enemies":"Spheric Guardian","floor":18,"turns":3},{"damage":0,"enemies":"Chosen","floor":19,"turns":4},{"damage":34,"enemies":"Snake Plant","floor":22,"turns":6},{"damage":23,"enemies":"Colosseum Slavers","floor":23,"turns":4},{"damage":15,"enemies":"3 Cultists","floor":24,"turns":3}],"seed_played":"-7090008558263792859","potions_obtained":[{"floor":2,"key":"Swift Potion"},{"floor":13,"key":"Block Potion"},{"floor":14,"key":"FearPotion"},{"floor":19,"key":"Explosive Potion"},{"floor":22,"key":"Ancient Potion"}],"is_trial":false,"path_per_floor":["M","M","?","?","M","E","M","?","T","M","M","R","M","M","R","B",null,"M","M","?","T","M","?","M"],"character_chosen":"DEFECT","items_purchased":[],"campfire_rested":1,"item_purchase_floors":[],"current_hp_per_floor":[68,68,50,67,67,52,31,31,31,31,31,51,51,51,51,24,68,68,68,68,68,34,11,0],"gold":394,"neow_bonus":"ONE_RARE_RELIC","is_prod":false,"is_daily":false,"chose_seed":false,"campfire_upgraded":1,"win_rate":0,"timestamp":1556586496,"path_taken":["M","M","?","?","M","E","M","?","T","M","?","R","M","M","R","BOSS","M","M","?","?","M","?","M"],"build_version":"2019-01-23","purchased_purges":0,"victory":false,"max_hp_per_floor":[68,68,68,68,68,68,68,68,68,68,68,68,68,68,68,68,68,68,68,68,68,68,68,68],"card_choices":[{"not_picked":["Conserve Battery","Redo"],"picked":"Loop","floor":1},{"not_picked":["Leap","Steam"],"picked":"Conserve Battery","floor":2},{"not_picked":["Leap","Streamline"],"picked":"Scrape","floor":5},{"not_picked":["Steam Power","Hologram"],"picked":"FTL","floor":6},{"not_picked":["Coolheaded","Turbo"],"picked":"Beam Cell","floor":7},{"not_picked":["Sweeping Beam","Beam Cell"],"picked":"Reboot","floor":10},{"not_picked":["Chaos","Sweeping Beam"],"picked":"Loop+1","floor":11},{"not_picked":["Hologram","Stack"],"picked":"Go for the Eyes","floor":13},{"not_picked":["Cold Snap","Streamline"],"picked":"Coolheaded","floor":14},{"not_picked":["Electrodynamics+1","Multi-Cast"],"picked":"Creative AI+1","floor":16},{"not_picked":["Turbo","Rebound"],"picked":"Capacitor+1","floor":18},{"not_picked":["Go for the Eyes+1","Heatsinks+1"],"picked":"Turbo+1","floor":19},{"not_picked":["Steam","Turbo"],"picked":"Barrage+1","floor":22}],"player_experience":511750,"relics_obtained":[{"floor":6,"key":"Mummified Hand"},{"floor":9,"key":"Frozen Egg 2"}],"event_choices":[{"damage_healed":0,"gold_gain":0,"player_choice":"Success","damage_taken":18,"relics_obtained":["Blue Candle"],"max_hp_gain":0,"max_hp_loss":0,"event_name":"Scrap Ooze","floor":3,"gold_loss":0},{"damage_healed":17,"gold_gain":0,"player_choice":"Healed","damage_taken":0,"max_hp_gain":0,"max_hp_loss":0,"event_name":"The Cleric","floor":4,"gold_loss":35},{"damage_healed":0,"gold_gain":0,"player_choice":"2 cards matched","damage_taken":0,"max_hp_gain":0,"max_hp_loss":0,"event_name":"Match and Keep!","floor":8,"gold_loss":0,"cards_obtained":["Streamline","Zap"]},{"damage_healed":0,"gold_gain":0,"player_choice":"Ignored","damage_taken":0,"max_hp_gain":0,"max_hp_loss":0,"event_name":"Beggar","floor":20,"gold_loss":0},{"damage_healed":0,"gold_gain":0,"player_choice":"Fight","damage_taken":0,"max_hp_gain":0,"max_hp_loss":0,"event_name":"Colosseum","floor":23,"gold_loss":0},{"damage_healed":0,"gold_gain":0,"player_choice":"Fled From Nobs","damage_taken":0,"max_hp_gain":0,"max_hp_loss":0,"event_name":"Colosseum","floor":23,"gold_loss":0}],"is_beta":false,"boss_relics":[{"not_picked":["Philosopher\u0027s Stone","Velvet Choker"],"picked":"Eternal Feather"}],"items_purged_floors":[],"is_endless":false,"potions_floor_spawned":[2,13,14,19,22],"killed_by":"3 Cultists","ascension_level":0}