{"gold_per_floor":[119,130,142,142,165,165,201,201,225,243,49,49,29,92,92,223,223,242,236,34,34,49,49,82,98,123,123,166,189,189,237,237,237],"floor_reached":33,"playtime":2378,"items_purged":[],"score":339,"play_id":"a129c2fa-3432-4e97-8910-088e821c7da5","local_time":"20190105131244","is_ascension_mode":true,"campfire_choices":[{"data":"Armaments","floor":6.0,"key":"SMITH"},{"data":"Hemokinesis","floor":8.0,"key":"SMITH"},{"floor":12.0,"key":"REST"},{"data":"Double Tap","floor":15.0,"key":"SMITH"},{"floor":23.0,"key":"REST"},{"floor":27,"key":"REST"},{"floor":30,"key":"REST"},{"data":"Rampage","floor":32,"key":"SMITH"}],"neow_cost":"NONE","seed_source_timestamp":0,"circlet_count":0,"master_deck":["Strike_R","Strike_R","Strike_R","Strike_R","Strike_R","Defend_R","Defend_R","Defend_R","Defend_R","Bash+1","Armaments+1","Power Through","Hemokinesis+1","Injury","Headbutt","Double Tap+1","Disarm","Battle Trance","Feed","Cleave","Rampage+1","Dropkick","Rupture+1","Uppercut","Iron Wave+1"],"special_seed":0,"relics":["Burning Blood","Golden Idol","Red Skull","Pen Nib","Sling","Tiny Chest","Eternal Feather","Toy Ornithopter","MutagenicStrength","The Courier","Ancient Tea Set","Orichalcum","Lantern"],"potions_floor_usage":[28,33],"damage_taken":[{"damage":6.0,"enemies":"Cultist","floor":1.0,"turns":3.0},{"damage":3.0,"enemies":"2 Louse","floor":2.0,"turns":3.0},{"damage":7.0,"enemies":"Small Slimes","floor":3.0,"turns":4.0},{"damage":8.0,"enemies":"2 Fungi Beasts","floor":5.0,"turns":4.0},{"damage":14.0,"enemies":"Lagavulin","floor":7.0,"turns":5.0},{"damage":25.0,"enemies":"Exordium Thugs","floor":10.0,"turns":6.0},{"damage":12.0,"enemies":"3 Sentries","floor":14.0,"turns":6.0},{"damage":20.0,"enemies":"Slime Boss","floor":16.0,"turns":9.0},{"damage":2.0,"enemies":"Chosen","floor":18.0,"turns":4.0},{"damage":17.0,"enemies":"2 Thieves","floor":19.0,"turns":4.0},{"damage":33.0,"enemies":"Centurion and Healer","floor":22.0,"turns":5.0},{"damage":56.0,"enemies":"Book of Stabbing","floor":24.0,"turns":7.0},{"damage":36,"enemies":"Shelled Parasite and Fungi","floor":25,"turns":7},{"damage":11,"enemies":"Gremlin Leader","floor":28,"turns":6},{"damage":17,"enemies":"3 Cultists","floor":29,"turns":5},{"damage":95,"enemies":"Automaton","floor":33,"turns":10}],"seed_played":"-8839030150041133604","potions_obtained":[{"floor":5.0,"key":"Fire Potion"},{"floor":7.0,"key":"FearPotion"},{"floor":10.0,"key":"Weak Potion"},{"floor":14.0,"key":"GamblersBrew"},{"floor":19.0,"key":"Energy Potion"},{"floor":22.0,"key":"GamblersBrew"},{"floor":25,"key":"GamblersBrew"},{"floor":29,"key":"Fire Potion"}],"is_trial":false,"path_per_floor":["M","M","M","?","M","R","E","R","T","M","$","R","?","E","R","B",null,"M","M","$","?","M","R","E","M","T","R","E","M","R","T","R","B"],"character_chosen":"IRONCLAD","items_purchased":["Sling","Toy Ornithopter"],"campfire_rested":4,"item_purchase_floors":[11,20],"current_hp_per_floor":[80,80,79,79,77,77,69,69,69,50,50,74,74,68,68,54,80,83,76,76,76,54,87,42,12,12,50,50,39,80,80,87,0],"gold":237,"neow_bonus":"UPGRADE_CARD","is_prod":false,"is_daily":false,"chose_seed":false,"campfire_upgraded":4,"win_rate":0,"timestamp":1546690364,"path_taken":["M","?","M","?","M","R","E","R","T","M","$","R","?","E","R","BOSS","M","M","$","?","M","R","E","M","T","R","E","M","R","?","R","BOSS"],"build_version":"2019-01-03v4","purchased_purges":0,"victory":false,"max_hp_per_floor":[80,80,80,80,80,80,80,80,80,80,80,80,80,80,80,80,80,83,87,87,87,87,87,87,87,87,87,87,87,87,87,87,87],"card_choices":[{"not_picked":["Pommel Strike","Headbutt"],"picked":"Armaments","floor":1.0},{"not_picked":["Warcry","Wild Strike"],"picked":"Power Through","floor":2.0},{"not_picked":["Armaments","Sever Soul"],"picked":"Hemokinesis","floor":3.0},{"not_picked":["Perfected Strike","Second Wind"],"picked":"Headbutt","floor":5.0},{"not_picked":["Sword Boomerang","True Grit"],"picked":"Double Tap","floor":7.0},{"not_picked":["Wild Strike","Flex"],"picked":"Disarm","floor":10.0},{"not_picked":["Bloodletting","Infernal Blade"],"picked":"Battle Trance","floor":14.0},{"not_picked":["Limit Break","Juggernaut"],"picked":"Feed","floor":16.0},{"not_picked":["Armaments","Havoc+1"],"picked":"Cleave","floor":18.0},{"not_picked":["Ghostly Armor","Heavy Blade"],"picked":"Rampage","floor":19.0},{"not_picked":["Iron Wave","Corruption"],"picked":"Dropkick","floor":22.0},{"not_picked":["Searing Blow+1","Disarm"],"picked":"Rupture+1","floor":24.0},{"not_picked":["Warcry","Clash"],"picked":"Uppercut","floor":25},{"not_picked":["Rampage","Sentinel"],"picked":"Iron Wave+1","floor":28},{"not_picked":["Headbutt","Thunderclap","Sword Boomerang"],"picked":"SKIP","floor":29}],"player_experience":294114,"relics_obtained":[{"floor":7.0,"key":"Red Skull"},{"floor":9.0,"key":"Pen Nib"},{"floor":14.0,"key":"Tiny Chest"},{"floor":24.0,"key":"The Courier"},{"floor":26,"key":"Ancient Tea Set"},{"floor":28,"key":"Orichalcum"},{"floor":31,"key":"Lantern"}],"event_choices":[{"damage_healed":0.0,"max_hp_gain":0.0,"max_hp_loss":0.0,"gold_gain":0.0,"event_name":"Golden Idol","player_choice":"Take Wound","floor":4.0,"gold_loss":0.0,"damage_taken":0.0,"relics_obtained":["Golden Idol"],"cards_obtained":["Injury"]},{"damage_healed":0.0,"max_hp_gain":0.0,"max_hp_loss":0.0,"gold_gain":0.0,"event_name":"World of Goop","player_choice":"Left Gold","floor":13.0,"gold_loss":20.0,"damage_taken":0.0},{"damage_healed":0.0,"max_hp_gain":0.0,"max_hp_loss":0.0,"gold_gain":0.0,"event_name":"Drug Dealer","player_choice":"Inject Mutagens","floor":21.0,"gold_loss":0.0,"damage_taken":0.0,"relics_obtained":["MutagenicStrength"]}],"is_beta":false,"boss_relics":[{"not_picked":["Tiny House","Sozu"],"picked":"Eternal Feather"}],"items_purged_floors":[],"is_endless":false,"potions_floor_spawned":[5,7,10,14,19,22,25,29],"killed_by":"Automaton","ascension_level":3}