{"gold_per_floor":[11,11,25,25,49,49,92,92,92,117,117,161,188,113,113,233,233,251,49,72,88,88,88,127,147,147,147],"floor_reached":27,"playtime":1517,"items_purged":["Normality"],"score":241,"play_id":"c0609230-81b1-4b61-ac33-14a4eb2c4abb","local_time":"20190423172131","is_ascension_mode":false,"campfire_choices":[{"floor":6.0,"key":"RECALL"},{"floor":8.0,"key":"REST"},{"data":"Capacitor","floor":15.0,"key":"SMITH"},{"data":"Defragment","floor":23.0,"key":"SMITH"}],"neow_cost":"NO_GOLD","seed_source_timestamp":1103861492772282,"circlet_count":0,"master_deck":["Strike_B","Strike_B","Strike_B","Strike_B","Defend_B","Defend_B","Defend_B","Defend_B","Zap","Dualcast","Thunder Strike","Gash","Ball Lightning","Gash","Conserve Battery","Cold Snap","Coolheaded","Capacitor+1","All For One","Shame","Biased Cognition","Defragment+1","Leap","Defragment+1","Auto Shields+1","Darkness","Cold Snap+1"],"special_seed":0,"relics":["Cracked Core","Golden Idol","Question Card","Du-Vu Doll","Pear","Anchor","Calling Bell","Bag of Marbles","Dodecahedron","Calipers","WingedGreaves","Sundial"],"potions_floor_usage":[25,25,27],"damage_taken":[{"damage":7.0,"enemies":"2 Louse","floor":1.0,"turns":3.0},{"damage":1.0,"enemies":"Jaw Worm","floor":3.0,"turns":3.0},{"damage":0.0,"enemies":"Cultist","floor":5.0,"turns":3.0},{"damage":21.0,"enemies":"Gremlin Nob","floor":7.0,"turns":4.0},{"damage":0.0,"enemies":"Gremlin Gang","floor":10.0,"turns":4.0},{"damage":11.0,"enemies":"3 Sentries","floor":12.0,"turns":6.0},{"damage":47.0,"enemies":"Slime Boss","floor":16.0,"turns":11.0},{"damage":10.0,"enemies":"2 Thieves","floor":18.0,"turns":4.0},{"damage":8.0,"enemies":"Shell Parasite","floor":20.0,"turns":4.0},{"damage":6.0,"enemies":"Cultist and Chosen","floor":21.0,"turns":6.0},{"damage":30.0,"enemies":"Gremlin Leader","floor":24.0,"turns":6.0},{"damage":42,"enemies":"3 Cultists","floor":25,"turns":6},{"damage":13,"enemies":"Chosen and Byrds","floor":27,"turns":6}],"seed_played":"3842737909694863519","potions_obtained":[{"floor":1.0,"key":"GamblersBrew"},{"floor":3.0,"key":"Regen Potion"},{"floor":5.0,"key":"SpeedPotion"}],"is_trial":false,"path_per_floor":["M","?","M","?","M","R","E","R","T","M","T","E","T","$","R","B",null,"M","$","M","M","?","R","E","M","T","M"],"character_chosen":"DEFECT","items_purchased":["Capacitor","Defragment","Leap"],"campfire_rested":1,"item_purchase_floors":[14,19,19],"current_hp_per_floor":[68,50,49,49,49,49,28,50,50,50,50,49,49,49,49,2,85,75,75,67,61,61,61,31,3,3,0],"gold":147,"neow_bonus":"THREE_RARE_CARDS","is_prod":false,"is_daily":false,"chose_seed":false,"campfire_upgraded":2,"win_rate":0,"timestamp":1556058091,"path_taken":["M","?","M","?","M","R","E","R","T","M","?","E","?","?","R","BOSS","M","$","M","M","?","R","E","M","T","?"],"build_version":"2019-01-23","purchased_purges":1,"victory":false,"max_hp_per_floor":[75,75,75,75,75,75,75,75,75,75,75,85,85,85,85,85,85,85,85,85,85,85,85,85,85,85,85],"card_choices":[{"not_picked":["Fission","Buffer"],"picked":"Thunder Strike","floor":0.0},{"not_picked":["Redo","Steam"],"picked":"Gash","floor":1.0},{"not_picked":["Aggregate","Tempest"],"picked":"Ball Lightning","floor":3.0},{"not_picked":["Leap","Doom and Gloom"],"picked":"Gash","floor":5.0},{"not_picked":["Hyperbeam","Rebound"],"picked":"Conserve Battery","floor":7.0},{"not_picked":["Auto Shields","Gash","Chill"],"picked":"Cold Snap","floor":10.0},{"not_picked":["Undo","Reinforced Body","Chill"],"picked":"Coolheaded","floor":12.0},{"not_picked":["Core Surge","Creative AI","Seek"],"picked":"All For One","floor":16.0},{"not_picked":["Skim","Reinforced Body+1","Go for the Eyes"],"picked":"Biased Cognition","floor":18.0},{"not_picked":["Turbo+1","Static Discharge","Barrage"],"picked":"Defragment+1","floor":20.0},{"not_picked":["Streamline","Hologram","Recycle"],"picked":"Auto Shields+1","floor":21.0},{"not_picked":["Sweeping Beam","Leap+1","Sunder+1"],"picked":"Darkness","floor":24.0},{"not_picked":["Turbo","Darkness","Leap"],"picked":"Cold Snap+1","floor":25}],"player_experience":227552,"relics_obtained":[{"floor":7.0,"key":"Question Card"},{"floor":11.0,"key":"Du-Vu Doll"},{"floor":12.0,"key":"Pear"},{"floor":13.0,"key":"Anchor"},{"floor":17.0,"key":"Bag of Marbles"},{"floor":17.0,"key":"Dodecahedron"},{"floor":17.0,"key":"Calipers"},{"floor":24.0,"key":"WingedGreaves"},{"floor":26,"key":"Sundial"}],"event_choices":[{"damage_healed":0.0,"max_hp_gain":0.0,"max_hp_loss":0.0,"gold_gain":0.0,"event_name":"Golden Idol","player_choice":"Take Damage","floor":2.0,"gold_loss":0.0,"damage_taken":18.0,"relics_obtained":["Golden Idol"]},{"damage_healed":0.0,"max_hp_gain":0.0,"max_hp_loss":0.0,"gold_gain":0.0,"event_name":"Golden Wing","player_choice":"Ignored","floor":4.0,"gold_loss":0.0,"damage_taken":0.0},{"cards_removed":["Normality"],"damage_healed":0.0,"max_hp_gain":0.0,"max_hp_loss":0.0,"gold_gain":0.0,"event_name":"Purifier","player_choice":"Purged","floor":22.0,"gold_loss":0.0,"damage_taken":0.0}],"is_beta":false,"boss_relics":[{"not_picked":["Runic Dome","Busted Crown"],"picked":"Calling Bell"}],"items_purged_floors":[19],"is_endless":false,"potions_floor_spawned":[1,3,5,20],"killed_by":"Chosen and Byrds","ascension_level":0}