{"gold_per_floor":[209,228,238,31,48,48,48,113,113,124,142,142,152,183,183,255,255,270,270,286,286,298,298,323,323,323,338,338,352,352,365,365,436,436,454,454,508,508,268,296,328,340,352,399,422,122,132,144,144,144,144],"floor_reached":51,"playtime":2426,"items_purged":["Strike_B","Defend_B"],"score":2032,"play_id":"3f28a8f5-6d26-4112-9d28-04c9b57fb09b","local_time":"20190429203709","is_ascension_mode":true,"campfire_choices":[{"data":"Sunder","floor":6.0,"key":"SMITH"},{"data":"Defragment","floor":15.0,"key":"SMITH"},{"data":"Chaos","floor":23.0,"key":"SMITH"},{"data":"Zap","floor":25.0,"key":"SMITH"},{"data":"Turbo","floor":28.0,"key":"SMITH"},{"data":"Coolheaded","floor":32.0,"key":"SMITH"},{"data":"Skim","floor":42.0,"key":"SMITH"},{"floor":49.0,"key":"RECALL"}],"neow_cost":"NONE","seed_source_timestamp":420474552587412,"circlet_count":0,"master_deck":["AscendersBane","Defend_B","Defend_B","Zap+1","Dualcast","Genetic Algorithm","Coolheaded","Sunder+1","Ball Lightning","Skim+1","Turbo+1","Ball Lightning","Chaos+1","Glacier","Defragment+1","Beam Cell","Biased Cognition","Multi-Cast+1","Buffer+1","All For One+1","Recycle+1","Ghostly","Ghostly","Ghostly","White Noise","Reinforced Body","Hologram+1","Hologram","Coolheaded+1","Turbo","Go for the Eyes+1","Reboot","White Noise+1","White Noise+1","Discovery","Compile Driver","Hologram","Cold Snap","Coolheaded","Seek","Hologram","Heatsinks","Panacea","Turbo+1","Fusion+1","Seek","Chill"],"special_seed":0,"relics":["Cracked Core","Tiny Chest","Smiling Mask","Kunai","Mercury Hourglass","Astrolabe","Enchiridion","Du-Vu Doll","Prayer Wheel","Nuclear Battery","Potion Belt","MawBank","Dodecahedron","Bag of Preparation"],"potions_floor_usage":[],"damage_taken":[{"damage":1.0,"enemies":"Cultist","floor":1.0,"turns":3.0},{"damage":11.0,"enemies":"2 Louse","floor":2.0,"turns":2.0},{"damage":3.0,"enemies":"Jaw Worm","floor":3.0,"turns":6.0},{"damage":0.0,"enemies":"2 Fungi Beasts","floor":5.0,"turns":1.0},{"damage":26.0,"enemies":"Lagavulin","floor":8.0,"turns":7.0},{"damage":0.0,"enemies":"Large Slime","floor":10.0,"turns":3.0},{"damage":0.0,"enemies":"Blue Slaver","floor":11.0,"turns":3.0},{"damage":18.0,"enemies":"Exordium Thugs","floor":13.0,"turns":3.0},{"damage":0.0,"enemies":"3 Sentries","floor":14.0,"turns":4.0},{"damage":0.0,"enemies":"The Guardian","floor":16.0,"turns":9.0},{"damage":9.0,"enemies":"2 Thieves","floor":18.0,"turns":3.0},{"damage":0.0,"enemies":"Chosen","floor":20.0,"turns":4.0},{"damage":1.0,"enemies":"Snecko","floor":22.0,"turns":4.0},{"damage":2.0,"enemies":"Slavers","floor":24.0,"turns":5.0},{"damage":0.0,"enemies":"Cultist and Chosen","floor":27.0,"turns":5.0},{"damage":0.0,"enemies":"Snake Plant","floor":29.0,"turns":3.0},{"damage":0.0,"enemies":"3 Cultists","floor":31.0,"turns":4.0},{"damage":0.0,"enemies":"Collector","floor":33.0,"turns":11.0},{"damage":0.0,"enemies":"Orb Walker","floor":35.0,"turns":3.0},{"damage":0.0,"enemies":"Nemesis","floor":40.0,"turns":9.0},{"damage":3.0,"enemies":"3 Darklings","floor":41.0,"turns":3.0},{"damage":0.0,"enemies":"Reptomancer","floor":44.0,"turns":4.0},{"damage":0.0,"enemies":"Maw","floor":45.0,"turns":5.0},{"damage":11.0,"enemies":"4 Shapes","floor":47.0,"turns":3.0},{"damage":0.0,"enemies":"3 Darklings","floor":48.0,"turns":8.0},{"damage":0.0,"enemies":"Awakened One","floor":50.0,"turns":15.0},{"damage":0,"enemies":"Time Eater","floor":51,"turns":1}],"seed_played":"-2536037290970841238","potions_obtained":[{"floor":1.0,"key":"Energy Potion"},{"floor":3.0,"key":"Strength Potion"},{"floor":13.0,"key":"Poison Potion"},{"floor":14.0,"key":"Swift Potion"},{"floor":16.0,"key":"Block Potion"},{"floor":29.0,"key":"FearPotion"},{"floor":33.0,"key":"Ancient Potion"},{"floor":40.0,"key":"AttackPotion"},{"floor":47.0,"key":"Regen Potion"}],"is_trial":false,"path_per_floor":["M","M","M","$","M","R","?","E","T","M","M","T","M","E","R","B",null,"M","?","M","?","M","R","E","R","T","M","R","M","?","M","R","B",null,"M","?","T","?","$","E","M","R","T","E","M","$","M","M","R","B","B"],"character_chosen":"DEFECT","items_purchased":["Ball Lightning","Skim","Compile Driver","Swift Potion","Hologram","Cold Snap","Heatsinks","Bag of Preparation","Panacea"],"campfire_rested":0,"item_purchase_floors":[4,4,39,39,39,39,46,46,46],"current_hp_per_floor":[63,52,49,49,49,49,49,23,23,23,23,23,5,5,5,5,55,46,25,25,25,24,24,22,22,22,22,22,22,22,22,22,22,32,32,27,27,27,27,27,24,24,24,24,24,24,13,27,27,27,27],"gold":144,"neow_bonus":"HUNDRED_GOLD","is_prod":false,"is_daily":false,"chose_seed":false,"campfire_upgraded":7,"win_rate":0,"timestamp":1556541429,"path_taken":["M","M","?","$","M","R","?","E","T","?","M","?","M","E","R","BOSS","M","?","M","?","M","R","E","R","T","M","R","M","?","M","R","BOSS","M","?","?","?","?","E","M","R","T","E","M","$","?","?","R","BOSS","BOSS"],"build_version":"2019-01-23","purchased_purges":2,"victory":false,"max_hp_per_floor":[71,71,71,71,71,71,71,71,71,71,71,71,71,71,71,71,71,71,71,71,35,35,35,35,35,35,35,35,35,35,35,35,35,35,35,35,35,35,35,35,35,35,35,35,35,35,35,35,35,35,35],"card_choices":[{"not_picked":["Redo","Hologram"],"picked":"Genetic Algorithm","floor":1.0},{"not_picked":["Doom and Gloom","Redo"],"picked":"Coolheaded","floor":2.0},{"not_picked":["Rebound","Compile Driver"],"picked":"Sunder","floor":3.0},{"not_picked":["Conserve Battery","Thunder Strike"],"picked":"Turbo","floor":5.0},{"not_picked":["FTL","Blizzard"],"picked":"Ball Lightning","floor":8.0},{"not_picked":["Melter","Leap"],"picked":"Chaos","floor":10.0},{"not_picked":["Compile Driver","Sunder"],"picked":"Glacier","floor":11.0},{"not_picked":["Redo","Sweeping Beam"],"picked":"Defragment","floor":13.0},{"not_picked":["Streamline","Compile Driver"],"picked":"Beam Cell","floor":14.0},{"not_picked":["Hyperbeam","Rainbow"],"picked":"Biased Cognition","floor":16.0},{"not_picked":["Ball Lightning","Hologram"],"picked":"Recycle+1","floor":18.0},{"not_picked":["Beam Cell","Leap","Rebound"],"picked":"SKIP","floor":20.0},{"not_picked":["Rip and Tear","Leap"],"picked":"White Noise","floor":22.0},{"not_picked":["Sunder","Beam Cell"],"picked":"Reinforced Body","floor":24.0},{"not_picked":["Stack","Conserve Battery"],"picked":"Hologram+1","floor":27.0},{"not_picked":["Steam","Static Discharge+1"],"picked":"Hologram","floor":27.0},{"not_picked":["Blizzard","Sweeping Beam"],"picked":"Coolheaded","floor":29.0},{"not_picked":["Sweeping Beam","Force Field"],"picked":"Defragment","floor":29.0},{"not_picked":["Sweeping Beam","Gash"],"picked":"Go for the Eyes+1","floor":31.0},{"not_picked":["Conserve Battery","Steam","Go for the Eyes"],"picked":"SKIP","floor":31.0},{"not_picked":["Amplify","Biased Cognition"],"picked":"Reboot","floor":33.0},{"not_picked":["Turbo","Steam"],"picked":"White Noise+1","floor":35.0},{"not_picked":["Go for the Eyes","Turbo"],"picked":"White Noise+1","floor":35.0},{"not_picked":["Trip","Enlightenment"],"picked":"Discovery","floor":36.0},{"not_picked":["Cold Snap","Storm","Go for the Eyes+1"],"picked":"SKIP","floor":40.0},{"not_picked":["Double Energy","Hologram"],"picked":"Coolheaded","floor":41.0},{"not_picked":["Reinforced Body","Go for the Eyes","Ball Lightning"],"picked":"SKIP","floor":41.0},{"not_picked":["Genetic Algorithm","Coolheaded"],"picked":"Seek","floor":44.0},{"not_picked":["Gash","Sweeping Beam+1"],"picked":"Hologram","floor":45.0},{"not_picked":["Recycle","Leap","FTL"],"picked":"SKIP","floor":45.0},{"not_picked":["Recycle","Leap","FTL"],"picked":"SKIP","floor":45.0},{"not_picked":["Defragment","Rip and Tear"],"picked":"Turbo+1","floor":47.0},{"not_picked":["Gash+1","Doom and Gloom"],"picked":"Fusion+1","floor":47.0},{"not_picked":["Lockon","Sweeping Beam+1"],"picked":"Seek","floor":48.0},{"not_picked":["FTL+1","Barrage+1"],"picked":"Chill","floor":48.0}],"player_experience":1507365,"relics_obtained":[{"floor":8.0,"key":"Tiny Chest"},{"floor":9.0,"key":"Smiling Mask"},{"floor":12.0,"key":"Kunai"},{"floor":14.0,"key":"Mercury Hourglass"},{"floor":19.0,"key":"Enchiridion"},{"floor":24.0,"key":"Du-Vu Doll"},{"floor":26.0,"key":"Prayer Wheel"},{"floor":37.0,"key":"Potion Belt"},{"floor":40.0,"key":"MawBank"},{"floor":44.0,"key":"Dodecahedron"}],"event_choices":[{"cards_removed":["Strike_B"],"damage_healed":0.0,"max_hp_gain":0.0,"max_hp_loss":0.0,"gold_gain":0.0,"event_name":"Bonfire Elementals","player_choice":"Offered Basic","floor":7.0,"gold_loss":0.0,"damage_taken":0.0},{"damage_healed":0.0,"max_hp_gain":0.0,"max_hp_loss":0.0,"gold_gain":0.0,"event_name":"Cursed Tome","player_choice":"Obtained Book","floor":19.0,"gold_loss":0.0,"damage_taken":21.0},{"damage_healed":0.0,"max_hp_gain":0.0,"max_hp_loss":36.0,"gold_gain":0.0,"event_name":"Ghosts","player_choice":"Became a Ghost","floor":21.0,"gold_loss":0.0,"damage_taken":0.0,"cards_obtained":["Ghostly","Ghostly","Ghostly"]},{"damage_healed":0.0,"max_hp_gain":0.0,"max_hp_loss":0.0,"gold_gain":0.0,"event_name":"The Library","player_choice":"Read","floor":30.0,"gold_loss":0.0,"damage_taken":0.0,"cards_obtained":["Turbo"]},{"damage_healed":0.0,"max_hp_gain":0.0,"max_hp_loss":0.0,"gold_gain":0.0,"event_name":"SensoryStone","player_choice":"Memory 2","floor":36.0,"gold_loss":0.0,"damage_taken":5.0},{"cards_removed":["Defragment"],"damage_healed":0.0,"max_hp_gain":0.0,"max_hp_loss":0.0,"gold_gain":0.0,"event_name":"Falling","player_choice":"Removed Power","floor":38.0,"gold_loss":0.0,"damage_taken":0.0}],"is_beta":false,"boss_relics":[{"not_picked":["Busted Crown","Philosopher\u0027s Stone"],"picked":"Astrolabe"},{"not_picked":["Tiny House","FrozenCore"],"picked":"Nuclear Battery"}],"items_purged_floors":[4,39],"is_endless":false,"potions_floor_spawned":[1,3,13,14,16,20,29,31,33,40,41,47],"killed_by":"Time Eater","ascension_level":20}