{"gold_per_floor":[113,113,62,137,61,61,96,96,96,125,137,175,207,230,242,349,361,390,421,358,370,397,409,421,446,458,470,514,281,281,292,292,391,391,401,411,411,411,422,422,422],"floor_reached":41,"playtime":1723,"items_purged":[],"score":552,"play_id":"c43db2af-bc19-4d69-987e-5235b746d95e","local_time":"20180829074536","is_ascension_mode":true,"campfire_choices":[{"data":"Electrodynamics","floor":6.0,"key":"SMITH"},{"data":"Glacier","floor":8.0,"key":"SMITH"},{"floor":11.0,"key":"REST"},{"data":"Dualcast","floor":15.0,"key":"SMITH"},{"floor":23.0,"key":"REST"},{"data":"Electrodynamics","floor":27,"key":"SMITH"},{"data":"Loop","floor":30,"key":"SMITH"},{"data":"Hologram","floor":32,"key":"SMITH"},{"data":"Glacier","floor":40,"key":"SMITH"}],"neow_cost":"NONE","seed_source_timestamp":0,"circlet_count":0,"master_deck":["Defend_B","Defend_B","Defend_B","Defend_B","Zap","Dualcast+1","Electrodynamics+1","Turbo","Ball Lightning","Glacier+1","Leap","Beam Cell","Electrodynamics+1","Capacitor","Chill+1","Bite","Bite","Bite","Bite","Darkness+1","Glacier+1","Streamline+1","Master of Strategy","Loop+1","Hologram+1","Amplify","Barrage+1","Blizzard+1"],"special_seed":0,"relics":["Cracked Core","Dodecahedron","MawBank","Whetstone","Eternal Feather","Ornamental Fan","Letter Opener","Lizard Tail","Calipers"],"potions_floor_usage":[24,25,28,33,39,39,41],"damage_taken":[{"damage":0.0,"enemies":"2 Louse","floor":1.0,"turns":1.0},{"damage":30.0,"enemies":"Lagavulin","floor":7.0,"turns":4.0},{"damage":0.0,"enemies":"Small Slimes","floor":10.0,"turns":1.0},{"damage":1.0,"enemies":"3 Sentries","floor":12.0,"turns":4.0},{"damage":0.0,"enemies":"Cultist","floor":13.0,"turns":2.0},{"damage":3.0,"enemies":"Blue Slaver","floor":14.0,"turns":3.0},{"damage":54.0,"enemies":"The Guardian","floor":16.0,"turns":12.0},{"damage":11.0,"enemies":"Spheric Guardian","floor":18.0,"turns":3.0},{"damage":5.0,"enemies":"3 Byrds","floor":19.0,"turns":4.0},{"damage":44.0,"enemies":"Sentry and Sphere","floor":22.0,"turns":6.0},{"damage":0,"enemies":"Book of Stabbing","floor":24,"turns":1},{"damage":30,"enemies":"Shelled Parasite and Fungi","floor":25,"turns":6},{"damage":19,"enemies":"Slavers","floor":28,"turns":3},{"damage":0,"enemies":"3 Cultists","floor":31,"turns":4},{"damage":74,"enemies":"Collector","floor":33,"turns":11},{"damage":39,"enemies":"Flame Bruiser 1 Orb","floor":35,"turns":7},{"damage":14,"enemies":"3 Darklings","floor":36,"turns":4},{"damage":9,"enemies":"Mind Bloom Boss Battle","floor":38,"turns":8},{"damage":0,"enemies":"Sphere and 2 Shapes","floor":39,"turns":5},{"damage":114,"enemies":"Giant Head","floor":41,"turns":8}],"seed_played":"6994429359717347793","potions_obtained":[{"floor":10.0,"key":"GamblersBrew"},{"floor":12.0,"key":"SmokeBomb"},{"floor":25,"key":"PowerPotion"},{"floor":28,"key":"SpeedPotion"},{"floor":31,"key":"Swift Potion"},{"floor":35,"key":"SteroidPotion"},{"floor":39,"key":"AttackPotion"}],"is_trial":false,"path_per_floor":["M","?","$","?","$","R","E","R","T","M","R","E","M","M","R","B",null,"M","M","?","?","M","R","E","M","T","R","E","$","R","M","R","B",null,"M","M","?","?","M","R"],"character_chosen":"DEFECT","items_purchased":["Ball Lightning","Regen Potion","Master of Strategy","Loop"],"campfire_rested":2,"item_purchase_floors":[3,5,29,29],"current_hp_per_floor":[75,72,72,61,61,61,31,31,31,33,55,56,58,57,57,5,75,64,61,61,61,29,63,63,58,58,70,53,53,68,74,75,11,75,41,33,33,30,32,47,0],"gold":422,"neow_bonus":"ONE_RANDOM_RARE_CARD","is_prod":false,"is_daily":false,"chose_seed":false,"campfire_upgraded":7,"win_rate":0,"timestamp":1535543136,"path_taken":["M","?","$","?","$","R","E","R","T","M","R","E","?","M","R","BOSS","M","M","?","?","M","R","E","M","T","R","E","$","R","?","R","BOSS","M","M","?","?","M","R","E"],"build_version":"2018-08-23v2","purchased_purges":0,"victory":false,"max_hp_per_floor":[75,75,75,75,75,75,75,75,75,75,75,75,75,75,75,75,75,75,75,75,75,75,75,75,75,75,75,75,75,75,75,75,75,75,75,75,75,75,75,75,75],"card_choices":[{"not_picked":["Go for the Eyes","Lockon"],"picked":"Turbo","floor":1.0},{"not_picked":["Machine Learning","Sweeping Beam"],"picked":"Glacier","floor":7.0},{"not_picked":["Sunder","Rip and Tear"],"picked":"Leap","floor":10.0},{"not_picked":["Hello World","Doom and Gloom","Leap"],"picked":"SKIP","floor":12.0},{"not_picked":["Aggregate","Fusion"],"picked":"Beam Cell","floor":13.0},{"not_picked":["Go for the Eyes","Compile Driver","Streamline"],"picked":"SKIP","floor":14.0},{"not_picked":["Multi-Cast","All For One"],"picked":"Electrodynamics","floor":16.0},{"not_picked":["Turbo","Reinforced Body"],"picked":"Capacitor","floor":18.0},{"not_picked":["Compile Driver+1","Hologram"],"picked":"Chill+1","floor":19.0},{"not_picked":["Skim","Coolheaded"],"picked":"Darkness+1","floor":22.0},{"not_picked":["Go for the Eyes","Static Discharge"],"picked":"Glacier","floor":25},{"not_picked":["Go for the Eyes","Beam Cell"],"picked":"Streamline+1","floor":28},{"not_picked":["Genetic Algorithm","Heatsinks+1"],"picked":"Hologram","floor":31},{"not_picked":["Creative AI","All For One"],"picked":"Amplify","floor":33},{"not_picked":["Loop","Lockon+1","Turbo"],"picked":"SKIP","floor":35},{"not_picked":["Coolheaded","Rebound"],"picked":"Barrage+1","floor":36},{"not_picked":["Go for the Eyes","Tempest"],"picked":"Blizzard+1","floor":39}],"player_experience":480158,"relics_obtained":[{"floor":7.0,"key":"Blood Vial"},{"floor":9.0,"key":"MawBank"},{"floor":12.0,"key":"Whetstone"},{"floor":26,"key":"Ornamental Fan"},{"floor":28,"key":"Letter Opener"},{"floor":38,"key":"Calipers"}],"event_choices":[{"event_name":"Scrap Ooze","player_choice":"success","floor":2.0,"damage_taken":3.0},{"event_name":"World of Goop","player_choice":"Gather Gold","floor":4.0,"damage_taken":0.0},{"event_name":"Beggar","player_choice":"Gave Gold","floor":20.0,"damage_taken":0.0},{"event_name":"Vampires","player_choice":"Became a vampire (Vial)","floor":21.0,"damage_taken":0.0},{"event_name":"Bonfire Elementals","player_choice":"SPECIAL","floor":37,"damage_taken":0},{"event_name":"MindBloom","player_choice":"Fight","floor":38,"damage_taken":0}],"is_beta":false,"boss_relics":[{"not_picked":["Philosopher\u0027s Stone","Coffee Dripper"],"picked":"Eternal Feather"},{"not_picked":["Cursed Key","Black Star"],"picked":"Lizard Tail"}],"items_purged_floors":[],"is_endless":false,"potions_floor_spawned":[10,12,14,25,28,31,35,39],"killed_by":"Giant Head","ascension_level":4}