{"gold_per_floor":[117,117,137,137,154,154,183,28,28,28,28,28,45,62,62,62],"floor_reached":16,"playtime":317,"items_purged":["Strike_R"],"score":180,"play_id":"045a635d-e2e1-48cd-93f8-b2904f4b9fcf","local_time":"20190506091748","is_ascension_mode":true,"campfire_choices":[{"data":"Sword Boomerang","floor":6,"key":"SMITH"},{"data":"Limit Break","floor":10,"key":"SMITH"},{"data":"Sword Boomerang","floor":15,"key":"SMITH"}],"neow_cost":"NONE","seed_source_timestamp":87076746908100,"circlet_count":0,"master_deck":["AscendersBane","Strike_R","Strike_R","Defend_R","Defend_R","Defend_R+1","Bash","Sword Boomerang+1","Iron Wave","Sword Boomerang+1","Limit Break+1","Shockwave"],"relics":["Burning Blood","NeowsBlessing","Paper Frog","War Paint","Orichalcum"],"potions_floor_usage":[7,16],"damage_taken":[{"damage":0,"enemies":"Cultist","floor":1,"turns":1},{"damage":0,"enemies":"Jaw Worm","floor":3,"turns":1},{"damage":0,"enemies":"Small Slimes","floor":5,"turns":2},{"damage":28,"enemies":"Lagavulin","floor":7,"turns":5},{"damage":6,"enemies":"2 Fungi Beasts","floor":13,"turns":3},{"damage":8,"enemies":"Gremlin Gang","floor":14,"turns":7},{"damage":51,"enemies":"Hexaghost","floor":16,"turns":9}],"seed_played":"4052638942873302150","potions_obtained":[{"floor":5,"key":"Strength Potion"},{"floor":13,"key":"Block Potion"}],"is_trial":false,"path_per_floor":["M","?","M","?","M","R","E","$","T","R","?","?","M","M","R","B"],"character_chosen":"IRONCLAD","items_purchased":["Limit Break"],"campfire_rested":0,"item_purchase_floors":[8],"current_hp_per_floor":[74,74,75,75,75,75,53,53,53,53,53,53,53,51,51,0],"gold":62,"neow_bonus":"THREE_ENEMY_KILL","is_prod":false,"is_daily":false,"chose_seed":false,"campfire_upgraded":3,"win_rate":0,"timestamp":1557105468,"path_taken":["M","?","?","?","?","R","E","$","T","R","?","?","M","M","R","BOSS"],"build_version":"2019-01-23","purchased_purges":1,"victory":false,"max_hp_per_floor":[75,75,75,75,75,75,75,75,75,75,75,75,75,75,75,75],"card_choices":[{"not_picked":["Havoc","Power Through"],"picked":"True Grit","floor":1},{"not_picked":["Perfected Strike","Carnage"],"picked":"Sword Boomerang","floor":3},{"not_picked":["Disarm","Fire Breathing"],"picked":"Sword Boomerang","floor":5},{"not_picked":["Headbutt","Sword Boomerang","Second Wind"],"picked":"SKIP","floor":7},{"not_picked":["Impervious","Heavy Blade"],"picked":"Shockwave","floor":13},{"not_picked":["Shrug It Off","Shockwave","Clash"],"picked":"SKIP","floor":14}],"player_experience":574468,"relics_obtained":[{"floor":7,"key":"Paper Frog"},{"floor":9,"key":"War Paint"}],"event_choices":[{"cards_removed":["Strike_R"],"damage_healed":0,"gold_gain":0,"player_choice":"Offered Basic","damage_taken":0,"max_hp_gain":0,"max_hp_loss":0,"event_name":"Bonfire Elementals","floor":2,"gold_loss":0},{"damage_healed":0,"gold_gain":0,"cards_transformed":["Strike_R"],"player_choice":"Transformed","damage_taken":0,"max_hp_gain":0,"max_hp_loss":0,"event_name":"Transmorgrifier","floor":4,"gold_loss":0,"cards_obtained":["Iron Wave"]},{"cards_removed":["Defend_R"],"damage_healed":0,"gold_gain":0,"player_choice":"Forget","damage_taken":0,"max_hp_gain":0,"max_hp_loss":0,"event_name":"Living Wall","floor":11,"gold_loss":0},{"cards_removed":["True Grit"],"damage_healed":0,"gold_gain":0,"player_choice":"Gave Card","damage_taken":0,"relics_obtained":["Orichalcum"],"max_hp_gain":0,"max_hp_loss":0,"event_name":"WeMeetAgain","floor":12,"gold_loss":0}],"is_beta":false,"boss_relics":[],"items_purged_floors":[8],"is_endless":false,"potions_floor_spawned":[5,13],"killed_by":"Hexaghost","ascension_level":16}