{"gold_per_floor":[112,262,337,120,134,134,168,168,248,279,299,325,325,325,325,325],"floor_reached":16,"playtime":294,"items_purged":["Doubt"],"score":282,"play_id":"5e51e4d8-51d3-4132-9ab5-a1477c717a1d","local_time":"20190205151617","is_ascension_mode":true,"campfire_choices":[{"data":"Night Terror","floor":6.0,"key":"SMITH"},{"data":"Blade Dance","floor":8.0,"key":"SMITH"},{"floor":13.0,"key":"REST"},{"data":"Crippling Poison","floor":15.0,"key":"SMITH"}],"neow_cost":"NONE","seed_source_timestamp":0,"circlet_count":0,"master_deck":["AscendersBane","Defend_G","Defend_G","Defend_G","Defend_G","Defend_G","Strike_G","Strike_G","Strike_G","Strike_G","Strike_G","Survivor","Neutralize","Crippling Poison+1","Night Terror+1","Slice","Endless Agony","Blade Dance+1","Backstab"],"special_seed":0,"relics":["Ring of the Snake","NeowsBlessing","Bag of Preparation","Singing Bowl","Du-Vu Doll","Juzu Bracelet"],"potions_floor_usage":[16],"damage_taken":[{"damage":0.0,"enemies":"Small Slimes","floor":1.0,"turns":1.0},{"damage":0.0,"enemies":"2 Louse","floor":5.0,"turns":1.0},{"damage":0.0,"enemies":"Lagavulin","floor":7.0,"turns":1.0},{"damage":35.0,"enemies":"Gremlin Nob","floor":10.0,"turns":4.0},{"damage":0.0,"enemies":"Cultist","floor":11.0,"turns":2.0},{"damage":10.0,"enemies":"Lagavulin","floor":12.0,"turns":3.0},{"damage":56,"enemies":"Slime Boss","floor":16,"turns":8}],"seed_played":"4577672837003339091","potions_obtained":[{"floor":10.0,"key":"FearPotion"},{"floor":11.0,"key":"Fire Potion"},{"floor":12.0,"key":"Fire Potion"}],"is_trial":false,"path_per_floor":["M","?","?","$","M","R","E","R","T","E","M","E","R","?","R","B"],"character_chosen":"THE_SILENT","items_purchased":["Night Terror","Slice"],"campfire_rested":1,"item_purchase_floors":[4,4],"current_hp_per_floor":[59,59,48,48,48,48,48,48,48,13,15,7,28,51,51,0],"gold":325,"neow_bonus":"THREE_ENEMY_KILL","is_prod":false,"is_daily":false,"chose_seed":false,"campfire_upgraded":3,"win_rate":0,"timestamp":1549397777,"path_taken":["M","?","?","$","M","R","E","R","T","E","M","E","R","?","R","BOSS"],"build_version":"2019-01-23","purchased_purges":1,"victory":false,"max_hp_per_floor":[66,66,66,66,66,66,66,66,66,66,68,70,70,70,70,70],"card_choices":[{"not_picked":["Poisoned Stab","Infinite Blades"],"picked":"Crippling Poison","floor":1.0},{"not_picked":["Sucker Punch","Quick Slash"],"picked":"Endless Agony","floor":5.0},{"not_picked":["Prepared","Poisoned Stab"],"picked":"Blade Dance","floor":7.0},{"not_picked":["Dodge and Roll","Heel Hook"],"picked":"Backstab","floor":10.0},{"not_picked":["Deflect","Poisoned Stab","Dagger Spray"],"picked":"Singing Bowl","floor":11.0},{"not_picked":["PiercingWail","Predator","Acrobatics"],"picked":"Singing Bowl","floor":12.0}],"player_experience":821211,"relics_obtained":[{"floor":7.0,"key":"Bag of Preparation"},{"floor":9.0,"key":"Singing Bowl"},{"floor":10.0,"key":"Du-Vu Doll"},{"floor":12.0,"key":"Juzu Bracelet"}],"event_choices":[{"damage_healed":0.0,"max_hp_gain":0.0,"max_hp_loss":0.0,"gold_gain":150.0,"event_name":"Liars Game","player_choice":"AGREE","floor":2.0,"gold_loss":0.0,"damage_taken":0.0,"cards_obtained":["Doubt"]},{"damage_healed":0.0,"max_hp_gain":0.0,"max_hp_loss":0.0,"gold_gain":75.0,"event_name":"World of Goop","player_choice":"Gather Gold","floor":3.0,"gold_loss":0.0,"damage_taken":11.0},{"damage_healed":23.0,"max_hp_gain":0.0,"max_hp_loss":0.0,"gold_gain":0.0,"event_name":"Big Fish","player_choice":"Banana","floor":14.0,"gold_loss":0.0,"damage_taken":0.0}],"is_beta":false,"boss_relics":[],"items_purged_floors":[4],"is_endless":false,"potions_floor_spawned":[10,11,12],"killed_by":"Slime Boss","ascension_level":20}