{"gold_per_floor":[365,365,379,379,187,204,219,254,309,309,309],"floor_reached":11,"playtime":235,"items_purged":[],"score":77,"play_id":"43a24fa8-a714-43c5-a03f-e697c804d137","local_time":"20180917010834","is_ascension_mode":true,"campfire_choices":[{"data":"Apotheosis","floor":10,"key":"SMITH"}],"neow_cost":"CURSE","seed_source_timestamp":199743601758084,"circlet_count":0,"master_deck":["Strike_B","Strike_B","Strike_B","Strike_B","Defend_B","Defend_B","Defend_B","Defend_B","Zap","Dualcast","Parasite","Conserve Battery","Biased Cognition","Apotheosis+1","BootSequence","Leap","Echo Form"],"relics":["Cracked Core","Ancient Tea Set","Darkstone Periapt","Ice Cream","Blood Vial"],"potions_floor_usage":[7],"damage_taken":[{"damage":0,"enemies":"2 Louse","floor":1,"turns":2},{"damage":0,"enemies":"Jaw Worm","floor":3,"turns":3},{"damage":0,"enemies":"Cultist","floor":6,"turns":3},{"damage":13,"enemies":"Exordium Thugs","floor":7,"turns":5},{"damage":10,"enemies":"Lagavulin","floor":8,"turns":7},{"damage":47,"enemies":"Gremlin Nob","floor":11,"turns":4}],"seed_played":"6220166825441133759","potions_obtained":[{"floor":3,"key":"FocusPotion"},{"floor":6,"key":"Weak Potion"}],"is_trial":false,"path_per_floor":["M","?","M","T","$","M","M","E","T","R"],"character_chosen":"DEFECT","items_purchased":["Apotheosis"],"campfire_rested":0,"item_purchase_floors":[5],"current_hp_per_floor":[75,68,68,68,68,68,55,45,45,45,0],"gold":309,"neow_bonus":"TWO_FIFTY_GOLD","is_prod":false,"is_daily":false,"chose_seed":false,"campfire_upgraded":1,"win_rate":0,"timestamp":1537139314,"path_taken":["M","?","?","?","$","M","M","E","T","R","E"],"build_version":"2018-09-12","purchased_purges":0,"victory":false,"max_hp_per_floor":[75,75,75,75,75,75,75,75,75,75,75],"card_choices":[{"not_picked":["Steam","Rebound"],"picked":"Conserve Battery","floor":1},{"not_picked":["Conserve Battery","Ball Lightning"],"picked":"Biased Cognition","floor":3},{"not_picked":["Capacitor","Chill"],"picked":"BootSequence","floor":6},{"not_picked":["Ball Lightning","Storm"],"picked":"Leap","floor":7},{"not_picked":["Turbo","Coolheaded"],"picked":"Echo Form","floor":8}],"player_experience":95598,"relics_obtained":[{"floor":4,"key":"Darkstone Periapt"},{"floor":8,"key":"Ice Cream"},{"floor":9,"key":"Blood Vial"}],"event_choices":[{"event_name":"Scrap Ooze","player_choice":"success","floor":2,"damage_taken":7}],"is_beta":true,"boss_relics":[],"items_purged_floors":[],"is_endless":false,"potions_floor_spawned":[3,6],"killed_by":"Gremlin Nob","ascension_level":1}