{"gold_per_floor":[116,116,128,138,157,157,176,194,220,233,233,264,264,45,45,122,122,142,159,259,278,14,14,14,14,71,86,115,65,79,97,97,175,175,194,194,194,214,233,233,107,121,121,196,146,46,75,0,0,0],"floor_reached":51,"playtime":3261,"items_purged":["Strike_R","Regret","Strike_R+1","Strike_R+1","Defend_R+1"],"score":1096,"play_id":"0e7b63f1-1cfb-4609-ae84-8b5f162645ce","local_time":"20190429225056","is_ascension_mode":true,"campfire_choices":[{"data":"True Grit","floor":6.0,"key":"SMITH"},{"data":"Hemokinesis","floor":13.0,"key":"SMITH"},{"data":"Heavy Blade","floor":15.0,"key":"SMITH"},{"data":"Whirlwind","floor":23.0,"key":"SMITH"},{"data":"Dual Wield","floor":25.0,"key":"SMITH"},{"floor":32.0,"key":"REST"},{"data":"Pommel Strike","floor":40.0,"key":"SMITH"},{"floor":49.0,"key":"REST"}],"neow_cost":"NONE","seed_source_timestamp":121471800644200,"circlet_count":0,"master_deck":["AscendersBane","Strike_R+1","Strike_R+1","Defend_R+1","Defend_R+1","Defend_R+1","Bash","Metallicize","Battle Trance","Heavy Blade+1","Rupture","True Grit+1","Hemokinesis+1","Flame Barrier","Rupture","Fiend Fire","Shockwave","Whirlwind+1","Pommel Strike+1","Pommel Strike+1","Dual Wield+1","Metallicize+1","Barricade+1","Metallicize+1","Offering","Mind Blast","Burning Pact","Blood for Blood","Demon Form+1","Shrug It Off"],"special_seed":0,"relics":["Black Blood","Anchor","Oddly Smooth Stone","Red Skull","Juzu Bracelet","Lantern","Snecko Eye","Unceasing Top","Frozen Egg 2","Bag of Preparation","Tiny Chest","Smiling Mask","Regal Pillow","Champion Belt","Red Mask"],"potions_floor_usage":[],"damage_taken":[{"damage":4.0,"enemies":"Jaw Worm","floor":1.0,"turns":6.0},{"damage":6.0,"enemies":"2 Louse","floor":3.0,"turns":4.0},{"damage":0.0,"enemies":"Small Slimes","floor":4.0,"turns":3.0},{"damage":12.0,"enemies":"Exordium Wildlife","floor":5.0,"turns":5.0},{"damage":10.0,"enemies":"2 Fungi Beasts","floor":7.0,"turns":3.0},{"damage":14.0,"enemies":"3 Louse","floor":8.0,"turns":3.0},{"damage":11.0,"enemies":"Red Slaver","floor":10.0,"turns":5.0},{"damage":33.0,"enemies":"Lagavulin","floor":12.0,"turns":7.0},{"damage":18.0,"enemies":"Hexaghost","floor":16.0,"turns":8.0},{"damage":18.0,"enemies":"2 Thieves","floor":18.0,"turns":4.0},{"damage":11.0,"enemies":"3 Byrds","floor":19.0,"turns":4.0},{"damage":5.0,"enemies":"Colosseum Slavers","floor":20.0,"turns":4.0},{"damage":21.0,"enemies":"Colosseum Nobs","floor":20.0,"turns":4.0},{"damage":5.0,"enemies":"Cultist and Chosen","floor":21.0,"turns":3.0},{"damage":2.0,"enemies":"Shelled Parasite and Fungi","floor":27.0,"turns":2.0},{"damage":16.0,"enemies":"Slavers","floor":28.0,"turns":3.0},{"damage":0.0,"enemies":"Snecko","floor":30.0,"turns":3.0},{"damage":4.0,"enemies":"Chosen and Byrds","floor":31.0,"turns":5.0},{"damage":28.0,"enemies":"Champ","floor":33.0,"turns":11.0},{"damage":44.0,"enemies":"3 Shapes","floor":35.0,"turns":1.0},{"damage":2.0,"enemies":"Orb Walker","floor":38.0,"turns":2.0},{"damage":6.0,"enemies":"Spire Growth","floor":39.0,"turns":2.0},{"damage":8.0,"enemies":"3 Darklings","floor":42.0,"turns":4.0},{"damage":35.0,"enemies":"Reptomancer","floor":47.0,"turns":6.0},{"damage":55,"enemies":"Donu and Deca","floor":50,"turns":7}],"seed_played":"-4277760556234928872","potions_obtained":[{"floor":1.0,"key":"SpeedPotion"},{"floor":3.0,"key":"Explosive Potion"},{"floor":7.0,"key":"Ancient Potion"},{"floor":8.0,"key":"Block Potion"},{"floor":12.0,"key":"Explosive Potion"},{"floor":21.0,"key":"Strength Potion"},{"floor":27.0,"key":"Regen Potion"},{"floor":28.0,"key":"SteroidPotion"},{"floor":30.0,"key":"FearPotion"},{"floor":37.0,"key":"Dexterity Potion"},{"floor":38.0,"key":"Ancient Potion"}],"is_trial":false,"path_per_floor":["M","?","M","M","M","R","M","M","T","M","?","E","R","$","R","B",null,"M","M","?","M","$","R","?","R","T","M","E","$","M","M","R","B",null,"M","?","?","M","M","R","$","M","T","?","$","$","E","?","R","B",null],"character_chosen":"IRONCLAD","items_purchased":["Lantern","Dual Wield","Metallicize+1","Bag of Preparation","Blood for Blood","Shrug It Off"],"campfire_rested":2,"item_purchase_floors":[14,22,22,22,41,46],"current_hp_per_floor":[74,74,74,80,74,74,70,62,62,57,57,30,30,30,30,18,65,53,48,34,35,35,35,35,35,35,39,38,38,44,46,70,48,72,38,38,38,46,50,50,50,52,52,44,44,44,19,19,58,13],"gold":0,"neow_bonus":"THREE_CARDS","is_prod":false,"is_daily":false,"chose_seed":false,"campfire_upgraded":6,"win_rate":0,"timestamp":1556549456,"path_taken":["M","?","M","M","M","R","M","M","T","M","?","E","R","$","R","BOSS","M","M","?","M","$","R","?","R","T","M","E","$","M","M","R","BOSS","M","?","?","M","M","R","$","M","T","?","?","$","E","?","R","BOSS"],"build_version":"2019-01-23","purchased_purges":5,"victory":true,"max_hp_per_floor":[80,80,80,80,80,80,80,80,80,80,80,80,80,80,80,80,80,80,80,80,80,80,80,80,80,80,80,80,80,80,80,80,80,80,80,80,80,80,80,80,80,80,80,80,80,80,80,80,80,80],"card_choices":[{"not_picked":["True Grit","Infernal Blade"],"picked":"Metallicize","floor":0.0},{"not_picked":["Reckless Charge","Disarm"],"picked":"Battle Trance","floor":1.0},{"not_picked":["Wild Strike","Shrug It Off"],"picked":"Heavy Blade","floor":3.0},{"not_picked":["Cleave","Feel No Pain"],"picked":"Rupture","floor":4.0},{"not_picked":["Inflame","Perfected Strike"],"picked":"True Grit","floor":5.0},{"not_picked":["Infernal Blade","Seeing Red"],"picked":"Hemokinesis","floor":7.0},{"not_picked":["Flex","Seeing Red","True Grit"],"picked":"SKIP","floor":8.0},{"not_picked":["Flex","Seeing Red","True Grit"],"picked":"SKIP","floor":8.0},{"not_picked":["Dual Wield","Iron Wave"],"picked":"Flame Barrier","floor":10.0},{"not_picked":["Flex","Shrug It Off"],"picked":"Rupture","floor":12.0},{"not_picked":["Bludgeon","Dark Embrace"],"picked":"Fiend Fire","floor":16.0},{"not_picked":["Anger","Bloodletting"],"picked":"Shockwave","floor":18.0},{"not_picked":["Corruption","Feel No Pain"],"picked":"Whirlwind","floor":19.0},{"not_picked":["Havoc","Seeing Red"],"picked":"Pommel Strike+1","floor":20.0},{"not_picked":["Perfected Strike","Spot Weakness"],"picked":"Pommel Strike","floor":21.0},{"not_picked":["Dual Wield","Burning Pact"],"picked":"Barricade+1","floor":27.0},{"not_picked":["Armaments","Thunderclap","Perfected Strike"],"picked":"SKIP","floor":28.0},{"not_picked":["Fire Breathing+1","Body Slam"],"picked":"Metallicize+1","floor":30.0},{"not_picked":["Spot Weakness","Body Slam","Searing Blow"],"picked":"SKIP","floor":31.0},{"not_picked":["Fiend Fire","Barricade+1"],"picked":"Offering","floor":33.0},{"not_picked":["Heavy Blade","Havoc","Warcry"],"picked":"SKIP","floor":35.0},{"not_picked":["Finesse","Thinking Ahead"],"picked":"Mind Blast","floor":36.0},{"not_picked":["Sever Soul","Perfected Strike"],"picked":"Burning Pact","floor":38.0},{"not_picked":["Thunderclap+1","Heavy Blade","Pommel Strike"],"picked":"SKIP","floor":39.0},{"not_picked":["Thunderclap+1","Heavy Blade","Pommel Strike"],"picked":"SKIP","floor":39.0},{"not_picked":["Clash","Sword Boomerang"],"picked":"Demon Form+1","floor":42.0},{"not_picked":["Feel No Pain+1","Anger","Warcry"],"picked":"SKIP","floor":47.0}],"player_experience":553142,"relics_obtained":[{"floor":9.0,"key":"Oddly Smooth Stone"},{"floor":12.0,"key":"Juzu Bracelet"},{"floor":20.0,"key":"Unceasing Top"},{"floor":20.0,"key":"Frozen Egg 2"},{"floor":26.0,"key":"Tiny Chest"},{"floor":28.0,"key":"Smiling Mask"},{"floor":43.0,"key":"Regal Pillow"},{"floor":47.0,"key":"Champion Belt"}],"event_choices":[{"damage_healed":0.0,"max_hp_gain":0.0,"max_hp_loss":0.0,"gold_gain":0.0,"event_name":"Big Fish","player_choice":"Box","floor":2.0,"gold_loss":0.0,"damage_taken":0.0,"relics_obtained":["Anchor"],"cards_obtained":["Regret"]},{"damage_healed":0.0,"max_hp_gain":0.0,"max_hp_loss":0.0,"gold_gain":0.0,"event_name":"Dead Adventurer","player_choice":"Searched \u00271\u0027 times","floor":11.0,"gold_loss":0.0,"damage_taken":0.0,"relics_obtained":["Red Skull"]},{"damage_healed":0.0,"max_hp_gain":0.0,"max_hp_loss":0.0,"gold_gain":0.0,"event_name":"Colosseum","player_choice":"Fight","floor":20.0,"gold_loss":0.0,"damage_taken":0.0},{"damage_healed":0.0,"max_hp_gain":0.0,"max_hp_loss":0.0,"gold_gain":0.0,"event_name":"Colosseum","player_choice":"Fought Nobs","floor":20.0,"gold_loss":0.0,"damage_taken":0.0},{"damage_healed":0.0,"max_hp_gain":0.0,"max_hp_loss":0.0,"gold_gain":0.0,"event_name":"Back to Basics","player_choice":"Simplicity","floor":24.0,"gold_loss":0.0,"damage_taken":0.0,"cards_upgraded":["Strike_R","Strike_R","Strike_R","Strike_R","Defend_R","Defend_R","Defend_R","Defend_R"]},{"damage_healed":0.0,"max_hp_gain":0.0,"max_hp_loss":0.0,"gold_gain":0.0,"event_name":"SensoryStone","player_choice":"Memory 1","floor":36.0,"gold_loss":0.0,"damage_taken":0.0},{"damage_healed":0.0,"max_hp_gain":0.0,"max_hp_loss":0.0,"gold_gain":0.0,"event_name":"Lab","player_choice":"Got Potions","floor":37.0,"gold_loss":0.0,"damage_taken":0.0},{"damage_healed":0.0,"max_hp_gain":0.0,"max_hp_loss":0.0,"gold_gain":75.0,"event_name":"FaceTrader","player_choice":"Touch","floor":44.0,"gold_loss":0.0,"damage_taken":8.0},{"damage_healed":0.0,"max_hp_gain":0.0,"max_hp_loss":0.0,"gold_gain":0.0,"event_name":"Tomb of Lord Red Mask","player_choice":"Paid","floor":48.0,"gold_loss":75.0,"damage_taken":0.0,"relics_obtained":["Red Mask"]}],"is_beta":false,"boss_relics":[{"not_picked":["Tiny House","Coffee Dripper"],"picked":"Snecko Eye"},{"not_picked":["Runic Pyramid","Calling Bell"],"picked":"Black Blood"}],"items_purged_floors":[14,29,41,45,46],"is_endless":false,"potions_floor_spawned":[1,3,7,8,12,20,21,27,28,30,38],"ascension_level":13}