{"gold_per_floor":[112,187,206,206,223,223,239,258,258,273,273,291,311,50,50,146,146,158,257,270,42,42],"floor_reached":22,"playtime":612,"items_purged":["Strike_R","Strike_R"],"score":180,"play_id":"4979aba8-34dc-4bd3-ae33-c6df8eeda004","local_time":"20190309080309","is_ascension_mode":false,"campfire_choices":[{"data":"Spot Weakness","floor":6.0,"key":"SMITH"},{"floor":11.0,"key":"REST"},{"data":"Limit Break","floor":15,"key":"SMITH"}],"neow_cost":"NONE","seed_source_timestamp":0,"circlet_count":0,"master_deck":["Strike_R","Strike_R","Strike_R","Defend_R","Defend_R","Defend_R","Defend_R","Bash","Spot Weakness+1","Flex","Whirlwind","Limit Break+1","Thinking Ahead","Immolate","Clash+1","Good Instincts","Flex"],"special_seed":0,"relics":["Eternal Feather"],"potions_floor_usage":[16,16,20],"damage_taken":[{"damage":7.0,"enemies":"Small Slimes","floor":1.0,"turns":4.0},{"damage":2.0,"enemies":"2 Louse","floor":3.0,"turns":4.0},{"damage":6.0,"enemies":"Cultist","floor":5.0,"turns":4.0},{"damage":8.0,"enemies":"Lots of Slimes","floor":7.0,"turns":5.0},{"damage":9.0,"enemies":"Blue Slaver","floor":8.0,"turns":3.0},{"damage":16.0,"enemies":"Large Slime","floor":10.0,"turns":6.0},{"damage":11.0,"enemies":"2 Fungi Beasts","floor":12.0,"turns":4.0},{"damage":15,"enemies":"Looter","floor":13,"turns":3},{"damage":31,"enemies":"Hexaghost","floor":16,"turns":6},{"damage":36,"enemies":"Shell Parasite","floor":18,"turns":5},{"damage":25,"enemies":"Spheric Guardian","floor":20,"turns":4},{"damage":25,"enemies":"Centurion and Healer","floor":22,"turns":3}],"seed_played":"5706109746695878467","potions_obtained":[{"floor":1.0,"key":"LiquidBronze"},{"floor":5.0,"key":"SkillPotion"},{"floor":8.0,"key":"Dexterity Potion"},{"floor":18,"key":"Energy Potion"}],"is_trial":false,"path_per_floor":["M","?","M","$","M","R","M","M","T","M","R","M","M","$","R","B",null,"M","?","M","$","M"],"character_chosen":"IRONCLAD","items_purchased":["Thinking Ahead","Good Instincts","Flex"],"campfire_rested":1,"item_purchase_floors":[14,21,21],"current_hp_per_floor":[73,62,60,60,54,60,52,43,43,27,57,46,31,31,37,6,80,44,44,19,19,0],"gold":42,"neow_bonus":"BOSS_RELIC","is_prod":false,"is_daily":false,"chose_seed":false,"campfire_upgraded":2,"win_rate":0,"timestamp":1552136589,"path_taken":["M","?","M","$","M","R","M","M","T","M","R","M","M","$","R","BOSS","M","?","M","$","M"],"build_version":"2019-01-23","purchased_purges":2,"victory":false,"max_hp_per_floor":[80,80,80,80,80,80,80,80,80,80,80,80,80,80,80,80,80,80,80,80,80,80],"card_choices":[{"not_picked":["Power Through","Dual Wield","Perfected Strike"],"picked":"SKIP","floor":1.0},{"not_picked":["Intimidate","Body Slam"],"picked":"Spot Weakness","floor":3.0},{"not_picked":["Sword Boomerang","Twin Strike","Shrug It Off"],"picked":"SKIP","floor":5.0},{"not_picked":["True Grit","Clash","Sentinel"],"picked":"SKIP","floor":7.0},{"not_picked":["Feel No Pain","Clothesline"],"picked":"Flex","floor":8.0},{"not_picked":["Wild Strike","Power Through","Clash"],"picked":"SKIP","floor":10.0},{"not_picked":["Flex","Perfected Strike"],"picked":"Whirlwind","floor":12.0},{"not_picked":["Sword Boomerang","Cleave"],"picked":"Limit Break","floor":13},{"not_picked":["Brutality","Juggernaut"],"picked":"Immolate","floor":16},{"not_picked":["Carnage","Perfected Strike+1"],"picked":"Clash+1","floor":18},{"not_picked":["Pommel Strike","True Grit","Wild Strike+1"],"picked":"SKIP","floor":20}],"player_experience":858935,"relics_obtained":[],"event_choices":[{"damage_healed":0.0,"max_hp_gain":0.0,"max_hp_loss":0.0,"gold_gain":75.0,"event_name":"World of Goop","player_choice":"Gather Gold","floor":2.0,"gold_loss":0.0,"damage_taken":11.0},{"damage_healed":0,"gold_gain":99,"player_choice":"Stole From Cult","damage_taken":0,"max_hp_gain":0,"max_hp_loss":0,"event_name":"Nest","floor":19,"gold_loss":0}],"is_beta":false,"boss_relics":[{"not_picked":["Astrolabe","Orrery","Philosopher\u0027s Stone"]}],"items_purged_floors":[14,21],"is_endless":false,"potions_floor_spawned":[1,5,8,18],"killed_by":"Centurion and Healer","ascension_level":0}