{"gold_per_floor":[111,5,5,80,80,107,107,136,136,153,153,179,199,219,219,219],"floor_reached":16,"playtime":484,"items_purged":[],"score":279,"play_id":"fe04021e-210f-4686-9f79-17f1cdd39008","local_time":"20181120154513","is_ascension_mode":true,"campfire_choices":[{"floor":7,"key":"REST"},{"data":"Glass Knife","floor":11,"key":"SMITH"},{"floor":15,"key":"REST"}],"neow_cost":"NONE","seed_source_timestamp":353171041600367,"circlet_count":0,"master_deck":["AscendersBane","Defend_G","Defend_G","Defend_G","Defend_G","Defend_G","Strike_G","Strike_G","Strike_G","Strike_G","Strike_G","Survivor","Neutralize","Glass Knife+1","Finisher","Dramatic Entrance","Distraction","Tools of the Trade","Blade Dance","Bouncing Flask"],"relics":["Ring of the Snake","Gremlin Horn","Regal Pillow","Paper Crane","Bag of Preparation","Omamori"],"potions_floor_usage":[6,8,12],"damage_taken":[{"damage":0,"enemies":"2 Louse","floor":1,"turns":2},{"damage":25,"enemies":"Gremlin Nob","floor":6,"turns":4},{"damage":0,"enemies":"3 Sentries","floor":8,"turns":2},{"damage":0,"enemies":"Small Slimes","floor":10,"turns":1},{"damage":32,"enemies":"Lagavulin","floor":12,"turns":4},{"damage":0,"enemies":"Jaw Worm","floor":13,"turns":2},{"damage":7,"enemies":"Gremlin Gang","floor":14,"turns":6},{"damage":54,"enemies":"Hexaghost","floor":16,"turns":12}],"seed_played":"4008320534581191336","potions_obtained":[{"floor":1,"key":"PowerPotion"},{"floor":6,"key":"Explosive Potion"},{"floor":10,"key":"SkillPotion"}],"is_trial":false,"path_per_floor":["M","$","?","?","T","E","R","E","T","M","R","E","M","M","R","B"],"character_chosen":"THE_SILENT","items_purchased":["Dramatic Entrance"],"campfire_rested":2,"item_purchase_floors":[2],"current_hp_per_floor":[59,59,59,48,48,23,57,57,57,57,57,25,25,18,52,0],"gold":219,"neow_bonus":"ONE_RANDOM_RARE_CARD","is_prod":false,"is_daily":false,"chose_seed":false,"campfire_upgraded":1,"win_rate":0,"timestamp":1542746713,"path_taken":["M","$","?","?","?","E","R","E","T","M","R","E","?","M","R","BOSS"],"build_version":"2018-11-15","purchased_purges":0,"victory":false,"max_hp_per_floor":[66,66,66,66,66,66,66,66,66,66,66,66,66,66,66,66],"card_choices":[{"not_picked":["Dagger Spray","Catalyst"],"picked":"Finisher","floor":1},{"not_picked":["Catalyst","Outmaneuver"],"picked":"Distraction","floor":6},{"not_picked":["Flechettes","Underhanded Strike"],"picked":"Tools of the Trade","floor":8},{"not_picked":["Acrobatics","Cloak And Dagger"],"picked":"Blade Dance","floor":10},{"not_picked":["Tactician","Cloak And Dagger"],"picked":"Bouncing Flask","floor":12},{"not_picked":["Dagger Throw","Flying Knee","Poisoned Stab"],"picked":"SKIP","floor":13},{"not_picked":["All Out Attack","Reflex","Flechettes"],"picked":"SKIP","floor":14}],"player_experience":754048,"relics_obtained":[{"floor":5,"key":"Gremlin Horn"},{"floor":6,"key":"Regal Pillow"},{"floor":8,"key":"Paper Crane"},{"floor":9,"key":"Bag of Preparation"},{"floor":12,"key":"Omamori"}],"event_choices":[{"damage_healed":0,"gold_gain":0,"player_choice":"Ignored","damage_taken":0,"max_hp_gain":0,"max_hp_loss":0,"event_name":"Shining Light","floor":3,"gold_loss":0},{"damage_healed":0,"gold_gain":75,"player_choice":"Gather Gold","damage_taken":11,"max_hp_gain":0,"max_hp_loss":0,"event_name":"World of Goop","floor":4,"gold_loss":0}],"is_beta":false,"boss_relics":[],"items_purged_floors":[],"is_endless":false,"potions_floor_spawned":[1,6,10],"killed_by":"Hexaghost","ascension_level":19}