{"gold_per_floor":[119,44,44,60,80,80,108,127,127,127,145,175,175,194,194,271,271,287,70,70,70,120,120,138,138,162,162,195,195,208,218,218,294,294,308,31,49,149,149,149,179,191,241,14,26,26,42,0,0,0,0,0,0,0,32,32],"floor_reached":56,"playtime":2337,"items_purged":[],"score":1935,"play_id":"609ddf15-76ca-497c-b70b-28072861d42e","local_time":"20190425215958","is_ascension_mode":true,"campfire_choices":[{"data":"Zap","floor":6.0,"key":"SMITH"},{"data":"Dualcast","floor":10.0,"key":"SMITH"},{"data":"Coolheaded","floor":15.0,"key":"SMITH"},{"floor":23.0,"key":"REST"},{"data":"Turbo","floor":25.0,"key":"SMITH"},{"floor":27.0,"key":"REST"},{"floor":29.0,"key":"REST"},{"floor":32.0,"key":"REST"},{"data":"Capacitor","floor":40.0,"key":"SMITH"},{"data":"Electrodynamics","floor":46.0,"key":"SMITH"},{"floor":49.0,"key":"RECALL"},{"data":"Meteor Strike","floor":53.0,"key":"SMITH"}],"neow_cost":"NONE","seed_source_timestamp":79402874173716,"circlet_count":0,"master_deck":["AscendersBane","Defend_B","Defend_B","Defend_B","Defend_B","Zap+1","Dualcast+1","Ball Lightning","Meteor Strike+1","Cold Snap","Coolheaded+1","Turbo+1","Compile Driver","Steam+1","Electrodynamics+1","Tempest+1","Undo+1","Aggregate+1","Stack+1","Double Energy+1","Cold Snap+1","Fission+1","Chaos+1","All For One","Glacier+1","Capacitor+1","Turbo+1","Tempest+1","Panacea+1","Undo+1","Skim+1","Hologram+1","Tempest+1","Glacier+1"],"special_seed":0,"relics":["Cracked Core","NeowsBlessing","DataDisk","Pen Nib","Toxic Egg 2","Orrery","Chemical X","Bag of Marbles","Incense Burner","Eternal Feather","Mango","Blood Vial","Medical Kit","Red Mask","Strawberry"],"potions_floor_usage":[56],"damage_taken":[{"damage":0.0,"enemies":"Jaw Worm","floor":1.0,"turns":1.0},{"damage":0.0,"enemies":"Small Slimes","floor":4.0,"turns":1.0},{"damage":0.0,"enemies":"Cultist","floor":5.0,"turns":1.0},{"damage":16.0,"enemies":"Lagavulin","floor":7.0,"turns":6.0},{"damage":10.0,"enemies":"Gremlin Gang","floor":8.0,"turns":4.0},{"damage":0.0,"enemies":"Looter","floor":11.0,"turns":2.0},{"damage":11.0,"enemies":"Gremlin Nob","floor":12.0,"turns":3.0},{"damage":3.0,"enemies":"Red Slaver","floor":14.0,"turns":2.0},{"damage":9.0,"enemies":"The Guardian","floor":16.0,"turns":11.0},{"damage":19.0,"enemies":"2 Thieves","floor":18.0,"turns":3.0},{"damage":0.0,"enemies":"Spheric Guardian","floor":24.0,"turns":3.0},{"damage":44.0,"enemies":"Slavers","floor":28.0,"turns":4.0},{"damage":16.0,"enemies":"Shelled Parasite and Fungi","floor":30.0,"turns":3.0},{"damage":0.0,"enemies":"Chosen and Byrds","floor":31.0,"turns":4.0},{"damage":0.0,"enemies":"Collector","floor":33.0,"turns":6.0},{"damage":9.0,"enemies":"3 Darklings","floor":35.0,"turns":4.0},{"damage":0.0,"enemies":"Orb Walker","floor":37.0,"turns":2.0},{"damage":2.0,"enemies":"Mind Bloom Boss Battle","floor":38.0,"turns":4.0},{"damage":18.0,"enemies":"Nemesis","floor":41.0,"turns":5.0},{"damage":5.0,"enemies":"Jaw Worm Horde","floor":42.0,"turns":2.0},{"damage":9.0,"enemies":"4 Shapes","floor":45.0,"turns":3.0},{"damage":20.0,"enemies":"Transient","floor":47.0,"turns":6.0},{"damage":1.0,"enemies":"Time Eater","floor":50.0,"turns":21.0},{"damage":58.0,"enemies":"Donu and Deca","floor":51.0,"turns":14.0},{"damage":0.0,"enemies":"Shield and Spear","floor":55.0,"turns":2.0},{"damage":73,"enemies":"The Heart","floor":56,"turns":9}],"seed_played":"5444260345568374497","potions_obtained":[{"floor":4.0,"key":"FearPotion"},{"floor":7.0,"key":"Block Potion"},{"floor":8.0,"key":"Swift Potion"},{"floor":28.0,"key":"FearPotion"},{"floor":31.0,"key":"FearPotion"},{"floor":33.0,"key":"FearPotion"},{"floor":37.0,"key":"PowerPotion"},{"floor":38.0,"key":"Swift Potion"},{"floor":41.0,"key":"SteroidPotion"}],"is_trial":false,"path_per_floor":["M","?","?","M","M","R","E","M","T","R","M","E","?","M","R","B",null,"M","$","?","?","?","R","M","R","T","R","E","R","M","M","R","B",null,"M","$","M","?","?","R","E","M","T","$","M","R","M","?","R","B","B",null,"R","$","E","B"],"character_chosen":"DEFECT","items_purchased":["Chemical X","Capacitor","Turbo+1","Tempest+1","Panacea+1","Medical Kit"],"campfire_rested":4,"item_purchase_floors":[19,36,36,36,36,44],"current_hp_per_floor":[64,64,64,64,64,64,48,38,38,38,38,27,27,24,24,15,57,38,38,18,18,11,33,33,33,33,55,11,33,17,17,39,39,67,58,58,58,70,70,85,67,64,64,64,57,75,57,57,75,76,20,69,85,85,92,19],"gold":32,"neow_bonus":"THREE_ENEMY_KILL","is_prod":false,"is_daily":false,"chose_seed":false,"campfire_upgraded":7,"win_rate":0,"timestamp":1556200798,"path_taken":["M","?","?","?","?","R","E","M","T","R","M","E","?","?","R","BOSS","M","?","?","?","?","R","M","R","T","R","E","R","M","M","R","BOSS","M","$","M","?","?","R","E","M","T","?","M","R","M","?","R","BOSS","BOSS","R","$","E","BOSS"],"build_version":"2019-01-23","purchased_purges":0,"victory":false,"max_hp_per_floor":[71,71,71,71,71,71,71,71,71,71,71,71,71,71,71,71,71,71,71,76,76,76,76,76,76,76,76,76,76,76,76,76,76,76,76,76,76,90,85,85,85,85,85,85,85,85,85,85,85,85,85,85,85,85,92,92],"card_choices":[{"not_picked":["Gash","Sweeping Beam"],"picked":"Ball Lightning","floor":1.0},{"not_picked":["Undo","Gash"],"picked":"Meteor Strike","floor":4.0},{"not_picked":["Barrage","Go for the Eyes"],"picked":"Cold Snap","floor":5.0},{"not_picked":["Capacitor","Blizzard"],"picked":"Coolheaded","floor":7.0},{"not_picked":["Self Repair","Consume"],"picked":"Turbo","floor":8.0},{"not_picked":["Aggregate","Go for the Eyes"],"picked":"Compile Driver","floor":11.0},{"not_picked":["Hyperbeam","Streamline"],"picked":"Steam","floor":12.0},{"not_picked":["Compile Driver","Lockon","Leap+1"],"picked":"SKIP","floor":14.0},{"not_picked":["Creative AI","Rainbow+1"],"picked":"Electrodynamics","floor":16.0},{"not_picked":["Force Field+1","Steam+1"],"picked":"Tempest+1","floor":17.0},{"not_picked":["Redo+1","FTL"],"picked":"Undo+1","floor":17.0},{"not_picked":["Ball Lightning","Beam Cell"],"picked":"Aggregate+1","floor":17.0},{"not_picked":["Streamline","Cold Snap"],"picked":"Stack+1","floor":17.0},{"not_picked":["Streamline","Compile Driver","Beam Cell"],"picked":"SKIP","floor":18.0},{"not_picked":["Auto Shields+1","Rebound"],"picked":"Double Energy+1","floor":24.0},{"not_picked":["Force Field+1","Cold Snap+1","Gash+1"],"picked":"SKIP","floor":28.0},{"not_picked":["Force Field+1","Gash+1"],"picked":"Cold Snap+1","floor":28.0},{"not_picked":["Lockon+1","Blizzard"],"picked":"Fission+1","floor":30.0},{"not_picked":["Conserve Battery+1","Static Discharge+1"],"picked":"Chaos+1","floor":31.0},{"not_picked":["Amplify+1","Fission+1"],"picked":"All For One","floor":33.0},{"not_picked":["Steam+1","Reinforced Body+1"],"picked":"Glacier+1","floor":35.0},{"not_picked":["Sunder","Redo+1"],"picked":"Undo+1","floor":37.0},{"not_picked":["Coolheaded+1","Gash"],"picked":"Skim+1","floor":38.0},{"not_picked":["Cold Snap","Melter"],"picked":"Hologram+1","floor":41.0},{"not_picked":["Cold Snap+1","Ball Lightning","Force Field+1"],"picked":"SKIP","floor":42.0},{"not_picked":["Force Field+1","Leap+1"],"picked":"Tempest+1","floor":45.0},{"not_picked":["Compile Driver","Melter"],"picked":"Glacier+1","floor":47.0},{"not_picked":["Leap+1","Conserve Battery+1","Compile Driver"],"picked":"SKIP","floor":55.0}],"player_experience":1482475,"relics_obtained":[{"floor":7.0,"key":"DataDisk"},{"floor":9.0,"key":"Pen Nib"},{"floor":12.0,"key":"Toxic Egg 2"},{"floor":26.0,"key":"Bag of Marbles"},{"floor":28.0,"key":"Incense Burner"},{"floor":38.0,"key":"Mango"},{"floor":41.0,"key":"Blood Vial"},{"floor":55.0,"key":"Strawberry"}],"event_choices":[{"cards_removed":["Strike_B"],"damage_healed":0.0,"max_hp_gain":0.0,"max_hp_loss":0.0,"gold_gain":0.0,"event_name":"The Cleric","player_choice":"Card Removal","floor":2.0,"gold_loss":75.0,"damage_taken":0.0},{"cards_removed":["Strike_B"],"damage_healed":0.0,"max_hp_gain":0.0,"max_hp_loss":0.0,"gold_gain":0.0,"event_name":"Purifier","player_choice":"Purged","floor":3.0,"gold_loss":0.0,"damage_taken":0.0},{"cards_removed":["Strike_B"],"damage_healed":0.0,"max_hp_gain":0.0,"max_hp_loss":0.0,"gold_gain":0.0,"event_name":"Bonfire Elementals","player_choice":"Offered Basic","floor":13.0,"gold_loss":0.0,"damage_taken":0.0},{"damage_healed":0.0,"max_hp_gain":5.0,"max_hp_loss":0.0,"gold_gain":0.0,"event_name":"Forgotten Altar","player_choice":"Shed Blood","floor":20.0,"gold_loss":0.0,"damage_taken":25.0},{"cards_removed":["Strike_B"],"damage_healed":0.0,"max_hp_gain":0.0,"max_hp_loss":0.0,"gold_gain":0.0,"event_name":"Back to Basics","player_choice":"Elegance","floor":21.0,"gold_loss":0.0,"damage_taken":0.0},{"damage_healed":0.0,"max_hp_gain":0.0,"max_hp_loss":0.0,"gold_gain":50.0,"event_name":"FaceTrader","player_choice":"Touch","floor":22.0,"gold_loss":0.0,"damage_taken":7.0},{"damage_healed":0.0,"max_hp_gain":0.0,"max_hp_loss":0.0,"gold_gain":0.0,"event_name":"MindBloom","player_choice":"Fight","floor":38.0,"gold_loss":0.0,"damage_taken":0.0},{"damage_healed":0.0,"max_hp_gain":0.0,"max_hp_loss":5.0,"gold_gain":0.0,"event_name":"Winding Halls","player_choice":"Max HP","floor":39.0,"gold_loss":0.0,"damage_taken":0.0},{"damage_healed":0.0,"max_hp_gain":0.0,"max_hp_loss":0.0,"gold_gain":0.0,"event_name":"Tomb of Lord Red Mask","player_choice":"Paid","floor":48.0,"gold_loss":42.0,"damage_taken":0.0,"relics_obtained":["Red Mask"]}],"is_beta":false,"boss_relics":[{"not_picked":["Busted Crown","Velvet Choker"],"picked":"Orrery"},{"not_picked":["Pandora\u0027s Box","Fusion Hammer"],"picked":"Eternal Feather"}],"items_purged_floors":[],"is_endless":false,"potions_floor_spawned":[4,7,8,11,28,31,33,37,38,41,45],"killed_by":"The Heart","ascension_level":20}