{"gold_per_floor":[118,128,47,47,47,82,102,136,136,169,169,179,206,77,77,77],"floor_reached":16,"playtime":1191,"items_purged":["Defend_R"],"score":161,"play_id":"cda543ba-f3dc-4d02-b7fb-a32fd70eb224","local_time":"20190508200918","is_ascension_mode":true,"campfire_choices":[{"data":"1","floor":15,"key":"LIFT"}],"neow_cost":"NONE","seed_source_timestamp":0,"circlet_count":0,"master_deck":["Strike_R","Strike_R","Strike_R","Strike_R","Strike_R","Defend_R","Defend_R+1","Defend_R","Bash+1","Shrug It Off","Whirlwind","Metallicize","Shrug It Off","Pummel","Immolate"],"special_seed":0,"relics":["Burning Blood","NeowsBlessing","PreservedInsect","Gremlin Horn","Girya","Smiling Mask"],"potions_floor_usage":[8,10,16],"damage_taken":[{"damage":0.0,"enemies":"Cultist","floor":1.0,"turns":1.0},{"damage":0.0,"enemies":"Small Slimes","floor":2.0,"turns":1.0},{"damage":0.0,"enemies":"3 Sentries","floor":6.0,"turns":1.0},{"damage":3.0,"enemies":"Jaw Worm","floor":7.0,"turns":4.0},{"damage":22,"enemies":"Gremlin Nob","floor":8,"turns":4},{"damage":21,"enemies":"3 Sentries","floor":10,"turns":7},{"damage":0,"enemies":"Lots of Slimes","floor":12,"turns":1},{"damage":22,"enemies":"Lagavulin","floor":13,"turns":7},{"damage":60,"enemies":"The Guardian","floor":16,"turns":16}],"seed_played":"2087867910972861000","potions_obtained":[{"floor":1.0,"key":"Dexterity Potion"},{"floor":7.0,"key":"SteroidPotion"},{"floor":8,"key":"BloodPotion"}],"is_trial":false,"path_per_floor":["M","M","$","?","?","E","M","E","T","E","?","M","E","$","R","B"],"character_chosen":"IRONCLAD","items_purchased":["Whirlwind","Immolate"],"campfire_rested":0,"item_purchase_floors":[3,14],"current_hp_per_floor":[80,80,80,85,68,74,77,61,61,54,54,60,44,44,44,0],"gold":77,"neow_bonus":"THREE_ENEMY_KILL","is_prod":false,"is_daily":false,"chose_seed":false,"campfire_upgraded":0,"win_rate":0,"timestamp":1557360558,"path_taken":["M","M","$","?","?","E","M","E","T","E","?","?","E","?","R","BOSS"],"build_version":"2019-01-23","purchased_purges":1,"victory":false,"max_hp_per_floor":[80,80,80,85,85,85,85,85,85,85,85,85,85,85,85,85],"card_choices":[{"not_picked":["Corruption","True Grit"],"picked":"Shrug It Off","floor":1.0},{"not_picked":["Flex","Thunderclap","Heavy Blade"],"picked":"SKIP","floor":2.0},{"not_picked":["Clothesline","Perfected Strike"],"picked":"Metallicize","floor":6.0},{"not_picked":["Rampage","Headbutt"],"picked":"Shrug It Off","floor":7.0},{"not_picked":["Cleave","Carnage","Perfected Strike"],"picked":"SKIP","floor":8},{"not_picked":["Clash","Blood for Blood","Entrench"],"picked":"SKIP","floor":10},{"not_picked":["Clash","Rupture","Carnage"],"picked":"SKIP","floor":12},{"not_picked":["Shrug It Off","Seeing Red"],"picked":"Pummel","floor":13}],"player_experience":282998,"relics_obtained":[{"floor":6.0,"key":"PreservedInsect"},{"floor":8,"key":"Gremlin Horn"},{"floor":10,"key":"Girya"},{"floor":13,"key":"Smiling Mask"}],"event_choices":[{"damage_healed":0.0,"max_hp_gain":5.0,"max_hp_loss":0.0,"gold_gain":0.0,"event_name":"Big Fish","player_choice":"Donut","floor":4.0,"gold_loss":0.0,"damage_taken":0.0},{"damage_healed":0.0,"max_hp_gain":0.0,"max_hp_loss":0.0,"gold_gain":0.0,"event_name":"Shining Light","player_choice":"Entered Light","floor":5.0,"gold_loss":0.0,"damage_taken":17.0,"cards_upgraded":["Bash","Defend_R"]},{"damage_healed":0,"gold_gain":0,"player_choice":"Ignored","damage_taken":0,"max_hp_gain":0,"max_hp_loss":0,"event_name":"Golden Idol","floor":11,"gold_loss":0}],"is_beta":false,"boss_relics":[],"items_purged_floors":[14],"is_endless":false,"potions_floor_spawned":[1,7,8],"killed_by":"The Guardian","ascension_level":1}