{"gold_per_floor":[114,114,289,309,42,72,72,105,105,120,133,133,146,162,162,262,262,248,101,26,26,39,39,74,47,47,47,61,61,72,90,90,192,192,206,131,131,143,143],"floor_reached":39,"playtime":3749,"items_purged":["Pain"],"score":607,"play_id":"f22e00c9-11b1-4ae4-8622-3aa64eb72c7f","local_time":"20181225234824","is_ascension_mode":true,"campfire_choices":[{"floor":7,"key":"REST"},{"floor":15,"key":"REST"},{"floor":23,"key":"REST"},{"floor":32,"key":"REST"}],"neow_cost":"","seed_source_timestamp":0,"circlet_count":0,"master_deck":["Defend_G","Defend_G","Defend_G","Defend_G","Defend_G","Strike_G","Strike_G","Strike_G","Strike_G","Survivor","Neutralize","Infinite Blades","Doubt","Deadly Poison","Bouncing Flask","Die Die Die","Infinite Blades","Backflip","Poisoned Stab","Terror","Catalyst","Corpse Explosion","Bane","Writhe","Dagger Spray+1","Dodge and Roll","Dagger Throw","Dodge and Roll","Ghostly","Ghostly","Ghostly","Ghostly","Ghostly","Leg Sweep","Decay","Bouncing Flask","Cloak And Dagger","Bouncing Flask+1","Envenom","Parasite","Normality","Bouncing Flask+1","Calculated Gamble"],"relics":["Ring of the Serpent","Strange Spoon","Matryoshka","Potion Belt","Vajra","FossilizedHelix","Strawberry","Prayer Wheel","Bag of Preparation","Pocketwatch","Happy Flower","Calling Bell","Centennial Puzzle","Shuriken","Ice Cream"],"potions_floor_usage":[16,33,38,39],"damage_taken":[{"damage":6,"enemies":"Jaw Worm","floor":1,"turns":6},{"damage":8,"enemies":"Small Slimes","floor":4,"turns":4},{"damage":29,"enemies":"Gremlin Nob","floor":6,"turns":5},{"damage":27,"enemies":"3 Sentries","floor":8,"turns":8},{"damage":0,"enemies":"2 Louse","floor":10,"turns":2},{"damage":0,"enemies":"Large Slime","floor":11,"turns":4},{"damage":0,"enemies":"Looter","floor":13,"turns":3},{"damage":0,"enemies":"Lots of Slimes","floor":14,"turns":1},{"damage":27,"enemies":"The Guardian","floor":16,"turns":9},{"damage":22,"enemies":"2 Thieves","floor":18,"turns":4},{"damage":16,"enemies":"3 Byrds","floor":22,"turns":3},{"damage":54,"enemies":"Book of Stabbing","floor":24,"turns":6},{"damage":0,"enemies":"Cultist and Chosen","floor":28,"turns":5},{"damage":0,"enemies":"Snake Plant","floor":30,"turns":5},{"damage":1,"enemies":"Chosen and Byrds","floor":31,"turns":8},{"damage":45,"enemies":"Collector","floor":33,"turns":12},{"damage":39,"enemies":"3 Darklings","floor":35,"turns":7},{"damage":0,"enemies":"Orb Walker","floor":38,"turns":3},{"damage":7,"enemies":"Writhing Mass","floor":39,"turns":3}],"seed_played":"-8133463836257645699","potions_obtained":[{"floor":1,"key":"FearPotion"},{"floor":4,"key":"FairyPotion"},{"floor":8,"key":"PowerPotion"},{"floor":14,"key":"GhostInAJar"},{"floor":16,"key":"FairyPotion"},{"floor":24,"key":"Energy Potion"},{"floor":31,"key":"Energy Potion"},{"floor":33,"key":"Strength Potion"},{"floor":37,"key":"GamblersBrew"},{"floor":37,"key":"SpeedPotion"}],"is_trial":true,"path_per_floor":["M","?","?","M","$","E","R","E","T","M","M","?","M","M","R","B",null,"M","$","?","?","M","R","E","$","T","?","M","?","M","M","R","B",null,"M","$","?","M","M"],"character_chosen":"THE_SILENT","items_purchased":["Bouncing Flask","Strange Spoon","Strawberry","Dodge and Roll"],"campfire_rested":4,"item_purchase_floors":[5,5,19,25],"current_hp_per_floor":[64,64,64,56,56,27,48,21,21,21,21,21,21,21,42,15,70,48,55,55,55,39,62,8,8,8,8,8,8,8,7,18,2,38,3,3,3,3,0],"gold":143,"neow_bonus":"","is_prod":false,"is_daily":false,"chose_seed":false,"campfire_upgraded":0,"win_rate":1,"timestamp":1545799704,"path_taken":["M","?","?","M","?","E","R","E","T","?","M","?","M","M","R","BOSS","M","$","?","?","?","R","E","$","T","?","M","?","M","M","R","BOSS","M","$","?","?","M"],"build_version":"2018-12-20","purchased_purges":1,"victory":false,"max_hp_per_floor":[70,70,70,70,70,70,70,70,70,70,70,70,70,70,70,70,70,70,77,77,77,77,77,77,77,77,38,38,38,38,38,38,38,38,38,38,38,38,38],"card_choices":[{"not_picked":["Backflip","Prepared"],"picked":"Infinite Blades","floor":1},{"not_picked":["Caltrops","Bane"],"picked":"Deadly Poison","floor":4},{"not_picked":["Quick Slash","Backflip"],"picked":"Die Die Die","floor":6},{"not_picked":["Calculated Gamble","All Out Attack"],"picked":"Infinite Blades","floor":8},{"not_picked":["Flying Knee","Outmaneuver"],"picked":"Backflip","floor":10},{"not_picked":["Underhanded Strike","Riddle With Holes"],"picked":"Poisoned Stab","floor":11},{"not_picked":["Deflect","Venomology"],"picked":"Terror","floor":13},{"not_picked":["Infinite Blades","Dagger Spray"],"picked":"Catalyst","floor":14},{"not_picked":["Die Die Die","Unload"],"picked":"Corpse Explosion","floor":16},{"not_picked":["Infinite Blades","Backflip"],"picked":"Bane","floor":18},{"not_picked":["All Out Attack","Blade Dance"],"picked":"Dagger Spray+1","floor":22},{"not_picked":["Blade Dance","Flechettes"],"picked":"Dodge and Roll","floor":22},{"not_picked":["Blade Dance+1","Terror+1"],"picked":"Dagger Throw","floor":24},{"not_picked":["Quick Slash","Underhanded Strike"],"picked":"Leg Sweep","floor":28},{"not_picked":["Dodge and Roll","Outmaneuver","Blade Dance"],"picked":"SKIP","floor":28},{"not_picked":["Accuracy+1","Prepared"],"picked":"Bouncing Flask","floor":30},{"not_picked":["Flying Knee","Riddle With Holes"],"picked":"Cloak And Dagger","floor":30},{"not_picked":["Finisher","Caltrops"],"picked":"Bouncing Flask+1","floor":31},{"not_picked":["Flying Knee","Slice","Deadly Poison"],"picked":"SKIP","floor":31},{"not_picked":["Corpse Explosion","Venomology"],"picked":"Envenom","floor":33},{"not_picked":["Caltrops","Flying Knee"],"picked":"Bouncing Flask+1","floor":35},{"not_picked":["Reflex","Dagger Throw","Sucker Punch"],"picked":"SKIP","floor":35},{"not_picked":["Underhanded Strike+1","Slice"],"picked":"Calculated Gamble","floor":38},{"not_picked":["Blade Dance","Skewer","Corpse Explosion"],"picked":"SKIP","floor":38}],"player_experience":16263,"relics_obtained":[{"floor":6,"key":"Matryoshka"},{"floor":8,"key":"Potion Belt"},{"floor":9,"key":"Vajra"},{"floor":9,"key":"FossilizedHelix"},{"floor":24,"key":"Bag of Preparation"},{"floor":26,"key":"Pocketwatch"},{"floor":26,"key":"Happy Flower"},{"floor":34,"key":"Centennial Puzzle"},{"floor":34,"key":"Shuriken"},{"floor":34,"key":"Ice Cream"}],"event_choices":[{"damage_healed":0,"gold_gain":0,"player_choice":"Ignored","damage_taken":0,"max_hp_gain":0,"max_hp_loss":0,"event_name":"Golden Wing","floor":2,"gold_loss":0},{"damage_healed":0,"gold_gain":175,"player_choice":"AGREE","damage_taken":0,"max_hp_gain":0,"max_hp_loss":0,"event_name":"Liars Game","floor":3,"gold_loss":0,"cards_obtained":["Doubt"]},{"damage_healed":0,"gold_gain":0,"player_choice":"Ignored","damage_taken":0,"max_hp_gain":0,"max_hp_loss":0,"event_name":"Golden Idol","floor":12,"gold_loss":0},{"cards_removed":["Strike_G"],"damage_healed":0,"gold_gain":0,"player_choice":"Gave Gold","damage_taken":0,"max_hp_gain":0,"max_hp_loss":0,"event_name":"Beggar","floor":20,"gold_loss":75},{"damage_healed":0,"gold_gain":0,"player_choice":"Opened","damage_taken":0,"relics_obtained":["Prayer Wheel"],"max_hp_gain":0,"max_hp_loss":0,"event_name":"The Mausoleum","floor":21,"gold_loss":0,"cards_obtained":["Writhe"]},{"damage_healed":0,"gold_gain":0,"player_choice":"Became a Ghost","damage_taken":0,"max_hp_gain":0,"max_hp_loss":39,"event_name":"Ghosts","floor":27,"gold_loss":0,"cards_obtained":["Ghostly","Ghostly","Ghostly","Ghostly","Ghostly"]},{"damage_healed":0,"gold_gain":0,"player_choice":"Smashed Altar","damage_taken":0,"max_hp_gain":0,"max_hp_loss":0,"event_name":"Forgotten Altar","floor":29,"gold_loss":0,"cards_obtained":["Decay"]},{"damage_healed":0,"gold_gain":0,"player_choice":"Got Potions","damage_taken":0,"max_hp_gain":0,"max_hp_loss":0,"event_name":"Lab","floor":37,"gold_loss":0}],"is_beta":false,"boss_relics":[{"not_picked":["Empty Cage","Velvet Choker"],"picked":"Ring of the Serpent"},{"not_picked":["Cursed Key","Astrolabe"],"picked":"Calling Bell"}],"items_purged_floors":[36],"is_endless":false,"potions_floor_spawned":[1,4,8,14,16,24,28,30,31,33],"killed_by":"Writhing Mass","ascension_level":1}