{"gold_per_floor":[117,33,47,62,62,62,94,94,94,106,106,141,141,141,141,218,218,234,21,21,21,41,41,71,71,96,115,115,148,148,162,162,237,237,257,257,277,2,14,14,14,28,28,43,43,58,78,3,3,3,3],"floor_reached":52,"playtime":2197,"items_purged":["Blade Dance"],"score":1950,"play_id":"e9ca4c78-90c7-4e29-8647-f82ca811601f","local_time":"20190414162434","is_ascension_mode":true,"campfire_choices":[{"data":"Neutralize","floor":6.0,"key":"SMITH"},{"data":"Footwork","floor":8.0,"key":"SMITH"},{"data":"Bouncing Flask","floor":11.0,"key":"SMITH"},{"data":"After Image","floor":13.0,"key":"SMITH"},{"data":"Finisher","floor":15.0,"key":"SMITH"},{"data":"Wraith Form v2","floor":23.0,"key":"SMITH"},{"floor":28.0,"key":"REST"},{"data":"Catalyst","floor":32.0,"key":"SMITH"},{"data":"Storm of Steel","floor":40.0,"key":"SMITH"},{"floor":49.0,"key":"REST"}],"neow_cost":"TEN_PERCENT_HP_LOSS","seed_source_timestamp":0,"circlet_count":0,"master_deck":["AscendersBane","Survivor","Neutralize+1","Footwork+1","Masterful Stab","Finisher+1","After Image+1","Bouncing Flask+1","Doppelganger","Bouncing Flask","Terror","Burst","Glass Knife","Calculated Gamble","Blur","Wraith Form v2+1","Backflip","Catalyst+1","Heel Hook","Dodge and Roll+1","Storm of Steel+1","After Image","Noxious Fumes+1","PiercingWail+1","Night Terror"],"special_seed":0,"relics":["Ring of the Serpent","Unceasing Top","Thread and Needle","Mummified Hand","Omamori","Pandora\u0027s Box","TwistedFunnel","MutagenicStrength","Torii","Potion Belt","Darkstone Periapt","Paper Crane","Ancient Tea Set","Ornamental Fan"],"potions_floor_usage":[51,51],"damage_taken":[{"damage":1.0,"enemies":"Small Slimes","floor":1.0,"turns":5.0},{"damage":1.0,"enemies":"Cultist","floor":3.0,"turns":5.0},{"damage":2.0,"enemies":"2 Louse","floor":4.0,"turns":3.0},{"damage":6.0,"enemies":"Gremlin Nob","floor":7.0,"turns":3.0},{"damage":2.0,"enemies":"Exordium Thugs","floor":10.0,"turns":4.0},{"damage":7.0,"enemies":"3 Sentries","floor":12.0,"turns":7.0},{"damage":0.0,"enemies":"Hexaghost","floor":16.0,"turns":9.0},{"damage":0.0,"enemies":"Spheric Guardian","floor":18.0,"turns":4.0},{"damage":4.0,"enemies":"Chosen","floor":22.0,"turns":3.0},{"damage":0.0,"enemies":"Slavers","floor":24.0,"turns":5.0},{"damage":17.0,"enemies":"Shelled Parasite and Fungi","floor":27.0,"turns":3.0},{"damage":1.0,"enemies":"Gremlin Leader","floor":29.0,"turns":6.0},{"damage":8.0,"enemies":"Snake Plant","floor":31.0,"turns":3.0},{"damage":29.0,"enemies":"Champ","floor":33.0,"turns":9.0},{"damage":0.0,"enemies":"Orb Walker","floor":35.0,"turns":2.0},{"damage":0.0,"enemies":"3 Shapes","floor":37.0,"turns":3.0},{"damage":0.0,"enemies":"Sphere and 2 Shapes","floor":39.0,"turns":5.0},{"damage":1.0,"enemies":"Transient","floor":42.0,"turns":6.0},{"damage":1.0,"enemies":"Writhing Mass","floor":44.0,"turns":5.0},{"damage":0.0,"enemies":"Spire Growth","floor":46.0,"turns":5.0},{"damage":14.0,"enemies":"4 Shapes","floor":47.0,"turns":3.0},{"damage":29.0,"enemies":"Time Eater","floor":50.0,"turns":5.0},{"damage":14,"enemies":"Donu and Deca","floor":51,"turns":9}],"seed_played":"492906186313176985","potions_obtained":[{"floor":3.0,"key":"Strength Potion"},{"floor":4.0,"key":"Fire Potion"},{"floor":12.0,"key":"Explosive Potion"},{"floor":18.0,"key":"SkillPotion"},{"floor":22.0,"key":"PowerPotion"},{"floor":31.0,"key":"Strength Potion"},{"floor":35.0,"key":"Explosive Potion"},{"floor":39.0,"key":"Swift Potion"},{"floor":42.0,"key":"SpeedPotion"},{"floor":47.0,"key":"SpeedPotion"}],"is_trial":false,"path_per_floor":["M","$","M","M","?","R","E","R","T","M","R","E","R","?","R","B",null,"M","$","?","?","M","R","E","$","T","M","R","E","$","M","R","B",null,"M","?","M","$","M","R","?","M","T","M","?","M","M","$","R","B","B",null],"character_chosen":"THE_SILENT","items_purchased":["Footwork","TwistedFunnel","Paper Crane"],"campfire_rested":2,"item_purchase_floors":[2,19,38],"current_hp_per_floor":[58,58,57,55,55,55,49,49,49,47,47,40,40,40,40,40,55,55,55,55,55,51,51,51,51,51,34,52,51,51,43,43,14,49,49,49,49,49,49,49,49,48,48,47,47,47,33,33,51,22,8],"gold":3,"neow_bonus":"ONE_RARE_RELIC","is_prod":false,"is_daily":false,"chose_seed":false,"campfire_upgraded":8,"win_rate":0,"timestamp":1555273474,"path_taken":["M","$","M","M","?","R","E","R","T","?","R","E","R","?","R","BOSS","M","$","?","?","M","R","E","?","T","M","R","E","$","M","R","BOSS","M","?","M","$","M","R","?","?","T","?","?","M","M","$","R","BOSS","BOSS"],"build_version":"2019-01-23","purchased_purges":1,"victory":true,"max_hp_per_floor":[60,60,60,60,60,60,60,60,60,60,60,60,60,60,60,60,60,60,60,60,60,60,60,60,60,60,60,60,60,60,60,60,60,60,60,60,60,60,60,60,60,60,60,60,60,60,60,60,60,60,60],"card_choices":[{"not_picked":["Dagger Throw","Calculated Gamble"],"picked":"Dagger Spray","floor":1.0},{"not_picked":["Sucker Punch","Slice"],"picked":"Masterful Stab","floor":3.0},{"not_picked":["Deadly Poison","Dodge and Roll"],"picked":"Finisher","floor":4.0},{"not_picked":["Dodge and Roll","Acrobatics"],"picked":"After Image","floor":7.0},{"not_picked":["Flying Knee","Dagger Spray"],"picked":"Bouncing Flask","floor":10.0},{"not_picked":["Dodge and Roll","Prepared","Poisoned Stab"],"picked":"SKIP","floor":12.0},{"not_picked":["Tools of the Trade","Grand Finale"],"picked":"Doppelganger","floor":16.0},{"not_picked":["Flying Knee+1","Dagger Throw","Prepared"],"picked":"SKIP","floor":18.0},{"not_picked":["Poisoned Stab","Deflect"],"picked":"Heel Hook","floor":22.0},{"not_picked":["Bouncing Flask","Distraction"],"picked":"Slice+1","floor":24.0},{"not_picked":["Endless Agony+1","Sucker Punch"],"picked":"Dodge and Roll+1","floor":27.0},{"not_picked":["Finisher","Calculated Gamble"],"picked":"Storm of Steel","floor":29.0},{"not_picked":["Prepared","Bane","Flying Knee"],"picked":"SKIP","floor":31.0},{"not_picked":["Wraith Form v2","Glass Knife"],"picked":"After Image","floor":33.0},{"not_picked":["Underhanded Strike","Riddle With Holes"],"picked":"Noxious Fumes+1","floor":35.0},{"not_picked":["Deflect","Quick Slash","Cloak And Dagger"],"picked":"SKIP","floor":37.0},{"not_picked":["Deadly Poison","Quick Slash","Deflect"],"picked":"SKIP","floor":39.0},{"not_picked":["Heel Hook","Bane"],"picked":"PiercingWail+1","floor":42.0},{"not_picked":["Heel Hook","Blade Dance","Flying Knee"],"picked":"SKIP","floor":44.0},{"not_picked":["Bane","Backflip+1"],"picked":"Night Terror","floor":46.0},{"not_picked":["Slice+1","Flying Knee","Backflip"],"picked":"SKIP","floor":47.0}],"player_experience":891680,"relics_obtained":[{"floor":7.0,"key":"Thread and Needle"},{"floor":9.0,"key":"Mummified Hand"},{"floor":12.0,"key":"Omamori"},{"floor":24.0,"key":"Torii"},{"floor":26.0,"key":"Potion Belt"},{"floor":29.0,"key":"Darkstone Periapt"},{"floor":43.0,"key":"Ornamental Fan"}],"event_choices":[{"damage_healed":0.0,"max_hp_gain":0.0,"max_hp_loss":0.0,"gold_gain":0.0,"event_name":"Upgrade Shrine","player_choice":"Upgraded","floor":5.0,"gold_loss":0.0,"damage_taken":0.0,"cards_upgraded":["Dagger Spray"]},{"damage_healed":0.0,"max_hp_gain":0.0,"max_hp_loss":0.0,"gold_gain":0.0,"event_name":"Match and Keep!","player_choice":"0 cards matched","floor":14.0,"gold_loss":0.0,"damage_taken":0.0,"cards_obtained":[]},{"damage_healed":0.0,"max_hp_gain":0.0,"max_hp_loss":0.0,"gold_gain":0.0,"event_name":"Vampires","player_choice":"Ignored","floor":20.0,"gold_loss":0.0,"damage_taken":0.0},{"damage_healed":0.0,"max_hp_gain":0.0,"max_hp_loss":0.0,"gold_gain":0.0,"event_name":"Drug Dealer","player_choice":"Inject Mutagens","floor":21.0,"gold_loss":0.0,"damage_taken":0.0,"relics_obtained":["MutagenicStrength"]},{"damage_healed":0.0,"max_hp_gain":0.0,"max_hp_loss":0.0,"gold_gain":0.0,"event_name":"Mysterious Sphere","player_choice":"Ignored","floor":36.0,"gold_loss":0.0,"damage_taken":0.0},{"cards_removed":["Dagger Spray"],"damage_healed":0.0,"max_hp_gain":0.0,"max_hp_loss":0.0,"gold_gain":0.0,"event_name":"WeMeetAgain","player_choice":"Gave Card","floor":41.0,"gold_loss":0.0,"damage_taken":0.0,"relics_obtained":["Ancient Tea Set"]},{"cards_removed":["Slice"],"damage_healed":0.0,"max_hp_gain":0.0,"max_hp_loss":0.0,"gold_gain":0.0,"event_name":"Falling","player_choice":"Removed Attack","floor":45.0,"gold_loss":0.0,"damage_taken":0.0}],"is_beta":false,"boss_relics":[{"not_picked":["Velvet Choker","Empty Cage"],"picked":"Pandora\u0027s Box"},{"not_picked":["Eternal Feather","Runic Pyramid"],"picked":"Ring of the Serpent"}],"items_purged_floors":[48],"is_endless":false,"potions_floor_spawned":[3,4,12,18,22,31,35,39,42,47],"ascension_level":20}