{"gold_per_floor":[119,119,136,62,62,93,168,179,179,189,189,189,202,202,202,300,300,319,334,334,433,87,87,99,99,181,194,206,54,71,85,85,187,187,207,6,6,6,6,6,25,25,25,25,44,44,61,71,71,71],"floor_reached":51,"playtime":1312,"items_purged":[],"score":749,"play_id":"d7a2667e-12b9-421c-9ed1-dc96830847a0","local_time":"20190404020829","is_ascension_mode":false,"campfire_choices":[{"data":"Perfected Strike","floor":12,"key":"SMITH"},{"data":"Bash","floor":15,"key":"SMITH"},{"data":"Perfected Strike","floor":23,"key":"SMITH"},{"data":"Limit Break","floor":25,"key":"SMITH"},{"data":"Inflame","floor":32,"key":"SMITH"},{"data":"Heavy Blade","floor":40,"key":"SMITH"},{"data":"Heavy Blade","floor":42,"key":"SMITH"},{"data":"Pummel","floor":49,"key":"SMITH"}],"neow_cost":"NONE","seed_source_timestamp":1686278566978500,"circlet_count":0,"master_deck":["Strike_R","Strike_R","Strike_R","Strike_R","Strike_R","Defend_R","Defend_R","Defend_R","Bash+1","Twin Strike","Pummel+1","Corruption","Flex+1","Pommel Strike","Perfected Strike+1","Inflame+1","Limit Break+1","Sever Soul+1","Pommel Strike","Perfected Strike+1","Heavy Blade+1","Heavy Blade+1","Corruption+1","Pummel","Seeing Red+1","Havoc+1","Pommel Strike","Limit Break+1","Clothesline","Headbutt","Sentinel+1","Heavy Blade"],"special_seed":0,"relics":["Burning Blood","NeowsBlessing","Self Forming Clay","FossilizedHelix","Dodecahedron","Busted Crown","Potion Belt","Orichalcum","Toxic Egg 2","Vajra","Eternal Feather","Brimstone","Nunchaku"],"potions_floor_usage":[16,18,33,35,50,50,50,50],"damage_taken":[{"damage":0.0,"enemies":"Jaw Worm","floor":1.0,"turns":1.0},{"damage":0.0,"enemies":"Small Slimes","floor":3.0,"turns":1.0},{"damage":0.0,"enemies":"Gremlin Nob","floor":6.0,"turns":1.0},{"damage":0.0,"enemies":"2 Louse","floor":8.0,"turns":3.0},{"damage":0.0,"enemies":"Large Slime","floor":10.0,"turns":5.0},{"damage":0,"enemies":"Blue Slaver","floor":13,"turns":2},{"damage":0,"enemies":"Slime Boss","floor":16,"turns":3},{"damage":0,"enemies":"Spheric Guardian","floor":18,"turns":2},{"damage":0,"enemies":"Chosen","floor":19,"turns":3},{"damage":6,"enemies":"Centurion and Healer","floor":24,"turns":3},{"damage":14,"enemies":"Snake Plant","floor":27,"turns":3},{"damage":0,"enemies":"Snecko","floor":28,"turns":2},{"damage":17,"enemies":"Centurion and Healer","floor":30,"turns":3},{"damage":24,"enemies":"Shelled Parasite and Fungi","floor":31,"turns":3},{"damage":21,"enemies":"Champ","floor":33,"turns":5},{"damage":14,"enemies":"3 Darklings","floor":35,"turns":4},{"damage":0,"enemies":"Orb Walker","floor":41,"turns":1},{"damage":0,"enemies":"Writhing Mass","floor":45,"turns":2},{"damage":0,"enemies":"Spire Growth","floor":47,"turns":2},{"damage":0,"enemies":"Maw","floor":48,"turns":3},{"damage":47,"enemies":"Donu and Deca","floor":50,"turns":4}],"seed_played":"6126470278168268453","potions_obtained":[{"floor":3.0,"key":"Dexterity Potion"},{"floor":8.0,"key":"Strength Potion"},{"floor":10.0,"key":"EssenceOfSteel"},{"floor":13,"key":"Fire Potion"},{"floor":18,"key":"Ancient Potion"},{"floor":27,"key":"GamblersBrew"},{"floor":28,"key":"GamblersBrew"},{"floor":30,"key":"Strength Potion"},{"floor":33,"key":"Regen Potion"},{"floor":41,"key":"Explosive Potion"}],"is_trial":false,"path_per_floor":["M","?","M","$","?","E","?","M","T","M","?","R","M","?","R","B",null,"M","M","?","?","$","R","M","R","T","M","M","$","M","M","R","B",null,"M","$","?","$","$","R","M","R","T","?","M","?","M","M","R","B",null],"character_chosen":"IRONCLAD","items_purchased":["Corruption","Heavy Blade","Potion Belt","Orichalcum","Vajra","Brimstone"],"campfire_rested":0,"item_purchase_floors":[4,22,22,22,29,36],"current_hp_per_floor":[80,80,80,80,77,80,69,75,75,80,85,85,85,85,85,85,85,85,85,85,85,85,85,85,85,85,77,83,83,72,54,54,39,85,77,77,77,77,77,85,85,85,85,85,85,81,81,81,81,40],"gold":71,"neow_bonus":"THREE_ENEMY_KILL","is_prod":false,"is_daily":false,"chose_seed":false,"campfire_upgraded":8,"win_rate":0,"timestamp":1554358109,"path_taken":["M","?","M","$","?","E","?","M","T","M","?","R","?","?","R","BOSS","M","M","?","?","$","R","?","R","T","M","M","$","M","M","R","BOSS","M","$","?","?","$","R","M","R","T","?","?","?","M","M","R","BOSS"],"build_version":"2019-01-23","purchased_purges":0,"victory":true,"max_hp_per_floor":[80,80,80,80,80,80,80,80,80,80,85,85,85,85,85,85,85,85,85,85,85,85,85,85,85,85,85,85,85,85,85,85,85,85,85,85,85,85,85,85,85,85,85,85,85,81,81,81,81,81],"card_choices":[{"not_picked":["True Grit","Clothesline"],"picked":"Twin Strike","floor":1.0},{"not_picked":["Anger","Clothesline"],"picked":"Pummel","floor":3.0},{"not_picked":["Blood for Blood","Reckless Charge"],"picked":"Flex","floor":6.0},{"not_picked":["Havoc","Body Slam"],"picked":"Pommel Strike","floor":8.0},{"not_picked":["Offering","Burning Pact"],"picked":"Perfected Strike","floor":10.0},{"not_picked":["Reckless Charge","Evolve"],"picked":"Inflame","floor":13},{"not_picked":["Impervious","Immolate"],"picked":"Limit Break","floor":16},{"not_picked":[],"picked":"Sever Soul+1","floor":18},{"not_picked":[],"picked":"Pommel Strike","floor":19},{"not_picked":["True Grit+1"],"picked":"SKIP","floor":24},{"not_picked":[],"picked":"Heavy Blade","floor":27},{"not_picked":[],"picked":"Corruption+1","floor":28},{"not_picked":[],"picked":"Pummel","floor":30},{"not_picked":[],"picked":"Seeing Red+1","floor":31},{"not_picked":[],"picked":"Havoc+1","floor":35},{"not_picked":[],"picked":"Clothesline","floor":41},{"not_picked":[],"picked":"Headbutt","floor":45},{"not_picked":[],"picked":"Sentinel+1","floor":47},{"not_picked":[],"picked":"Heavy Blade","floor":48}],"player_experience":267008,"relics_obtained":[{"floor":6.0,"key":"FossilizedHelix"},{"floor":9.0,"key":"Dodecahedron"},{"floor":26,"key":"Toxic Egg 2"},{"floor":43,"key":"Nunchaku"}],"event_choices":[{"damage_healed":0.0,"max_hp_gain":0.0,"max_hp_loss":0.0,"gold_gain":0.0,"event_name":"Liars Game","player_choice":"Ignored","floor":2.0,"gold_loss":0.0,"damage_taken":0.0},{"damage_healed":0.0,"max_hp_gain":0.0,"max_hp_loss":0.0,"gold_gain":0.0,"event_name":"Scrap Ooze","player_choice":"Success","floor":5.0,"gold_loss":0.0,"damage_taken":3.0,"relics_obtained":["Self Forming Clay"]},{"damage_healed":0.0,"max_hp_gain":0.0,"max_hp_loss":0.0,"gold_gain":75.0,"event_name":"World of Goop","player_choice":"Gather Gold","floor":7.0,"gold_loss":0.0,"damage_taken":11.0},{"damage_healed":0.0,"max_hp_gain":5.0,"max_hp_loss":0.0,"gold_gain":0.0,"event_name":"Big Fish","player_choice":"Donut","floor":11.0,"gold_loss":0.0,"damage_taken":0.0},{"damage_healed":0,"gold_gain":0,"player_choice":"Grow","damage_taken":0,"max_hp_gain":0,"max_hp_loss":0,"event_name":"Living Wall","floor":14,"gold_loss":0,"cards_upgraded":["Flex"]},{"damage_healed":0,"gold_gain":0,"player_choice":"Read","damage_taken":0,"max_hp_gain":0,"max_hp_loss":0,"event_name":"The Library","floor":20,"gold_loss":0,"cards_obtained":["Perfected Strike"]},{"damage_healed":0,"gold_gain":99,"player_choice":"Stole From Cult","damage_taken":0,"max_hp_gain":0,"max_hp_loss":0,"event_name":"Nest","floor":21,"gold_loss":0},{"damage_healed":0,"gold_gain":0,"player_choice":"2 cards matched","damage_taken":0,"max_hp_gain":0,"max_hp_loss":0,"event_name":"Match and Keep!","floor":37,"gold_loss":0,"cards_obtained":["Pommel Strike","Limit Break"]},{"cards_removed":["Defend_R"],"damage_healed":0,"gold_gain":0,"player_choice":"Purged","damage_taken":0,"max_hp_gain":0,"max_hp_loss":0,"event_name":"Purifier","floor":44,"gold_loss":0},{"damage_healed":0,"gold_gain":0,"player_choice":"Max HP","damage_taken":0,"max_hp_gain":0,"max_hp_loss":4,"event_name":"Winding Halls","floor":46,"gold_loss":0}],"is_beta":false,"boss_relics":[{"not_picked":["Calling Bell","Cursed Key"],"picked":"Busted Crown"},{"not_picked":["Pandora\u0027s Box","Velvet Choker"],"picked":"Eternal Feather"}],"items_purged_floors":[],"is_endless":false,"potions_floor_spawned":[3,8,10,13,18,27,28,30,33,41,47],"ascension_level":0}