{"gold_per_floor":[110,110,130,130,140,167,167,182,234,234,268,268,282,292,292,396,396,410,410,425,439,130,130,230,246,271,283,283,297,297,329,329,431,431,449,463,335,435,451,480,480,182,182,200,214,230,230,230,230,230],"floor_reached":51,"playtime":3133,"items_purged":[],"score":1035,"play_id":"b2f09652-7481-4c03-9467-18b58ee054b8","local_time":"20190425234347","is_ascension_mode":true,"campfire_choices":[{"data":"Bash","floor":7,"key":"SMITH"},{"floor":12,"key":"REST"},{"floor":15,"key":"REST"},{"floor":23,"key":"REST"},{"data":"Whirlwind","floor":28,"key":"SMITH"},{"floor":32,"key":"REST"},{"data":"Perfected Strike","floor":41,"key":"SMITH"},{"floor":47,"key":"REST"},{"data":"Demon Form","floor":49,"key":"SMITH"}],"neow_cost":"NONE","seed_source_timestamp":177285259414900,"circlet_count":0,"master_deck":["Strike_R","Strike_R","Strike_R","Strike_R","Defend_R","Defend_R","Defend_R+1","Bash+1","Wild Strike","Twin Strike","Shrug It Off+1","Thunderclap","Iron Wave","Feed","Whirlwind+1","Demon Form+1","Disarm","Twin Strike","Pommel Strike","Perfected Strike+1","Metallicize+1","Spot Weakness+1","Clothesline+1","Sword Boomerang+1","RitualDagger","Clothesline+1","Impervious","Wild Strike+1","Inflame","Pommel Strike","Finesse","Sword Boomerang+1","Headbutt+1","Wild Strike","Discovery"],"relics":["Sozu","Gremlin Horn","War Paint","Lantern","Lizard Tail","Pen Nib","Pantograph","Bird Faced Urn","Question Card","Bag of Preparation","Kunai","Empty Cage","FossilizedHelix","Potion Belt","Pocketwatch","Letter Opener"],"potions_floor_usage":[],"damage_taken":[{"damage":4,"enemies":"2 Louse","floor":1,"turns":3},{"damage":4,"enemies":"Jaw Worm","floor":3,"turns":3},{"damage":1,"enemies":"Cultist","floor":5,"turns":3},{"damage":13,"enemies":"Gremlin Nob","floor":6,"turns":3},{"damage":3,"enemies":"Blue Slaver","floor":8,"turns":3},{"damage":25,"enemies":"Lagavulin","floor":11,"turns":5},{"damage":9,"enemies":"Red Slaver","floor":13,"turns":3},{"damage":5,"enemies":"3 Louse","floor":14,"turns":2},{"damage":42,"enemies":"Hexaghost","floor":16,"turns":9},{"damage":11,"enemies":"Spheric Guardian","floor":18,"turns":4},{"damage":5,"enemies":"Shell Parasite","floor":20,"turns":4},{"damage":25,"enemies":"Centurion and Healer","floor":21,"turns":7},{"damage":16,"enemies":"Colosseum Slavers","floor":24,"turns":2},{"damage":32,"enemies":"Colosseum Nobs","floor":24,"turns":4},{"damage":18,"enemies":"Cultist and Chosen","floor":25,"turns":5},{"damage":5,"enemies":"Shelled Parasite and Fungi","floor":27,"turns":3},{"damage":10,"enemies":"Snecko","floor":29,"turns":4},{"damage":21,"enemies":"Slavers","floor":31,"turns":5},{"damage":9,"enemies":"Champ","floor":33,"turns":9},{"damage":0,"enemies":"3 Darklings","floor":35,"turns":3},{"damage":8,"enemies":"Orb Walker","floor":36,"turns":2},{"damage":3,"enemies":"Mind Bloom Boss Battle","floor":38,"turns":8},{"damage":13,"enemies":"Transient","floor":39,"turns":5},{"damage":27,"enemies":"Nemesis","floor":40,"turns":6},{"damage":5,"enemies":"Maw","floor":44,"turns":5},{"damage":8,"enemies":"Sphere and 2 Shapes","floor":45,"turns":2},{"damage":9,"enemies":"3 Darklings","floor":46,"turns":2},{"damage":94,"enemies":"Time Eater","floor":50,"turns":10}],"seed_played":"4195613419544165429","potions_obtained":[],"is_trial":false,"path_per_floor":["M","?","M","?","M","E","R","M","T","?","E","R","M","M","R","B",null,"M","T","M","M","$","R","?","M","T","M","R","M","?","E","R","B",null,"M","M","$","?","M","E","R","$","T","M","M","M","R","?","R","B",null],"character_chosen":"IRONCLAD","items_purchased":["Perfected Strike","Pantograph","Pommel Strike","Finesse","Pocketwatch"],"campfire_rested":5,"item_purchase_floors":[22,22,37,37,42],"current_hp_per_floor":[68,68,64,64,63,50,50,47,47,47,22,46,37,35,59,17,67,59,59,54,32,32,58,13,46,46,46,46,40,34,15,43,63,87,87,79,79,93,82,57,57,57,57,59,53,46,75,75,75,10],"gold":230,"neow_bonus":"BOSS_RELIC","is_prod":false,"is_daily":false,"chose_seed":false,"campfire_upgraded":4,"win_rate":0,"timestamp":1556250227,"path_taken":["M","?","M","?","M","E","R","?","T","?","E","R","M","M","R","BOSS","M","?","M","M","$","R","?","M","T","M","R","?","?","E","R","BOSS","M","M","$","?","M","E","R","$","T","M","M","M","R","?","R","BOSS"],"build_version":"2019-01-23","purchased_purges":0,"victory":true,"max_hp_per_floor":[80,80,80,80,80,80,80,80,80,80,80,80,80,83,83,83,83,86,86,86,89,89,89,92,92,92,95,95,95,95,95,95,95,95,95,95,95,95,95,95,95,95,95,98,98,98,98,98,98,98],"card_choices":[{"not_picked":["Battle Trance","Feel No Pain"],"picked":"Wild Strike","floor":1},{"not_picked":["Havoc","Anger"],"picked":"Twin Strike","floor":3},{"not_picked":["Heavy Blade","Clothesline"],"picked":"Shrug It Off","floor":5},{"not_picked":["Burning Pact","Evolve"],"picked":"Thunderclap","floor":6},{"not_picked":["Body Slam","Thunderclap"],"picked":"Anger","floor":8},{"not_picked":["Dual Wield","Body Slam"],"picked":"Iron Wave","floor":11},{"not_picked":["Rage","Spot Weakness"],"picked":"Feed","floor":13},{"not_picked":["Armaments","Ghostly Armor"],"picked":"Whirlwind","floor":14},{"not_picked":["Impervious","Feed"],"picked":"Demon Form","floor":16},{"not_picked":["True Grit","Thunderclap+1"],"picked":"Disarm","floor":18},{"not_picked":["Burning Pact","Flex"],"picked":"Twin Strike","floor":20},{"not_picked":["Clash+1","Heavy Blade"],"picked":"Pommel Strike","floor":21},{"not_picked":["Rupture","Carnage"],"picked":"Metallicize+1","floor":24},{"not_picked":["Clash","Hemokinesis+1","Wild Strike"],"picked":"Spot Weakness+1","floor":25},{"not_picked":["Armaments","Havoc","Cleave+1"],"picked":"Clothesline+1","floor":27},{"not_picked":["Feel No Pain+1","Iron Wave","Limit Break"],"picked":"Sword Boomerang+1","floor":29},{"not_picked":["Anger","Burning Pact","Carnage+1"],"picked":"Clothesline+1","floor":31},{"not_picked":["Dark Embrace","Immolate","Demon Form"],"picked":"Impervious","floor":33},{"not_picked":["Anger+1","Whirlwind+1","Warcry"],"picked":"Wild Strike+1","floor":35},{"not_picked":["Feel No Pain","Reckless Charge","Wild Strike"],"picked":"Inflame","floor":36},{"not_picked":["Cleave+1","Anger+1","Clothesline+1"],"picked":"Sword Boomerang+1","floor":38},{"not_picked":["Carnage","Sword Boomerang","Sever Soul"],"picked":"Headbutt+1","floor":39},{"not_picked":["Headbutt","True Grit+1","Spot Weakness","Entrench"],"picked":"SKIP","floor":40},{"not_picked":["Power Through+1","Clash+1","Double Tap","Thunderclap+1"],"picked":"SKIP","floor":44},{"not_picked":["Sword Boomerang","Havoc+1","Flex"],"picked":"Wild Strike","floor":45},{"not_picked":["Clash+1","Sword Boomerang","Corruption+1","Anger"],"picked":"SKIP","floor":46},{"not_picked":["Enlightenment","Purity","Mind Blast"],"picked":"Discovery","floor":48}],"player_experience":372633,"relics_obtained":[{"floor":6,"key":"Gremlin Horn"},{"floor":9,"key":"War Paint"},{"floor":11,"key":"Lantern"},{"floor":19,"key":"Pen Nib"},{"floor":24,"key":"Bird Faced Urn"},{"floor":24,"key":"Question Card"},{"floor":26,"key":"Bag of Preparation"},{"floor":31,"key":"Kunai"},{"floor":38,"key":"FossilizedHelix"},{"floor":40,"key":"Potion Belt"},{"floor":43,"key":"Letter Opener"}],"event_choices":[{"damage_healed":0,"gold_gain":0,"player_choice":"Leave","damage_taken":0,"max_hp_gain":0,"max_hp_loss":0,"event_name":"The Cleric","floor":2,"gold_loss":0},{"damage_healed":0,"gold_gain":0,"player_choice":"0 cards matched","damage_taken":0,"max_hp_gain":0,"max_hp_loss":0,"event_name":"Match and Keep!","floor":4,"gold_loss":0,"cards_obtained":[]},{"cards_removed":["Strike_R"],"damage_healed":0,"gold_gain":0,"player_choice":"Purged","damage_taken":0,"max_hp_gain":0,"max_hp_loss":0,"event_name":"Purifier","floor":10,"gold_loss":0},{"damage_healed":0,"gold_gain":0,"player_choice":"Fight","damage_taken":0,"max_hp_gain":0,"max_hp_loss":0,"event_name":"Colosseum","floor":24,"gold_loss":0},{"damage_healed":0,"gold_gain":0,"player_choice":"Fought Nobs","damage_taken":0,"max_hp_gain":0,"max_hp_loss":0,"event_name":"Colosseum","floor":24,"gold_loss":0},{"damage_healed":0,"gold_gain":0,"player_choice":"Joined the Cult","damage_taken":6,"max_hp_gain":0,"max_hp_loss":0,"event_name":"Nest","floor":30,"gold_loss":0,"cards_obtained":["RitualDagger"]},{"damage_healed":0,"gold_gain":0,"player_choice":"Fight","damage_taken":0,"max_hp_gain":0,"max_hp_loss":0,"event_name":"MindBloom","floor":38,"gold_loss":0},{"damage_healed":0,"gold_gain":0,"player_choice":"Memory 1","damage_taken":0,"max_hp_gain":0,"max_hp_loss":0,"event_name":"SensoryStone","floor":48,"gold_loss":0}],"is_beta":false,"boss_relics":[{"not_picked":["Tiny House","Runic Cube"],"picked":"Lizard Tail"},{"not_picked":["Black Star","Coffee Dripper"],"picked":"Empty Cage"}],"items_purged_floors":[],"is_endless":false,"potions_floor_spawned":[1,3,5,14,21,25,31,33,38,39,45],"ascension_level":8}