{"gold_per_floor":[110,110,35,55,75,75,42,42,42,53,228,246,265,265,265,265],"floor_reached":16,"playtime":656,"items_purged":["Strike_R"],"score":101,"play_id":"bdfc5a03-8692-47f2-a9cc-7558538a206b","local_time":"20190508134920","is_ascension_mode":true,"campfire_choices":[{"data":"Spot Weakness","floor":6,"key":"SMITH"},{"data":"Bash","floor":8,"key":"SMITH"},{"data":"Metallicize","floor":15,"key":"SMITH"}],"neow_cost":"NONE","seed_source_timestamp":7995443502428,"circlet_count":0,"master_deck":["Strike_R","Strike_R","Strike_R","Defend_R","Defend_R","Defend_R","Defend_R","Bash+1","Shrug It Off","Spot Weakness+1","Power Through","Metallicize+1","Doubt","Shrug It Off","True Grit","Injury"],"relics":["Burning Blood","Blue Candle","Golden Idol"],"potions_floor_usage":[],"damage_taken":[{"damage":12,"enemies":"Jaw Worm","floor":1,"turns":2},{"damage":11,"enemies":"2 Louse","floor":4,"turns":3},{"damage":10,"enemies":"Small Slimes","floor":5,"turns":4},{"damage":3,"enemies":"Looter","floor":10,"turns":3},{"damage":36,"enemies":"Lots of Slimes","floor":12,"turns":8},{"damage":2,"enemies":"3 Louse","floor":13,"turns":8},{"damage":52,"enemies":"Slime Boss","floor":16,"turns":9}],"seed_played":"4977539745364645554","potions_obtained":[{"floor":4,"key":"Swift Potion"},{"floor":12,"key":"FearPotion"},{"floor":13,"key":"SpeedPotion"}],"is_trial":false,"path_per_floor":["M","?","$","M","M","R","$","R","T","M","?","M","M","?","R","B"],"character_chosen":"IRONCLAD","items_purchased":["Power Through"],"campfire_rested":0,"item_purchase_floors":[7],"current_hp_per_floor":[74,79,79,74,70,70,70,70,70,73,73,43,47,47,47,0],"gold":265,"neow_bonus":"REMOVE_CARD","is_prod":false,"is_daily":false,"chose_seed":false,"campfire_upgraded":3,"win_rate":0,"timestamp":1557316160,"path_taken":["M","?","$","M","M","R","$","R","T","M","?","M","M","?","R","BOSS"],"build_version":"2019-01-23","purchased_purges":1,"victory":false,"max_hp_per_floor":[80,85,85,85,85,85,85,85,85,85,85,85,85,85,85,85],"card_choices":[{"not_picked":["Dual Wield","Heavy Blade"],"picked":"Shrug It Off","floor":1},{"not_picked":["Cleave","Clothesline"],"picked":"Spot Weakness","floor":4},{"not_picked":["Twin Strike","Havoc","Warcry"],"picked":"SKIP","floor":5},{"not_picked":["Heavy Blade","Evolve"],"picked":"Metallicize","floor":10},{"not_picked":["Pommel Strike","Twin Strike"],"picked":"Shrug It Off","floor":12},{"not_picked":["Battle Trance","Searing Blow"],"picked":"True Grit","floor":13}],"player_experience":288908,"relics_obtained":[{"floor":9,"key":"Blue Candle"}],"event_choices":[{"damage_healed":0,"gold_gain":0,"player_choice":"Donut","damage_taken":0,"max_hp_gain":5,"max_hp_loss":0,"event_name":"Big Fish","floor":2,"gold_loss":0},{"damage_healed":0,"gold_gain":175,"player_choice":"AGREE","damage_taken":0,"max_hp_gain":0,"max_hp_loss":0,"event_name":"Liars Game","floor":11,"gold_loss":0,"cards_obtained":["Doubt"]},{"damage_healed":0,"gold_gain":0,"player_choice":"Take Wound","damage_taken":0,"relics_obtained":["Golden Idol"],"max_hp_gain":0,"max_hp_loss":0,"event_name":"Golden Idol","floor":14,"gold_loss":0,"cards_obtained":["Injury"]}],"is_beta":false,"boss_relics":[],"items_purged_floors":[3],"is_endless":false,"potions_floor_spawned":[4,12,13],"killed_by":"Slime Boss","ascension_level":2}