{"gold_per_floor":[116,128,142,158,79,79,92,112,139,139,158,158,169,188,188,188],"floor_reached":16,"playtime":475,"items_purged":[],"score":191,"play_id":"ccdba7c0-832c-4960-a8e2-dbe46e8daf57","local_time":"20181129082518","is_ascension_mode":true,"campfire_choices":[{"data":"Riddle With Holes","floor":6,"key":"SMITH"},{"floor":12,"key":"REST"},{"data":"Footwork","floor":15,"key":"SMITH"}],"neow_cost":"NONE","seed_source_timestamp":49870220828606,"circlet_count":0,"master_deck":["AscendersBane","Defend_G","Defend_G","Defend_G","Defend_G","Defend_G","Strike_G","Strike_G","Strike_G","Strike_G","Strike_G","Survivor","Neutralize","Blade Dance","Backstab","Terror","Riddle With Holes+1","Footwork","Infinite Blades","Cloak And Dagger","Dodge and Roll","Footwork+1","After Image"],"relics":["Ring of the Snake","NeowsBlessing","Centennial Puzzle","CultistMask"],"potions_floor_usage":[8,16,16],"damage_taken":[{"damage":0,"enemies":"Small Slimes","floor":1,"turns":2},{"damage":0,"enemies":"Cultist","floor":2,"turns":1},{"damage":0,"enemies":"2 Louse","floor":3,"turns":1},{"damage":3,"enemies":"Exordium Wildlife","floor":4,"turns":4},{"damage":12,"enemies":"Large Slime","floor":7,"turns":4},{"damage":21,"enemies":"Gremlin Gang","floor":8,"turns":5},{"damage":13,"enemies":"Blue Slaver","floor":11,"turns":3},{"damage":0,"enemies":"3 Louse","floor":13,"turns":3},{"damage":1,"enemies":"Looter","floor":14,"turns":2},{"damage":21,"enemies":"Slime Boss","floor":16,"turns":9}],"seed_played":"-5727017850465643730","potions_obtained":[{"floor":2,"key":"EssenceOfSteel"},{"floor":13,"key":"Energy Potion"},{"floor":14,"key":"SkillPotion"}],"is_trial":false,"path_per_floor":["M","M","M","M","$","R","M","M","T","?","M","R","M","M","R","B"],"character_chosen":"THE_SILENT","items_purchased":["Footwork"],"campfire_rested":1,"item_purchase_floors":[5],"current_hp_per_floor":[59,59,59,56,56,56,44,23,23,23,10,29,29,28,28,7],"gold":188,"neow_bonus":"THREE_ENEMY_KILL","is_prod":false,"is_daily":false,"chose_seed":false,"campfire_upgraded":2,"win_rate":0,"timestamp":1543497918,"path_taken":["M","M","M","M","$","R","M","M","T","?","?","R","M","M","R","BOSS"],"build_version":"2018-11-15","purchased_purges":0,"victory":false,"max_hp_per_floor":[66,66,66,66,66,66,66,66,66,66,66,66,66,66,66,66],"card_choices":[{"not_picked":["Quick Slash","Cloak And Dagger"],"picked":"Blade Dance","floor":1},{"not_picked":["Slice","Sucker Punch"],"picked":"Backstab","floor":2},{"not_picked":["Sucker Punch","Prepared"],"picked":"Terror","floor":3},{"not_picked":["Catalyst","PiercingWail"],"picked":"Riddle With Holes","floor":4},{"not_picked":["Distraction","Deflect"],"picked":"Infinite Blades","floor":7},{"not_picked":["Quick Slash","Poisoned Stab"],"picked":"Cloak And Dagger","floor":8},{"not_picked":["Deadly Poison","Calculated Gamble"],"picked":"Dodge and Roll","floor":11},{"not_picked":["Quick Slash","Prepared"],"picked":"Footwork","floor":13},{"not_picked":["Acrobatics","Deflect"],"picked":"After Image","floor":14}],"player_experience":781011,"relics_obtained":[{"floor":9,"key":"Centennial Puzzle"}],"event_choices":[{"damage_healed":0,"gold_gain":0,"player_choice":"Trade","damage_taken":0,"relics_obtained":["CultistMask"],"max_hp_gain":0,"max_hp_loss":0,"event_name":"FaceTrader","floor":10,"gold_loss":0}],"is_beta":false,"boss_relics":[],"items_purged_floors":[],"is_endless":false,"potions_floor_spawned":[2,13,14],"killed_by":"Slime Boss","ascension_level":19}