{"gold_per_floor":[114,114,126,141,166,166,192,192,270,327,327,360,360,416,416,513,513,524,540,27,40,40,40,72,72,95,95,17,49,75,75,75,171,171,190,290,290,290,309,337,337,337,409,438,27,39,39,50,50,50],"floor_reached":50,"playtime":2665,"items_purged":["Pain"],"score":795,"play_id":"7db692eb-e324-42cf-8bac-b2d82f32d109","local_time":"20190401232110","is_ascension_mode":true,"campfire_choices":[{"data":"A Thousand Cuts","floor":6,"key":"SMITH"},{"data":"Blade Dance","floor":8,"key":"SMITH"},{"floor":11,"key":"REST"},{"data":"Cloak And Dagger","floor":15,"key":"SMITH"},{"floor":23,"key":"REST"},{"data":"Noxious Fumes","floor":25,"key":"SMITH"},{"data":"Footwork","floor":27,"key":"SMITH"},{"floor":32,"key":"REST"},{"data":"Infinite Blades","floor":41,"key":"SMITH"},{"floor":42,"key":"REST"},{"floor":49,"key":"RECALL"}],"neow_cost":"PERCENT_DAMAGE","seed_source_timestamp":1692039227993600,"circlet_count":0,"master_deck":["Defend_G","Defend_G","Defend_G","Strike_G","Strike_G","Strike_G","Strike_G","Survivor","Neutralize","A Thousand Cuts+1","Bouncing Flask","Flying Knee","Escape Plan","Blade Dance+1","Prepared","Cloak And Dagger+1","Cloak And Dagger","Corpse Explosion","Footwork+1","Noxious Fumes+1","Dramatic Entrance+1","Well Laid Plans","Caltrops","Endless Agony+1","Well Laid Plans","Blade Dance","Accuracy","A Thousand Cuts","Deflect+1","Blade Dance+1","Cloak And Dagger+1","Infinite Blades+1","Storm of Steel","All Out Attack+1","Escape Plan"],"relics":["Ring of the Snake","Anchor","Bird Faced Urn","Molten Egg 2","Bag of Preparation","Unceasing Top","Tiny Chest","WristBlade","ClockworkSouvenir","Snake Skull","WarpedTongs","Ornamental Fan","Dream Catcher","Omamori","Enchiridion","White Beast Statue","Ginger","Singing Bowl","WingedGreaves","Letter Opener","Happy Flower","Ice Cream"],"potions_floor_usage":[12,12,18,33,33,35,40,44,44,48,50,50,50],"damage_taken":[{"damage":4,"enemies":"Jaw Worm","floor":1,"turns":4},{"damage":11,"enemies":"Cultist","floor":3,"turns":5},{"damage":1,"enemies":"2 Louse","floor":4,"turns":3},{"damage":11,"enemies":"3 Sentries","floor":7,"turns":6},{"damage":12,"enemies":"3 Sentries","floor":10,"turns":4},{"damage":4,"enemies":"Gremlin Nob","floor":12,"turns":3},{"damage":5,"enemies":"3 Sentries","floor":14,"turns":3},{"damage":49,"enemies":"Hexaghost","floor":16,"turns":9},{"damage":13,"enemies":"Shell Parasite","floor":18,"turns":4},{"damage":8,"enemies":"3 Byrds","floor":19,"turns":3},{"damage":10,"enemies":"Sentry and Sphere","floor":21,"turns":4},{"damage":3,"enemies":"Gremlin Leader","floor":24,"turns":4},{"damage":14,"enemies":"Slavers","floor":29,"turns":2},{"damage":36,"enemies":"Collector","floor":33,"turns":6},{"damage":5,"enemies":"3 Darklings","floor":35,"turns":3},{"damage":29,"enemies":"Mind Bloom Boss Battle","floor":36,"turns":7},{"damage":21,"enemies":"Orb Walker","floor":39,"turns":4},{"damage":11,"enemies":"Reptomancer","floor":40,"turns":6},{"damage":52,"enemies":"Nemesis","floor":44,"turns":5},{"damage":9,"enemies":"3 Darklings","floor":46,"turns":3},{"damage":1,"enemies":"Transient","floor":48,"turns":5},{"damage":72,"enemies":"Awakened One","floor":50,"turns":3}],"seed_played":"-6273926360541221028","potions_obtained":[{"floor":4,"key":"Block Potion"},{"floor":10,"key":"GamblersBrew"},{"floor":14,"key":"Ancient Potion"},{"floor":16,"key":"Poison Potion"},{"floor":24,"key":"Block Potion"},{"floor":33,"key":"AttackPotion"},{"floor":35,"key":"SteroidPotion"},{"floor":36,"key":"FearPotion"},{"floor":39,"key":"GhostInAJar"},{"floor":40,"key":"Swift Potion"},{"floor":44,"key":"LiquidBronze"},{"floor":46,"key":"Block Potion"},{"floor":48,"key":"Explosive Potion"}],"is_trial":false,"path_per_floor":["M","?","M","M","T","R","E","R","T","?","R","E","?","E","R","B",null,"M","M","$","M","?","R","E","R","T","R","$","E","T","?","R","B",null,"M","?","T","?","M","E","R","R","T","E","$","M","$","M","R","B"],"character_chosen":"THE_SILENT","items_purchased":["ClockworkSouvenir","Snake Skull","Dramatic Entrance+1","Well Laid Plans","Well Laid Plans","Ice Cream","All Out Attack+1"],"campfire_rested":4,"item_purchase_floors":[20,20,20,20,28,45,45],"current_hp_per_floor":[41,70,59,58,58,58,47,47,47,37,58,56,56,53,53,6,54,43,39,39,37,37,58,65,65,65,65,65,58,58,42,63,38,62,70,51,51,51,44,49,49,72,72,34,34,37,37,54,54,0],"gold":50,"neow_bonus":"TRANSFORM_TWO_CARDS","is_prod":false,"is_daily":false,"chose_seed":false,"campfire_upgraded":6,"win_rate":0,"timestamp":1554186070,"path_taken":["M","?","M","?","?","R","E","R","T","?","R","E","?","E","R","BOSS","M","M","$","M","?","R","E","R","T","R","?","E","?","?","R","BOSS","M","?","?","?","M","E","R","R","T","E","$","M","?","?","R","BOSS"],"build_version":"2019-01-23","purchased_purges":1,"victory":false,"max_hp_per_floor":[70,70,70,70,70,70,70,70,70,70,70,70,70,70,70,70,70,70,70,70,70,70,70,70,70,70,70,70,70,70,70,70,70,70,70,70,70,70,70,70,70,72,72,72,72,72,72,74,74,74],"card_choices":[{"not_picked":["Sucker Punch","Reflex"],"picked":"Bouncing Flask","floor":1},{"not_picked":["Deadly Poison","Bane"],"picked":"Flying Knee","floor":3},{"not_picked":["Dagger Throw","Endless Agony"],"picked":"Escape Plan","floor":4},{"not_picked":["Expertise","Slice"],"picked":"Blade Dance","floor":7},{"not_picked":["Setup","Deadly Poison"],"picked":"Prepared","floor":10},{"not_picked":["Crippling Poison","Sucker Punch+1"],"picked":"Cloak And Dagger","floor":12},{"not_picked":["Skewer+1","Blur"],"picked":"Cloak And Dagger","floor":14},{"not_picked":["Phantasmal Killer","Wraith Form v2"],"picked":"Corpse Explosion","floor":16},{"not_picked":["PiercingWail","Backflip"],"picked":"Footwork","floor":18},{"not_picked":["Skewer+1","Acrobatics"],"picked":"Noxious Fumes","floor":19},{"not_picked":["Acrobatics","Underhanded Strike+1"],"picked":"Caltrops","floor":21},{"not_picked":["Expertise","Deadly Poison"],"picked":"Endless Agony+1","floor":24},{"not_picked":["Slice+1","Deflect+1"],"picked":"Blade Dance","floor":29},{"not_picked":["Expertise","Dagger Throw+1"],"picked":"Accuracy","floor":32},{"not_picked":["Storm of Steel","Unload+1"],"picked":"A Thousand Cuts","floor":33},{"not_picked":["Slice+1","Backflip"],"picked":"Deflect+1","floor":35},{"not_picked":["Prepared+1","Backflip+1"],"picked":"Blade Dance+1","floor":36},{"not_picked":["Prepared+1","Acrobatics"],"picked":"Cloak And Dagger+1","floor":39},{"not_picked":["Deflect","Dodge and Roll"],"picked":"Infinite Blades","floor":40},{"not_picked":["Catalyst+1","Blur","Deflect+1"],"picked":"Singing Bowl","floor":42},{"not_picked":["Heel Hook+1","Sucker Punch+1"],"picked":"Storm of Steel","floor":44},{"not_picked":["Bane+1","Reflex"],"picked":"Escape Plan","floor":46},{"not_picked":["PiercingWail+1","Underhanded Strike+1","Deflect"],"picked":"Singing Bowl","floor":48}],"player_experience":445367,"relics_obtained":[{"floor":5,"key":"Anchor"},{"floor":7,"key":"Bird Faced Urn"},{"floor":9,"key":"Molten Egg 2"},{"floor":10,"key":"Bag of Preparation"},{"floor":12,"key":"Unceasing Top"},{"floor":14,"key":"Tiny Chest"},{"floor":24,"key":"Ornamental Fan"},{"floor":29,"key":"Dream Catcher"},{"floor":30,"key":"Omamori"},{"floor":31,"key":"Enchiridion"},{"floor":36,"key":"Ginger"},{"floor":37,"key":"Singing Bowl"},{"floor":40,"key":"WingedGreaves"},{"floor":43,"key":"Letter Opener"},{"floor":44,"key":"Happy Flower"}],"event_choices":[{"cards_removed":["Finisher"],"damage_healed":29,"gold_gain":0,"player_choice":"Offered Uncommon","damage_taken":0,"max_hp_gain":0,"max_hp_loss":0,"event_name":"Bonfire Elementals","floor":2,"gold_loss":0},{"damage_healed":0,"gold_gain":0,"player_choice":"Searched \u00271\u0027 times","damage_taken":0,"max_hp_gain":0,"max_hp_loss":0,"event_name":"Dead Adventurer","floor":10,"gold_loss":0},{"damage_healed":0,"gold_gain":0,"player_choice":"Ignored","damage_taken":0,"max_hp_gain":0,"max_hp_loss":0,"event_name":"Golden Wing","floor":13,"gold_loss":0},{"damage_healed":0,"gold_gain":0,"player_choice":"Rummage","damage_taken":0,"relics_obtained":["WarpedTongs"],"max_hp_gain":0,"max_hp_loss":0,"event_name":"Accursed Blacksmith","floor":22,"gold_loss":0,"cards_obtained":["Pain"]},{"damage_healed":0,"gold_gain":0,"player_choice":"Obtained Book","damage_taken":16,"max_hp_gain":0,"max_hp_loss":0,"event_name":"Cursed Tome","floor":31,"gold_loss":0},{"damage_healed":0,"gold_gain":0,"player_choice":"Fight","damage_taken":0,"max_hp_gain":0,"max_hp_loss":0,"event_name":"MindBloom","floor":36,"gold_loss":0},{"cards_removed":["Strike_G"],"damage_healed":0,"gold_gain":0,"player_choice":"Removed Attack","damage_taken":0,"max_hp_gain":0,"max_hp_loss":0,"event_name":"Falling","floor":38,"gold_loss":0}],"is_beta":false,"boss_relics":[{"not_picked":["Snecko Eye","HoveringKite"],"picked":"WristBlade"},{"not_picked":["Empty Cage","Lizard Tail"],"picked":"White Beast Statue"}],"items_purged_floors":[45],"is_endless":false,"potions_floor_spawned":[4,10,14,16,24,33,35,36,39,40,44,46,48],"killed_by":"Awakened One","ascension_level":8}