{"gold_per_floor":[118,138,213,213,223,223,250,267,267,20,47,60,136,61,61,156,156,174,26,40,50,67,67,77,77,77,107,184,195,205,205],"floor_reached":31,"playtime":1900,"items_purged":["Pain"],"score":249,"play_id":"462bcfca-79bb-4333-8ebc-bd55719a8fa6","local_time":"20190222164933","is_ascension_mode":false,"campfire_choices":[{"data":"Quick Slash","floor":6,"key":"SMITH"},{"data":"Wraith Form v2","floor":15,"key":"SMITH"},{"floor":23,"key":"REST"},{"data":"Skewer","floor":25,"key":"SMITH"}],"neow_cost":"NONE","seed_source_timestamp":512165386813335,"circlet_count":0,"master_deck":["Defend_G","Defend_G","Defend_G","Defend_G","Defend_G","Strike_G","Strike_G","Strike_G","Strike_G","Strike_G","Survivor","Neutralize","Deadly Poison","Quick Slash+1","Deadly Poison","Skewer+1","Wraith Form v2+1","Dagger Spray","Slice","Corpse Explosion","Terror+1","Bouncing Flask","Cloak And Dagger","Quick Slash","Quick Slash","Sucker Punch","Shame","Dash+1","Bane+1"],"relics":["Eternal Feather","WarpedTongs","Paper Crane","Bottled Flame","Question Card","Singing Bowl","HoveringKite","Dream Catcher","Matryoshka","Tiny Chest","Bag of Preparation","The Courier"],"potions_floor_usage":[7,16,16,21,31],"damage_taken":[{"damage":1,"enemies":"Jaw Worm","floor":1,"turns":7},{"damage":0,"enemies":"2 Louse","floor":2,"turns":3},{"damage":10,"enemies":"Cultist","floor":5,"turns":4},{"damage":24,"enemies":"Lagavulin","floor":7,"turns":6},{"damage":5,"enemies":"Exordium Wildlife","floor":8,"turns":4},{"damage":13,"enemies":"Gremlin Nob","floor":11,"turns":5},{"damage":2,"enemies":"2 Fungi Beasts","floor":12,"turns":4},{"damage":15,"enemies":"The Guardian","floor":16,"turns":8},{"damage":11,"enemies":"Shell Parasite","floor":18,"turns":5},{"damage":5,"enemies":"Spheric Guardian","floor":20,"turns":6},{"damage":28,"enemies":"Cultist and Chosen","floor":21,"turns":8},{"damage":14,"enemies":"Centurion and Healer","floor":22,"turns":5},{"damage":0,"enemies":"Snecko","floor":24,"turns":6},{"damage":15,"enemies":"Snake Plant","floor":29,"turns":4},{"damage":11,"enemies":"Centurion and Healer","floor":30,"turns":4},{"damage":40,"enemies":"Masked Bandits","floor":31,"turns":4}],"seed_played":"7821230628045028983","potions_obtained":[{"floor":5,"key":"Energy Potion"},{"floor":11,"key":"Swift Potion"},{"floor":12,"key":"Energy Potion"},{"floor":20,"key":"PowerPotion"},{"floor":24,"key":"Block Potion"},{"floor":30,"key":"Fire Potion"}],"is_trial":false,"path_per_floor":["M","M","?","?","M","R","E","M","T","$","E","M","?","$","R","B",null,"M","$","M","M","M","R","M","R","T","?","T","M","M","?"],"character_chosen":"THE_SILENT","items_purchased":["Question Card","Dream Catcher"],"campfire_rested":1,"item_purchase_floors":[10,19],"current_hp_per_floor":[69,69,58,58,48,57,33,28,28,28,15,13,13,13,22,7,70,59,59,54,26,12,45,45,60,60,60,60,45,34,0],"gold":205,"neow_bonus":"BOSS_RELIC","is_prod":false,"is_daily":false,"chose_seed":false,"campfire_upgraded":3,"win_rate":0,"timestamp":1550875773,"path_taken":["M","M","?","?","M","R","E","?","T","$","E","M","?","$","R","BOSS","M","$","M","M","M","R","M","R","T","?","?","?","M","?"],"build_version":"2019-01-23","purchased_purges":1,"victory":false,"max_hp_per_floor":[70,70,70,70,70,70,70,70,70,70,70,70,70,70,70,70,70,70,70,70,70,70,70,70,70,70,70,70,70,70,70],"card_choices":[{"not_picked":["Deflect","Outmaneuver"],"picked":"Deadly Poison","floor":1},{"not_picked":["Slice","Backflip"],"picked":"Quick Slash","floor":2},{"not_picked":["Sucker Punch","Caltrops"],"picked":"Deadly Poison","floor":5},{"not_picked":["Dodge and Roll","Prepared"],"picked":"Skewer","floor":7},{"not_picked":["Outmaneuver","Acrobatics"],"picked":"Wraith Form v2","floor":8},{"not_picked":["Distraction","Storm of Steel","Dagger Throw"],"picked":"Dagger Spray","floor":11},{"not_picked":["Choke","Riddle With Holes","Bane"],"picked":"Slice","floor":12},{"not_picked":["Die Die Die","Unload","Venomology"],"picked":"Corpse Explosion","floor":16},{"not_picked":["Outmaneuver","Dagger Throw","PiercingWail"],"picked":"Terror+1","floor":18},{"not_picked":["Accuracy","Dagger Throw","Backstab"],"picked":"Bouncing Flask","floor":20},{"not_picked":["Well Laid Plans","Bouncing Flask","Sucker Punch"],"picked":"Cloak And Dagger","floor":21},{"not_picked":["Doppelganger","Tactician","Bouncing Flask+1"],"picked":"Quick Slash","floor":22},{"not_picked":["Backflip","Dagger Spray","Outmaneuver"],"picked":"Quick Slash","floor":23},{"not_picked":["PiercingWail","Finisher","Envenom"],"picked":"Sucker Punch","floor":24},{"not_picked":["Sucker Punch","Eviscerate","Dagger Throw"],"picked":"Dash+1","floor":29},{"not_picked":["Sucker Punch","Well Laid Plans","Dagger Spray"],"picked":"Bane+1","floor":30}],"player_experience":64158,"relics_obtained":[{"floor":7,"key":"Paper Crane"},{"floor":9,"key":"Bottled Flame"},{"floor":11,"key":"Singing Bowl"},{"floor":26,"key":"Matryoshka"},{"floor":28,"key":"Bag of Preparation"},{"floor":28,"key":"The Courier"}],"event_choices":[{"damage_healed":0,"gold_gain":75,"player_choice":"Gather Gold","damage_taken":11,"max_hp_gain":0,"max_hp_loss":0,"event_name":"World of Goop","floor":3,"gold_loss":0},{"damage_healed":0,"gold_gain":0,"player_choice":"Rummage","damage_taken":0,"relics_obtained":["WarpedTongs"],"max_hp_gain":0,"max_hp_loss":0,"event_name":"Accursed Blacksmith","floor":4,"gold_loss":0,"cards_obtained":["Pain"]},{"damage_healed":0,"gold_gain":76,"player_choice":"Gained Gold","damage_taken":0,"max_hp_gain":0,"max_hp_loss":0,"event_name":"Golden Wing","floor":13,"gold_loss":0},{"damage_healed":0,"gold_gain":0,"player_choice":"Stole Relic","damage_taken":0,"relics_obtained":["Tiny Chest"],"max_hp_gain":0,"max_hp_loss":0,"event_name":"Addict","floor":27,"gold_loss":0,"cards_obtained":["Shame"]},{"damage_healed":0,"gold_gain":0,"player_choice":"Fought Bandits","damage_taken":0,"max_hp_gain":0,"max_hp_loss":0,"event_name":"Masked Bandits","floor":31,"gold_loss":0}],"is_beta":false,"boss_relics":[{"not_picked":["Runic Dome","Lizard Tail"],"picked":"HoveringKite"}],"items_purged_floors":[14],"is_endless":false,"potions_floor_spawned":[5,11,12,20,24,30],"killed_by":"Masked Bandits","ascension_level":0}