{"gold_per_floor":[113,133,133,208,220,220,231,231,285,285,311,328,328,344,344,344],"floor_reached":16,"playtime":300,"items_purged":[],"score":204,"play_id":"22a7a66b-f286-449f-b682-c9f4bbb5518a","local_time":"20190425151201","is_ascension_mode":true,"campfire_choices":[{"data":"Bash","floor":6,"key":"SMITH"},{"data":"Sword Boomerang","floor":10,"key":"SMITH"},{"data":"Cleave","floor":13,"key":"SMITH"},{"data":"Heavy Blade","floor":15,"key":"SMITH"}],"neow_cost":"NONE","seed_source_timestamp":178161517766039,"circlet_count":0,"master_deck":["AscendersBane","Strike_R","Strike_R","Strike_R","Strike_R","Strike_R","Defend_R","Defend_R","Defend_R","Defend_R","Bash+1","Heavy Blade+1","Sword Boomerang+1","Headbutt","Cleave+1","Dark Embrace"],"relics":["Burning Blood","NeowsBlessing","FaceOfCleric","Orichalcum","Omamori"],"potions_floor_usage":[11,11,16],"damage_taken":[{"damage":0,"enemies":"2 Louse","floor":1,"turns":1},{"damage":0,"enemies":"Jaw Worm","floor":2,"turns":1},{"damage":0,"enemies":"Cultist","floor":5,"turns":1},{"damage":16,"enemies":"Blue Slaver","floor":7,"turns":3},{"damage":17,"enemies":"3 Sentries","floor":11,"turns":6},{"damage":12,"enemies":"Red Slaver","floor":12,"turns":3},{"damage":10,"enemies":"2 Fungi Beasts","floor":14,"turns":3},{"damage":50,"enemies":"Slime Boss","floor":16,"turns":8}],"seed_played":"-6780708677645191687","potions_obtained":[{"floor":1,"key":"Energy Potion"},{"floor":7,"key":"Fire Potion"},{"floor":11,"key":"Ancient Potion"},{"floor":14,"key":"SteroidPotion"}],"is_trial":false,"path_per_floor":["M","M","?","?","M","R","M","?","T","R","E","M","R","M","R","B"],"character_chosen":"IRONCLAD","items_purchased":[],"campfire_rested":0,"item_purchase_floors":[],"current_hp_per_floor":[74,75,75,64,70,70,60,60,60,60,50,45,45,42,42,0],"gold":344,"neow_bonus":"THREE_ENEMY_KILL","is_prod":false,"is_daily":false,"chose_seed":false,"campfire_upgraded":4,"win_rate":0,"timestamp":1556219521,"path_taken":["M","M","?","?","M","R","M","?","T","R","E","?","R","M","R","BOSS"],"build_version":"2019-01-23","purchased_purges":0,"victory":false,"max_hp_per_floor":[75,75,75,75,75,75,75,75,75,75,76,77,77,78,78,78],"card_choices":[{"not_picked":["Armaments","Wild Strike"],"picked":"Heavy Blade","floor":1},{"not_picked":["Armaments","Heavy Blade"],"picked":"Sword Boomerang","floor":2},{"not_picked":["Sever Soul","Armaments","Hemokinesis"],"picked":"SKIP","floor":5},{"not_picked":["Reckless Charge","Intimidate"],"picked":"Headbutt","floor":7},{"not_picked":["Heavy Blade","Seeing Red","Warcry"],"picked":"SKIP","floor":11},{"not_picked":["Heavy Blade","Battle Trance"],"picked":"Cleave","floor":12},{"not_picked":["Anger","Clothesline"],"picked":"Dark Embrace","floor":14}],"player_experience":928467,"relics_obtained":[{"floor":9,"key":"Orichalcum"},{"floor":11,"key":"Omamori"}],"event_choices":[{"damage_healed":0,"gold_gain":0,"player_choice":"Fled","damage_taken":0,"max_hp_gain":0,"max_hp_loss":0,"event_name":"Scrap Ooze","floor":3,"gold_loss":0},{"damage_healed":0,"gold_gain":75,"player_choice":"Gather Gold","damage_taken":11,"max_hp_gain":0,"max_hp_loss":0,"event_name":"World of Goop","floor":4,"gold_loss":0},{"damage_healed":0,"gold_gain":0,"player_choice":"Trade","damage_taken":0,"relics_obtained":["FaceOfCleric"],"max_hp_gain":0,"max_hp_loss":0,"event_name":"FaceTrader","floor":8,"gold_loss":0}],"is_beta":false,"boss_relics":[],"items_purged_floors":[],"is_endless":false,"potions_floor_spawned":[1,7,11,14],"killed_by":"Slime Boss","ascension_level":20}