{"gold_per_floor":[112,39,50,225,124,151,161,161,161,161,236,87,87,101,101,203,203,215,233,243,243,87,87,117,129,155,155,183,200,200,211,211,311,311,326,344,344,66,76,76,108,108,189,200,200,214,214,259,259,259],"floor_reached":51,"playtime":2650,"items_purged":["Doubt","Fire Breathing"],"score":1023,"play_id":"18695c84-01c9-4d93-bc1e-e7277d7f32d6","local_time":"20190412011635","is_ascension_mode":true,"campfire_choices":[{"data":"Feed","floor":8,"key":"SMITH"},{"data":"Inflame","floor":10,"key":"SMITH"},{"data":"Bash","floor":13,"key":"SMITH"},{"floor":15,"key":"REST"},{"data":"Shockwave","floor":23,"key":"SMITH"},{"floor":27,"key":"REST"},{"data":"Immolate","floor":30,"key":"SMITH"},{"data":"Feed","floor":32,"key":"SMITH"},{"floor":40,"key":"REST"},{"floor":45,"key":"REST"},{"floor":47,"key":"REST"},{"floor":49,"key":"REST"}],"neow_cost":"NONE","seed_source_timestamp":98410023083900,"circlet_count":0,"master_deck":["Bash+1","Dark Embrace","Body Slam","Inflame+1","Cleave","Clothesline","Dropkick","Feed+1","Shrug It Off","Reaper","Dropkick","Immolate+1","Twin Strike","Shockwave+1","Feed+1","True Grit","Pommel Strike","Pommel Strike","Headbutt","Anger","Armaments+1","Spot Weakness","Offering","Twin Strike+1","Flex","Flex+1","Pommel Strike+1","Reaper","Intimidate+1","Limit Break","Twin Strike","Twin Strike+1","Pummel"],"special_seed":0,"relics":["Burning Blood","Shuriken","Orichalcum","War Paint","Pandora\u0027s Box","PreservedInsect","Boot","Juzu Bracelet","Bronze Scales","Fusion Hammer","Smiling Mask","GremlinMask","Singing Bowl","Charon\u0027s Ashes"],"potions_floor_usage":[16,24,29,33,41,44,50],"damage_taken":[{"damage":2,"enemies":"Small Slimes","floor":1,"turns":5},{"damage":5,"enemies":"2 Louse","floor":3,"turns":3},{"damage":40,"enemies":"3 Sentries","floor":6,"turns":8},{"damage":7,"enemies":"Jaw Worm","floor":7,"turns":4},{"damage":6,"enemies":"Exordium Thugs","floor":14,"turns":4},{"damage":16,"enemies":"The Guardian","floor":16,"turns":9},{"damage":21,"enemies":"Spheric Guardian","floor":18,"turns":4},{"damage":2,"enemies":"Chosen","floor":19,"turns":3},{"damage":21,"enemies":"Sentry and Sphere","floor":20,"turns":4},{"damage":47,"enemies":"Slavers","floor":24,"turns":3},{"damage":12,"enemies":"Snake Plant","floor":25,"turns":3},{"damage":15,"enemies":"Book of Stabbing","floor":28,"turns":3},{"damage":27,"enemies":"Shelled Parasite and Fungi","floor":29,"turns":4},{"damage":15,"enemies":"Centurion and Healer","floor":31,"turns":3},{"damage":40,"enemies":"Collector","floor":33,"turns":6},{"damage":10,"enemies":"Orb Walker","floor":35,"turns":2},{"damage":32,"enemies":"3 Darklings","floor":36,"turns":3},{"damage":54,"enemies":"4 Shapes","floor":39,"turns":4},{"damage":15,"enemies":"Giant Head","floor":41,"turns":5},{"damage":33,"enemies":"Spire Growth","floor":44,"turns":4},{"damage":44,"enemies":"Sphere and 2 Shapes","floor":46,"turns":3},{"damage":50,"enemies":"2 Orb Walkers","floor":48,"turns":4},{"damage":114,"enemies":"Donu and Deca","floor":50,"turns":6}],"seed_played":"-7726864442061305115","potions_obtained":[{"floor":6,"key":"BloodPotion"},{"floor":7,"key":"AttackPotion"},{"floor":18,"key":"SteroidPotion"},{"floor":25,"key":"Regen Potion"},{"floor":29,"key":"Energy Potion"},{"floor":31,"key":"PowerPotion"},{"floor":33,"key":"FearPotion"},{"floor":35,"key":"SkillPotion"},{"floor":39,"key":"AttackPotion"},{"floor":41,"key":"BloodPotion"},{"floor":46,"key":"Strength Potion"}],"is_trial":false,"path_per_floor":["M","$","M","?","$","E","M","R","T","R","?","$","R","M","R","B",null,"M","M","M","?","$","R","E","M","T","R","E","M","R","M","R","B",null,"M","M","?","$","M","R","E","?","T","M","R","M","R","?","R","B",null],"character_chosen":"IRONCLAD","items_purchased":["Inflame","Clothesline","War Paint","PreservedInsect","Limit Break","Twin Strike"],"campfire_rested":6,"item_purchase_floors":[2,5,12,22,38,38],"current_hp_per_floor":[76,76,77,77,77,43,42,42,42,42,31,31,31,35,60,50,76,61,65,54,54,54,54,39,37,37,65,60,57,57,67,67,60,98,106,104,104,104,99,114,109,109,109,97,124,92,130,128,136,47],"gold":259,"neow_bonus":"ONE_RANDOM_RARE_CARD","is_prod":false,"is_daily":false,"chose_seed":false,"campfire_upgraded":6,"win_rate":0,"timestamp":1555046195,"path_taken":["M","$","M","?","$","E","M","R","T","R","?","$","R","M","R","BOSS","M","M","M","?","$","R","E","M","T","R","E","M","R","M","R","BOSS","M","M","?","$","M","R","E","?","T","M","R","M","R","?","R","BOSS"],"build_version":"2019-01-23","purchased_purges":2,"victory":true,"max_hp_per_floor":[80,80,80,80,80,80,80,80,80,80,80,80,80,84,84,84,84,84,84,88,88,88,88,91,95,95,95,99,103,103,110,110,110,110,110,110,110,110,114,114,118,118,118,124,124,130,130,136,136,140],"card_choices":[{"not_picked":["Clash","Clothesline"],"picked":"Body Slam","floor":1},{"not_picked":["Iron Wave","Rampage"],"picked":"Cleave","floor":3},{"not_picked":["Blood for Blood","Havoc"],"picked":"Dropkick","floor":6},{"not_picked":["Infernal Blade","Clash"],"picked":"Feed","floor":7},{"not_picked":["Warcry","Anger"],"picked":"Shrug It Off","floor":14},{"not_picked":["Juggernaut","Barricade"],"picked":"Reaper","floor":16},{"not_picked":["Iron Wave","Wild Strike+1"],"picked":"Headbutt","floor":18},{"not_picked":["Dual Wield+1","Bloodletting"],"picked":"Anger","floor":19},{"not_picked":["Havoc+1","Wild Strike"],"picked":"Armaments+1","floor":20},{"not_picked":["Rupture","Second Wind"],"picked":"Offering","floor":24},{"not_picked":["True Grit","Whirlwind"],"picked":"Twin Strike+1","floor":25},{"not_picked":["Armaments","Carnage"],"picked":"Flex","floor":28},{"not_picked":["Ghostly Armor+1","Shrug It Off"],"picked":"Flex+1","floor":29},{"not_picked":["Reckless Charge","Thunderclap"],"picked":"Pommel Strike+1","floor":31},{"not_picked":["Dark Embrace","Bludgeon"],"picked":"Reaper","floor":33},{"not_picked":["Rupture+1","Perfected Strike+1","Burning Pact"],"picked":"SKIP","floor":35},{"not_picked":["Rampage+1","Wild Strike"],"picked":"Intimidate+1","floor":36},{"not_picked":["Clothesline","Warcry"],"picked":"Twin Strike+1","floor":39},{"not_picked":["Clash+1","Carnage"],"picked":"Pummel","floor":41},{"not_picked":["Metallicize","Bloodletting+1","Infernal Blade"],"picked":"Singing Bowl","floor":44},{"not_picked":["Reckless Charge+1","Berserk","Flex"],"picked":"Singing Bowl","floor":46},{"not_picked":["Seeing Red+1","Perfected Strike","Wild Strike+1"],"picked":"Singing Bowl","floor":48}],"player_experience":317307,"relics_obtained":[{"floor":6,"key":"Shuriken"},{"floor":9,"key":"Orichalcum"},{"floor":24,"key":"Boot"},{"floor":26,"key":"Juzu Bracelet"},{"floor":28,"key":"Bronze Scales"},{"floor":41,"key":"Smiling Mask"},{"floor":43,"key":"Singing Bowl"},{"floor":48,"key":"Charon\u0027s Ashes"}],"event_choices":[{"damage_healed":0,"gold_gain":175,"player_choice":"AGREE","damage_taken":0,"max_hp_gain":0,"max_hp_loss":0,"event_name":"Liars Game","floor":4,"gold_loss":0,"cards_obtained":["Doubt"]},{"damage_healed":0,"gold_gain":75,"player_choice":"Gather Gold","damage_taken":11,"max_hp_gain":0,"max_hp_loss":0,"event_name":"World of Goop","floor":11,"gold_loss":0},{"damage_healed":0,"gold_gain":0,"player_choice":"Read","damage_taken":0,"max_hp_gain":0,"max_hp_loss":0,"event_name":"The Library","floor":21,"gold_loss":0,"cards_obtained":["Spot Weakness"]},{"damage_healed":0,"gold_gain":0,"player_choice":"Ignored","damage_taken":0,"max_hp_gain":0,"max_hp_loss":0,"event_name":"Tomb of Lord Red Mask","floor":37,"gold_loss":0},{"damage_healed":0,"gold_gain":0,"player_choice":"Trade","damage_taken":0,"relics_obtained":["GremlinMask"],"max_hp_gain":0,"max_hp_loss":0,"event_name":"FaceTrader","floor":42,"gold_loss":0},{"damage_healed":0,"gold_gain":0,"player_choice":"Fight","damage_taken":0,"max_hp_gain":0,"max_hp_loss":0,"event_name":"Mysterious Sphere","floor":48,"gold_loss":0}],"is_beta":false,"boss_relics":[{"not_picked":["Runic Pyramid","Ectoplasm"],"picked":"Pandora\u0027s Box"},{"not_picked":["Empty Cage","Astrolabe"],"picked":"Fusion Hammer"}],"items_purged_floors":[5,38],"is_endless":false,"potions_floor_spawned":[6,7,18,25,29,31,33,35,39,41,46,48],"ascension_level":7}