{"gold_per_floor":[118,118,118,118,138,138,138,138,138,138,83,83,83,83,83,179,179,193,211,231,231,20,44,44,44,112,112,112,136,177,190,190,289,289,310,331,331,331,346,346],"floor_reached":40,"playtime":1297,"items_purged":[],"score":934,"play_id":"922f4ee8-1f1c-4c0e-9ffa-831a23a14428","local_time":"20190310021218","is_ascension_mode":true,"campfire_choices":[{"data":"Zap","floor":6.0,"key":"SMITH"},{"data":"Dualcast","floor":10.0,"key":"SMITH"},{"data":"Conserve Battery","floor":12.0,"key":"SMITH"},{"data":"Hologram","floor":15.0,"key":"SMITH"},{"data":"Steam Power","floor":24.0,"key":"SMITH"},{"floor":27.0,"key":"REST"},{"data":"Turbo","floor":32.0,"key":"SMITH"}],"neow_cost":"NONE","seed_source_timestamp":0,"circlet_count":0,"master_deck":["AscendersBane","Zap+1","Dualcast+1","Conserve Battery+1","Hologram+1","Seek","Tempest","Loop","Skim","Turbo","Turbo+1","Steam Power+1","Streamline","Hologram","Reinforced Body","Biased Cognition","Buffer","Undo","Dark Shackles"],"special_seed":0,"relics":["Cracked Core","Golden Idol","Pandora\u0027s Box","Medical Kit","Bottled Lightning","Nloth\u0027s Gift","Strawberry","Sozu","Mercury Hourglass"],"potions_floor_usage":[],"damage_taken":[{"damage":0.0,"enemies":"Cultist","floor":1.0,"turns":1.0},{"damage":0.0,"enemies":"2 Louse","floor":5.0,"turns":1.0},{"damage":0.0,"enemies":"The Guardian","floor":16.0,"turns":1.0},{"damage":16.0,"enemies":"3 Byrds","floor":18.0,"turns":3.0},{"damage":21.0,"enemies":"Chosen","floor":19.0,"turns":4.0},{"damage":1.0,"enemies":"Snake Plant","floor":20.0,"turns":3.0},{"damage":4.0,"enemies":"Centurion and Healer","floor":23.0,"turns":5.0},{"damage":12.0,"enemies":"3 Cultists","floor":29.0,"turns":4.0},{"damage":15.0,"enemies":"Slavers","floor":30.0,"turns":3.0},{"damage":0.0,"enemies":"Snake Plant","floor":31.0,"turns":2.0},{"damage":12.0,"enemies":"Automaton","floor":33.0,"turns":8.0},{"damage":29.0,"enemies":"3 Darklings","floor":35.0,"turns":7.0},{"damage":2,"enemies":"3 Shapes","floor":36,"turns":4},{"damage":19,"enemies":"Jaw Worm Horde","floor":39,"turns":4},{"damage":0,"enemies":"Nemesis","floor":40,"turns":1}],"seed_played":"-5459438831790487675","potions_obtained":[{"floor":1.0,"key":"Weak Potion"},{"floor":19.0,"key":"Block Potion"},{"floor":23.0,"key":"Explosive Potion"},{"floor":30.0,"key":"SpeedPotion"},{"floor":33.0,"key":"Explosive Potion"}],"is_trial":false,"path_per_floor":["M","$","?","?","M","R","?","$","T","R","$","R","?","$","R","B",null,"M","M","M","?","$","M","R","$","T","R","?","M","E","M","R","B",null,"M","M","?","T","M","E"],"character_chosen":"DEFECT","items_purchased":["Conserve Battery","Medical Kit"],"campfire_rested":1,"item_purchase_floors":[11,22],"current_hp_per_floor":[64,64,43,19,19,19,19,19,19,19,19,19,19,19,19,19,58,42,21,20,20,20,16,16,16,16,37,37,25,17,17,17,5,60,31,29,29,29,10,10],"gold":346,"neow_bonus":"THREE_ENEMY_KILL","is_prod":false,"is_daily":false,"chose_seed":true,"campfire_upgraded":6,"win_rate":0,"timestamp":1552155138,"path_taken":["M","?","?","?","?","R","?","$","T","R","$","R","?","?","R","BOSS","M","?","M","?","$","M","R","$","T","R","?","M","E","?","R","BOSS","M","M","?","?","M","E"],"build_version":"2019-01-23","purchased_purges":0,"victory":false,"max_hp_per_floor":[71,71,71,71,71,71,71,71,71,71,71,71,71,71,71,71,71,71,71,71,71,71,71,71,71,71,71,71,71,78,78,78,78,78,78,78,78,78,78,78],"card_choices":[{"not_picked":["Consume","Steam","Go for the Eyes"],"picked":"SKIP","floor":1.0},{"not_picked":["Compile Driver","Turbo","Sunder"],"picked":"SKIP","floor":5.0},{"not_picked":["Biased Cognition","Amplify"],"picked":"Seek","floor":16.0},{"not_picked":["Stack","Rebound"],"picked":"Hologram","floor":18.0},{"not_picked":["Hologram","Doom and Gloom","Gash"],"picked":"SKIP","floor":19.0},{"not_picked":["Stack","Rebound","Gash"],"picked":"SKIP","floor":20.0},{"not_picked":["Beam Cell+1","Hello World"],"picked":"Reinforced Body","floor":23.0},{"not_picked":["Beam Cell","Reinforced Body"],"picked":"Biased Cognition","floor":29.0},{"not_picked":["Gash","Steam","Compile Driver"],"picked":"SKIP","floor":30.0},{"not_picked":["Cold Snap","Go for the Eyes","Stack"],"picked":"SKIP","floor":31.0},{"not_picked":["Rainbow","Thunder Strike"],"picked":"Buffer","floor":33.0},{"not_picked":["Consume+1","Beam Cell","Hologram"],"picked":"SKIP","floor":35.0},{"not_picked":["Compile Driver","FTL"],"picked":"Undo","floor":36},{"not_picked":["Swift Strike","Madness"],"picked":"Dark Shackles","floor":37},{"not_picked":["Leap","Storm","Cold Snap"],"picked":"SKIP","floor":39}],"player_experience":1175538,"relics_obtained":[{"floor":26.0,"key":"Bottled Lightning"},{"floor":30.0,"key":"Strawberry"},{"floor":38,"key":"Mercury Hourglass"}],"event_choices":[{"damage_healed":0.0,"max_hp_gain":0.0,"max_hp_loss":0.0,"gold_gain":0.0,"event_name":"Shining Light","player_choice":"Entered Light","floor":3.0,"gold_loss":0.0,"damage_taken":21.0,"cards_upgraded":["Strike_B","Defend_B"]},{"damage_healed":0.0,"max_hp_gain":0.0,"max_hp_loss":0.0,"gold_gain":0.0,"event_name":"Golden Idol","player_choice":"Take Damage","floor":4.0,"gold_loss":0.0,"damage_taken":24.0,"relics_obtained":["Golden Idol"]},{"damage_healed":0.0,"max_hp_gain":0.0,"max_hp_loss":0.0,"gold_gain":0.0,"event_name":"Dead Adventurer","player_choice":"Searched \u00270\u0027 times","floor":7.0,"gold_loss":0.0,"damage_taken":0.0},{"damage_healed":0.0,"max_hp_gain":0.0,"max_hp_loss":0.0,"gold_gain":0.0,"cards_transformed":["Strike_B"],"event_name":"Living Wall","player_choice":"Change","floor":13.0,"gold_loss":0.0,"damage_taken":0.0,"cards_obtained":["Hologram"]},{"damage_healed":0.0,"max_hp_gain":0.0,"max_hp_loss":0.0,"gold_gain":0.0,"event_name":"The Mausoleum","player_choice":"Ignored","floor":21.0,"gold_loss":0.0,"damage_taken":0.0},{"damage_healed":0.0,"max_hp_gain":0.0,"max_hp_loss":0.0,"gold_gain":0.0,"event_name":"N\u0027loth","player_choice":"Traded Relic","floor":28.0,"relics_lost":["NeowsBlessing"],"gold_loss":0.0,"damage_taken":0.0,"relics_obtained":["Nloth\u0027s Gift"]},{"damage_healed":0,"gold_gain":0,"player_choice":"Memory 1","damage_taken":0,"max_hp_gain":0,"max_hp_loss":0,"event_name":"SensoryStone","floor":37,"gold_loss":0}],"is_beta":false,"boss_relics":[{"not_picked":["Runic Pyramid","Busted Crown"],"picked":"Pandora\u0027s Box"},{"not_picked":["Philosopher\u0027s Stone","Lizard Tail"],"picked":"Sozu"}],"items_purged_floors":[],"is_endless":false,"potions_floor_spawned":[1,19,23,30,33,35],"killed_by":"Nemesis","ascension_level":20}