{"gold_per_floor":[109,71,146,71,86,86,117,117,143,159,175,175,188,206,206,306,306,319,319,319,319,319,319,338,338,338,151,168,168,185,185],"floor_reached":31,"playtime":1149,"items_purged":["Strike_B","Writhe"],"score":260,"play_id":"331cf442-3c8e-496a-85a9-1fa4802289e6","local_time":"20180814211851","is_ascension_mode":false,"campfire_choices":[{"data":"Fusion","floor":6,"key":"SMITH"},{"data":"Redo","floor":8,"key":"SMITH"},{"floor":12,"key":"REST"},{"floor":15,"key":"REST"},{"data":"Hologram","floor":23,"key":"SMITH"},{"data":"Dualcast","floor":25,"key":"SMITH"}],"neow_cost":"","seed_source_timestamp":678183688662974,"circlet_count":0,"master_deck":["Strike_B","Strike_B","Strike_B","Defend_B","Defend_B","Defend_B","Defend_B","Zap","Dualcast+1","Compile Driver","Fusion+1","Redo+1","Hologram+1","Compile Driver","Machine Learning","Reinforced Body","Purity"],"relics":["Cracked Core","Darkstone Periapt","Orichalcum","Coffee Dripper","Bronze Scales","Shuriken","Cables"],"potions_floor_usage":[7,11,16,16,30,31,31],"damage_taken":[{"damage":0,"enemies":"2 Louse","floor":1,"turns":2},{"damage":5,"enemies":"Jaw Worm","floor":5,"turns":4},{"damage":21,"enemies":"Lagavulin","floor":7,"turns":5},{"damage":0,"enemies":"Cultist","floor":10,"turns":3},{"damage":12,"enemies":"3 Louse","floor":11,"turns":3},{"damage":4,"enemies":"Blue Slaver","floor":13,"turns":3},{"damage":26,"enemies":"Large Slime","floor":14,"turns":5},{"damage":48,"enemies":"Hexaghost","floor":16,"turns":10},{"damage":21,"enemies":"Chosen","floor":18,"turns":5},{"damage":4,"enemies":"Spheric Guardian","floor":24,"turns":3},{"damage":9,"enemies":"Centurion and Healer","floor":28,"turns":8},{"damage":17,"enemies":"3 Cultists","floor":30,"turns":6},{"damage":46,"floor":31,"turns":3}],"seed_played":"3089977808197618800","potions_obtained":[{"floor":1,"key":"Fire Potion"},{"floor":10,"key":"Fruit Juice"},{"floor":11,"key":"GamblersBrew"},{"floor":13,"key":"Swift Potion"},{"floor":16,"key":"SpeedPotion"},{"floor":28,"key":"Fruit Juice"},{"floor":30,"key":"Strength Potion"}],"is_trial":false,"path_per_floor":["M","$","?","$","M","R","E","R","T","M","M","R","M","M","R","B",null,"M","?","?","?","?","R","M","R","T","$","M","T","M"],"character_chosen":"DEFECT","items_purchased":["Fusion","Purity"],"campfire_rested":2,"item_purchase_floors":[2,27],"current_hp_per_floor":[75,75,64,64,59,59,38,38,38,38,31,55,51,25,49,1,80,59,51,57,57,57,57,53,53,53,53,44,44,32,0],"gold":185,"neow_bonus":"","is_prod":false,"is_daily":false,"chose_seed":false,"campfire_upgraded":4,"win_rate":0,"timestamp":1534252731,"path_taken":["M","$","?","$","M","R","E","R","T","M","M","R","M","M","R","BOSS","M","?","?","?","?","R","?","R","T","$","M","?","M","?"],"build_version":"2018-08-09","purchased_purges":2,"victory":false,"max_hp_per_floor":[75,75,75,75,75,75,75,75,75,75,80,80,80,80,80,80,80,80,80,86,86,86,86,86,86,86,86,86,86,91,91],"card_choices":[{"not_picked":["Chill","Defragment"],"picked":"Compile Driver","floor":1},{"not_picked":["Gash","Blizzard","Turbo"],"picked":"SKIP","floor":5},{"not_picked":["Leap","Auto Shields"],"picked":"Redo","floor":7},{"not_picked":["Turbo","Amplify","Rip and Tear"],"picked":"SKIP","floor":10},{"not_picked":["Beam Cell","Rebound","Gash"],"picked":"SKIP","floor":11},{"not_picked":["Steam","Sunder"],"picked":"Hologram","floor":13},{"not_picked":["Cold Snap","Streamline"],"picked":"Compile Driver","floor":14},{"not_picked":["Seek","Fission"],"picked":"Machine Learning","floor":16},{"not_picked":["Beam Cell+1","Defragment+1","Leap"],"picked":"SKIP","floor":18},{"not_picked":["Blizzard","Melter"],"picked":"Reinforced Body","floor":24},{"not_picked":["Chaos+1","Scrape+1","Compile Driver"],"picked":"SKIP","floor":28},{"not_picked":["Streamline+1","Sweeping Beam","Hologram"],"picked":"SKIP","floor":30}],"player_experience":336831,"relics_obtained":[{"floor":7,"key":"Darkstone Periapt"},{"floor":9,"key":"Orichalcum"},{"floor":26,"key":"Shuriken"},{"floor":29,"key":"Cables"}],"event_choices":[{"event_name":"World of Goop","player_choice":"Gather Gold","floor":3,"damage_taken":0},{"event_name":"Knowing Skull","player_choice":"","floor":19,"damage_taken":0},{"event_name":"The Mausoleum","player_choice":"Yes","floor":20,"damage_taken":0},{"event_name":"Drug Dealer","player_choice":"Ignored","floor":21,"damage_taken":0},{"event_name":"Ghosts","player_choice":"Ignored","floor":22,"damage_taken":0},{"event_name":"Masked Bandits","player_choice":"Fought Bandits","floor":31,"damage_taken":0}],"is_beta":false,"boss_relics":[{"not_picked":["FrozenCore","Philosopher\u0027s Stone"],"picked":"Coffee Dripper"}],"items_purged_floors":[4,27],"is_endless":false,"potions_floor_spawned":[1,10,11,13,16,28,30],"ascension_level":0}