{"gold_per_floor":[116,191,191,209,225,250,250,2,51,51,51,81,99,111,111,209,209,196,213,228,239,239,239,266,277,302,365,365,365,365,383,383,383],"floor_reached":33,"playtime":1925,"items_purged":[],"score":411,"play_id":"3070f4dd-72d5-43b6-add4-107954b20366","local_time":"20190401010722","is_ascension_mode":true,"campfire_choices":[{"floor":7,"key":"REST"},{"floor":11,"key":"REST"},{"data":"Shockwave","floor":15,"key":"SMITH"},{"floor":23,"key":"REST"},{"floor":32,"key":"REST"}],"neow_cost":"NONE","seed_source_timestamp":1422855443890500,"circlet_count":0,"master_deck":["Strike_R","Strike_R","Strike_R+1","Strike_R","Strike_R","Defend_R+1","Defend_R+1","Bash","Armaments+1","Shrug It Off","Pommel Strike","Shockwave+1","Perfected Strike+1","Pommel Strike+1","Wild Strike+1","Perfected Strike+1","Shrug It Off","Perfected Strike+1","Twin Strike+1","Clothesline+1","Ghostly Armor+1","Perfected Strike+1"],"relics":["Burning Blood","Ancient Tea Set","Molten Egg 2","Dream Catcher","Regal Pillow","Empty Cage","Gremlin Horn","Juzu Bracelet","Tiny Chest"],"potions_floor_usage":[24,33,33,33,33],"damage_taken":[{"damage":9,"enemies":"Jaw Worm","floor":1,"turns":6},{"damage":1,"enemies":"Small Slimes","floor":4,"turns":4},{"damage":0,"enemies":"Cultist","floor":5,"turns":4},{"damage":27,"enemies":"Lagavulin","floor":6,"turns":13},{"damage":16,"enemies":"Gremlin Nob","floor":12,"turns":4},{"damage":17,"enemies":"Gremlin Gang","floor":13,"turns":6},{"damage":8,"enemies":"Blue Slaver","floor":14,"turns":2},{"damage":15,"enemies":"The Guardian","floor":16,"turns":13},{"damage":20,"enemies":"2 Thieves","floor":18,"turns":4},{"damage":12,"enemies":"Chosen","floor":19,"turns":4},{"damage":10,"enemies":"Snecko","floor":20,"turns":3},{"damage":19,"enemies":"Snake Plant","floor":21,"turns":2},{"damage":21,"enemies":"Slavers","floor":24,"turns":4},{"damage":3,"enemies":"Sentry and Sphere","floor":25,"turns":3},{"damage":53,"enemies":"Book of Stabbing","floor":27,"turns":6},{"damage":0,"enemies":"Snecko","floor":31,"turns":2},{"damage":86,"enemies":"Collector","floor":33,"turns":6}],"seed_played":"-8617413828795617271","potions_obtained":[{"floor":13,"key":"FearPotion"},{"floor":16,"key":"PowerPotion"},{"floor":19,"key":"FairyPotion"},{"floor":21,"key":"PowerPotion"},{"floor":24,"key":"Fire Potion"},{"floor":29,"key":"EntropicBrew"}],"is_trial":false,"path_per_floor":["M","?","?","M","M","E","R","$","T","?","R","E","M","M","R","B",null,"M","M","M","M","$","R","E","M","T","E","?","?","?","M","R","B"],"character_chosen":"IRONCLAD","items_purchased":["Molten Egg 2"],"campfire_rested":4,"item_purchase_floors":[8],"current_hp_per_floor":[69,58,42,47,53,32,56,56,56,56,80,70,59,57,57,48,72,58,52,48,35,35,74,59,62,62,15,15,15,15,21,60,0],"gold":383,"neow_bonus":"UPGRADE_CARD","is_prod":false,"is_daily":false,"chose_seed":false,"campfire_upgraded":1,"win_rate":0,"timestamp":1554095242,"path_taken":["M","?","?","M","M","E","R","$","T","?","R","E","M","M","R","BOSS","M","M","M","M","$","R","E","M","T","E","?","?","?","M","R","BOSS"],"build_version":"2019-01-23","purchased_purges":0,"victory":false,"max_hp_per_floor":[80,80,80,80,80,80,80,80,80,80,80,80,80,80,80,80,80,80,80,80,80,80,80,80,80,80,80,80,80,80,80,80,80],"card_choices":[{"not_picked":["Twin Strike","Wild Strike"],"picked":"Armaments","floor":1},{"not_picked":["Offering","Infernal Blade","Intimidate"],"picked":"SKIP","floor":4},{"not_picked":["Spot Weakness","Perfected Strike"],"picked":"Shrug It Off","floor":5},{"not_picked":["Cleave","Fiend Fire"],"picked":"Pommel Strike","floor":6},{"not_picked":["Iron Wave+1","Armaments"],"picked":"Sword Boomerang+1","floor":11},{"not_picked":["Barricade","Cleave+1"],"picked":"Shockwave","floor":12},{"not_picked":["Warcry","Entrench"],"picked":"Perfected Strike+1","floor":13},{"not_picked":["Warcry","Flex"],"picked":"Pommel Strike+1","floor":14},{"not_picked":["Reckless Charge+1","Rampage+1"],"picked":"Wild Strike+1","floor":18},{"not_picked":["Flex","Body Slam+1"],"picked":"Perfected Strike+1","floor":19},{"not_picked":["Pommel Strike+1","Corruption"],"picked":"Shrug It Off","floor":20},{"not_picked":["Flex+1","Shockwave+1"],"picked":"Perfected Strike+1","floor":21},{"not_picked":["Rampage+1","Body Slam+1"],"picked":"Twin Strike+1","floor":23},{"not_picked":["Dual Wield","Reckless Charge+1"],"picked":"Clothesline+1","floor":24},{"not_picked":["Body Slam+1","Uppercut+1","Intimidate+1"],"picked":"SKIP","floor":25},{"not_picked":["Rage","Impervious"],"picked":"Ghostly Armor+1","floor":27},{"not_picked":["Headbutt+1","Armaments+1"],"picked":"Perfected Strike+1","floor":31}],"player_experience":230511,"relics_obtained":[{"floor":6,"key":"Ancient Tea Set"},{"floor":9,"key":"Dream Catcher"},{"floor":12,"key":"Regal Pillow"},{"floor":24,"key":"Gremlin Horn"},{"floor":26,"key":"Juzu Bracelet"},{"floor":27,"key":"Tiny Chest"}],"event_choices":[{"damage_healed":0,"gold_gain":75,"player_choice":"Gather Gold","damage_taken":11,"max_hp_gain":0,"max_hp_loss":0,"event_name":"World of Goop","floor":2,"gold_loss":0},{"damage_healed":0,"gold_gain":0,"player_choice":"Entered Light","damage_taken":16,"max_hp_gain":0,"max_hp_loss":0,"event_name":"Shining Light","floor":3,"gold_loss":0,"cards_upgraded":["Strike_R","Defend_R"]},{"damage_healed":0,"gold_gain":0,"player_choice":"Upgraded","damage_taken":0,"max_hp_gain":0,"max_hp_loss":0,"event_name":"Upgrade Shrine","floor":10,"gold_loss":0,"cards_upgraded":["Armaments"]},{"cards_removed":["Defend_R"],"damage_healed":0,"gold_gain":0,"player_choice":"Purged","damage_taken":0,"max_hp_gain":0,"max_hp_loss":0,"event_name":"Purifier","floor":28,"gold_loss":0},{"damage_healed":0,"gold_gain":0,"player_choice":"Got Potions","damage_taken":0,"max_hp_gain":0,"max_hp_loss":0,"event_name":"Lab","floor":29,"gold_loss":0},{"damage_healed":0,"gold_gain":0,"player_choice":"Ignored","damage_taken":0,"max_hp_gain":0,"max_hp_loss":0,"event_name":"Cursed Tome","floor":30,"gold_loss":0}],"is_beta":false,"boss_relics":[{"not_picked":["Pandora\u0027s Box","Fusion Hammer"],"picked":"Empty Cage"}],"items_purged_floors":[],"is_endless":false,"potions_floor_spawned":[13,16,19,21,24,27],"killed_by":"Collector","ascension_level":6}