{"path_per_floor":["M","$","?","?","M","R","M","?","T","E","?","?","$","M","R","B",null,"M","?","M","$","M","E","?","E","T","?","$","M","R","M","R"],"character_chosen":"DEFECT","items_purchased":["Rip and Tear","White Noise","Steam"],"gold_per_floor":[115,5,5,5,24,24,34,209,209,237,187,187,87,107,107,207,207,227,227,243,83,94,126,41,66,66,66,42,56,56,75,75,75],"floor_reached":33,"campfire_rested":0,"playtime":977,"item_purchase_floors":[2,21,28],"current_hp_per_floor":[74,74,74,74,74,74,70,70,70,39,39,39,39,31,31,21,75,57,43,35,35,36,36,36,16,16,42,42,39,39,43,43,0],"items_purged":["Normality","Defend_B","Strike_B"],"gold":75,"score":340,"play_id":"728cf433-b44b-4f9f-b956-695bba1a1f5d","local_time":"20180616174744","is_prod":false,"is_daily":false,"chose_seed":false,"is_ascension_mode":true,"campfire_upgraded":4,"win_rate":0,"timestamp":1529142464,"campfire_choices":[{"data":"Streamline","floor":6,"key":"SMITH"},{"data":"Static Discharge","floor":15,"key":"SMITH"},{"data":"White Noise","floor":30,"key":"SMITH"},{"data":"Loop","floor":32,"key":"SMITH"}],"path_taken":["M","$","?","?","M","R","M","?","T","E","?","?","$","M","R","BOSS","M","?","M","$","?","E","?","E","T","?","$","M","R","M","R","BOSS"],"build_version":"2018-06-14v2","seed_source_timestamp":8392656434179,"purchased_purges":3,"victory":false,"master_deck":["Strike_B","Defend_B","Defend_B","Defend_B","Zap","Dualcast","Streamline+1","Rip and Tear","Rip and Tear","Steam","Static Discharge+1","All For One","Beam Cell","Loop+1","White Noise+1","White Noise","Compile Driver+1","Steam"],"max_hp_per_floor":[75,75,75,75,75,75,75,75,75,75,75,75,75,75,75,75,75,75,80,80,80,80,80,80,80,80,80,80,80,80,80,80,80],"relics":["Cracked Core","Gambling Chip","Bird Faced Urn","Art of War","Toolbox","Sozu","Oddly Smooth Stone","Pen Nib","Bag of Marbles","Shuriken"],"card_choices":[{"not_picked":["Hologram","Turbo"],"picked":"Streamline","floor":1},{"not_picked":["Redo","Reprogram","Stack"],"picked":"SKIP","floor":5},{"not_picked":["Melter","Barrage"],"picked":"Rip and Tear","floor":7},{"not_picked":["Chaos","Cold Snap"],"picked":"Steam","floor":10},{"not_picked":["Hello World","Blizzard"],"picked":"Static Discharge","floor":14},{"not_picked":["Buffer","Rainbow"],"picked":"All For One","floor":16},{"not_picked":["Turbo+1","Rebound+1"],"picked":"Beam Cell","floor":18},{"not_picked":["Beam Cell","Cold Snap"],"picked":"Loop","floor":20},{"not_picked":["Undo","Blizzard"],"picked":"White Noise","floor":22},{"not_picked":["Melter+1","BootSequence","Fission"],"picked":"SKIP","floor":23},{"not_picked":["Double Energy+1","Steam"],"picked":"Compile Driver+1","floor":25},{"not_picked":["Leap","Sweeping Beam","Redo"],"picked":"SKIP","floor":29},{"not_picked":["Scrape+1","Sweeping Beam","Leap"],"picked":"SKIP","floor":31}],"player_experience":258913,"potions_floor_usage":[16,23,23],"damage_taken":[{"damage":1,"enemies":"Cultist","floor":1,"turns":3},{"damage":0,"enemies":"2 Louse","floor":5,"turns":1},{"damage":4,"enemies":"Jaw Worm","floor":7,"turns":3},{"damage":31,"enemies":"Gremlin Nob","floor":10,"turns":4},{"damage":8,"enemies":"3 Louse","floor":14,"turns":2},{"damage":12,"enemies":"The Guardian","floor":16,"turns":9},{"damage":20,"enemies":"Shell Parasite","floor":18,"turns":3},{"damage":10,"enemies":"Chosen","floor":20,"turns":4},{"damage":1,"enemies":"Snecko","floor":22,"turns":3},{"damage":14,"enemies":"Gremlin Leader","floor":23,"turns":4},{"damage":34,"enemies":"Slavers","floor":25,"turns":5},{"damage":7,"enemies":"Centurion and Healer","floor":29,"turns":5},{"damage":4,"enemies":"Chosen and Byrds","floor":31,"turns":3},{"damage":71,"enemies":"Collector","floor":33,"turns":6}],"relics_obtained":[{"floor":9,"key":"Art of War"},{"floor":10,"key":"Toolbox"},{"floor":23,"key":"Oddly Smooth Stone"},{"floor":25,"key":"Bag of Marbles"},{"floor":26,"key":"Shuriken"}],"event_choices":[{"event_name":"Wheel of Change","player_choice":"Relic","floor":3,"damage_taken":0},{"event_name":"Bonfire Elementals","player_choice":"BASIC","floor":4,"damage_taken":0},{"event_name":"Liars Game","player_choice":"agreed","floor":8,"damage_taken":0},{"event_name":"The Cleric","player_choice":"Card Removal","floor":11,"damage_taken":0},{"event_name":"Living Wall","player_choice":"Forget","floor":12,"damage_taken":0},{"event_name":"Forgotten Altar","player_choice":"Shed Blood","floor":19,"damage_taken":0},{"event_name":"Addict","player_choice":"Obtained Relic","floor":24,"damage_taken":0},{"event_name":"The Library","player_choice":"Heal","floor":27,"damage_taken":0}],"boss_relics":[{"not_picked":["Runic Pyramid","Runic Dome"],"picked":"Sozu"}],"items_purged_floors":[2,13,21],"is_endless":false,"potions_floor_spawned":[10,14,16,22,25],"seed_played":"-6546888673200938477","killed_by":"Collector","ascension_level":4,"potions_obtained":[{"floor":10,"key":"Block Potion"},{"floor":14,"key":"Energy Potion"},{"floor":16,"key":"EssenceOfSteel"}],"is_trial":false}