{"gold_per_floor":[113,113,263,160,60,60,80,80,107,107,132,132,146,146,146,146],"floor_reached":16,"playtime":340,"items_purged":["Regret","Doubt"],"score":182,"play_id":"b1a8ef33-7a0c-46b0-8c55-bea54340051b","local_time":"20181112091144","is_ascension_mode":true,"campfire_choices":[{"data":"Dagger Throw","floor":6,"key":"SMITH"},{"data":"Crippling Poison","floor":8,"key":"SMITH"},{"data":"Bullet Time","floor":15,"key":"SMITH"}],"neow_cost":"NONE","seed_source_timestamp":613101710738571,"circlet_count":0,"master_deck":["AscendersBane","Defend_G","Defend_G","Defend_G","Defend_G","Defend_G","Strike_G","Strike_G","Strike_G","Strike_G","Strike_G","Survivor","Neutralize","Bullet Time+1","Deflect","Dagger Throw+1","Crippling Poison+1","PiercingWail","Poisoned Stab+1"],"relics":["Ring of the Snake","Bag of Marbles","Bronze Scales","WingedGreaves"],"potions_floor_usage":[11,16],"damage_taken":[{"damage":7,"enemies":"2 Louse","floor":1,"turns":3},{"damage":2,"enemies":"Jaw Worm","floor":7,"turns":4},{"damage":33,"enemies":"Lagavulin","floor":11,"turns":8},{"damage":0,"enemies":"Small Slimes","floor":13,"turns":2},{"damage":21,"enemies":"The Guardian","floor":16,"turns":8}],"seed_played":"7501406251104616141","potions_obtained":[{"floor":1,"key":"Dexterity Potion"},{"floor":7,"key":"Ancient Potion"}],"is_trial":false,"path_per_floor":["M","?","?","$","$","R","M","R","T","$","E","?","M","?","R","B"],"character_chosen":"THE_SILENT","items_purchased":["Dagger Throw"],"campfire_rested":0,"item_purchase_floors":[4],"current_hp_per_floor":[52,52,52,52,52,52,50,50,50,50,17,17,17,17,17,0],"gold":146,"neow_bonus":"ONE_RANDOM_RARE_CARD","is_prod":false,"is_daily":false,"chose_seed":false,"campfire_upgraded":3,"win_rate":0,"timestamp":1542031904,"path_taken":["M","?","?","?","$","R","M","R","T","$","E","?","M","?","R","BOSS"],"build_version":"2018-11-08","purchased_purges":2,"victory":false,"max_hp_per_floor":[66,66,66,66,66,66,66,66,66,66,66,66,66,66,66,66],"card_choices":[{"not_picked":["Bane","Skewer"],"picked":"Deflect","floor":1},{"not_picked":["Underhanded Strike","Endless Agony"],"picked":"Crippling Poison","floor":7},{"not_picked":["Acrobatics","Sucker Punch"],"picked":"PiercingWail","floor":11},{"not_picked":["Prepared","Deflect"],"picked":"Poisoned Stab","floor":13}],"player_experience":717985,"relics_obtained":[{"floor":9,"key":"Bronze Scales"},{"floor":11,"key":"WingedGreaves"}],"event_choices":[{"damage_healed":0,"gold_gain":0,"player_choice":"Box","damage_taken":0,"relics_obtained":["Bag of Marbles"],"max_hp_gain":0,"max_hp_loss":0,"event_name":"Big Fish","floor":2,"gold_loss":0,"cards_obtained":["Regret"]},{"damage_healed":0,"gold_gain":150,"player_choice":"AGREE","damage_taken":0,"max_hp_gain":0,"max_hp_loss":0,"event_name":"Liars Game","floor":3,"gold_loss":0,"cards_obtained":["Doubt"]},{"damage_healed":0,"gold_gain":0,"player_choice":"Ignored","damage_taken":0,"max_hp_gain":0,"max_hp_loss":0,"event_name":"Golden Idol","floor":12,"gold_loss":0},{"damage_healed":0,"gold_gain":0,"player_choice":"Forge","damage_taken":0,"max_hp_gain":0,"max_hp_loss":0,"event_name":"Accursed Blacksmith","floor":14,"gold_loss":0,"cards_upgraded":["Poisoned Stab"]}],"is_beta":false,"boss_relics":[],"items_purged_floors":[4,5],"is_endless":false,"potions_floor_spawned":[1,7],"killed_by":"The Guardian","ascension_level":18}