{"gold_per_floor":[118,118,134,209,227,227,261,261,343,368,380,392,432,245,245,350,350,368,283,283,300,300,300,329,329,329,349,349,365,395,414,414,414],"floor_reached":33,"playtime":1424,"items_purged":[],"score":308,"play_id":"e13f4bca-5bee-4985-91e6-1475a884aaac","local_time":"20180808234851","is_ascension_mode":true,"campfire_choices":[{"data":"Spot Weakness","floor":6,"key":"SMITH"},{"floor":12,"key":"REST"},{"data":"Whirlwind","floor":15,"key":"SMITH"},{"data":"Reaper","floor":23,"key":"SMITH"},{"data":"Cleave","floor":25,"key":"SMITH"},{"floor":28,"key":"REST"},{"floor":32,"key":"REST"}],"neow_cost":"NONE","seed_source_timestamp":895179867084780,"circlet_count":0,"master_deck":["Strike_R","Strike_R","Strike_R","Strike_R","Strike_R","Defend_R+1","Defend_R","Defend_R+1","Defend_R","Bash","Spot Weakness+1","Cleave+1","Iron Wave","Whirlwind+1","Perfected Strike","Heavy Blade","Reaper+1","Normality","Parasite","Injury","Clothesline","Evolve+1","Impervious","Searing Blow","Shrug It Off","Thunderclap","Flex"],"relics":["Burning Blood","Pen Nib","MawBank","Self Forming Clay","War Paint","Bag of Marbles","Sling","Calling Bell","Ice Cream","Meat on the Bone","Bag of Preparation","Omamori","Darkstone Periapt","Dodecahedron","Shuriken"],"potions_floor_usage":[7,7,13,18,29,30],"damage_taken":[{"damage":6,"enemies":"Jaw Worm","floor":1,"turns":3},{"damage":0,"enemies":"Small Slimes","floor":3,"turns":3},{"damage":5,"enemies":"2 Louse","floor":5,"turns":3},{"damage":31,"enemies":"Lagavulin","floor":7,"turns":5},{"damage":0,"enemies":"Large Slime","floor":10,"turns":3},{"damage":11,"enemies":"Gremlin Nob","floor":13,"turns":3},{"damage":16,"enemies":"Slime Boss","floor":16,"turns":8},{"damage":19,"enemies":"2 Thieves","floor":18,"turns":3},{"damage":3,"enemies":"3 Byrds","floor":21,"turns":4},{"damage":33,"enemies":"Slavers","floor":24,"turns":3},{"damage":35,"enemies":"Snake Plant","floor":27,"turns":6},{"damage":6,"enemies":"3 Cultists","floor":29,"turns":3},{"damage":32,"enemies":"Book of Stabbing","floor":30,"turns":5},{"damage":18,"enemies":"Cultist and Chosen","floor":31,"turns":5},{"damage":86,"enemies":"Champ","floor":33,"turns":10}],"seed_played":"7755195117364747336","potions_obtained":[{"floor":1,"key":"Poison Potion"},{"floor":16,"key":"Explosive Potion"},{"floor":24,"key":"FearPotion"},{"floor":27,"key":"PowerPotion"}],"is_trial":false,"path_per_floor":["M","?","M","?","M","R","E","?","T","M","T","R","E","$","R","B",null,"M","?","?","M","?","R","E","R","T","M","R","M","E","M","R"],"character_chosen":"IRONCLAD","items_purchased":["Sling"],"campfire_rested":3,"item_purchase_floors":[14],"current_hp_per_floor":[80,80,80,69,70,70,53,53,53,59,59,80,75,75,75,65,80,67,67,67,79,79,79,76,76,76,52,76,80,54,48,72,0],"gold":414,"neow_bonus":"THREE_SMALL_POTIONS","is_prod":false,"is_daily":false,"chose_seed":false,"campfire_upgraded":4,"win_rate":0,"timestamp":1533764931,"path_taken":["M","?","M","?","?","R","E","?","T","M","?","R","E","$","R","BOSS","M","?","?","M","?","R","E","R","T","M","R","?","E","?","R","BOSS"],"build_version":"2018-08-02","purchased_purges":0,"victory":false,"max_hp_per_floor":[80,80,80,80,80,80,80,80,80,80,80,80,80,80,80,80,80,80,80,80,80,80,80,80,80,80,80,80,80,80,80,80,80],"card_choices":[{"not_picked":["Carnage","Anger"],"picked":"Spot Weakness","floor":1},{"not_picked":["Wild Strike","Iron Wave"],"picked":"Cleave","floor":3},{"not_picked":["Clash","Shockwave"],"picked":"Iron Wave","floor":5},{"not_picked":["Fire Breathing","Burning Pact"],"picked":"Whirlwind","floor":7},{"not_picked":["Feel No Pain","Power Through"],"picked":"Perfected Strike","floor":10},{"not_picked":["Metallicize","Headbutt"],"picked":"Heavy Blade","floor":13},{"not_picked":["Brutality","Double Tap"],"picked":"Reaper","floor":16},{"not_picked":["Shockwave","Corruption"],"picked":"Clothesline","floor":18},{"not_picked":["True Grit","Warcry"],"picked":"Evolve+1","floor":21},{"not_picked":["Clothesline","Shrug It Off"],"picked":"Impervious","floor":24},{"not_picked":["Rupture","Clothesline"],"picked":"Searing Blow","floor":27},{"not_picked":["Dual Wield","Warcry"],"picked":"Shrug It Off","floor":29},{"not_picked":["Wild Strike","Bloodletting"],"picked":"Thunderclap","floor":30},{"not_picked":["Combust","Anger"],"picked":"Flex","floor":31}],"player_experience":150826,"relics_obtained":[{"floor":7,"key":"Pen Nib"},{"floor":9,"key":"Self Forming Clay"},{"floor":11,"key":"War Paint"},{"floor":13,"key":"Bag of Marbles"},{"floor":17,"key":"Ice Cream"},{"floor":17,"key":"Meat on the Bone"},{"floor":17,"key":"Bag of Preparation"},{"floor":24,"key":"Darkstone Periapt"},{"floor":26,"key":"Dodecahedron"},{"floor":30,"key":"Shuriken"}],"event_choices":[{"event_name":"Liars Game","player_choice":"disagreed","floor":2,"damage_taken":0},{"event_name":"World of Goop","player_choice":"Gather Gold","floor":4,"damage_taken":0},{"event_name":"Dead Adventurer","player_choice":"Searched \u00271\u0027 times","floor":8,"damage_taken":0},{"event_name":"Addict","player_choice":"Obtained Relic","floor":19,"damage_taken":0},{"event_name":"Ghosts","player_choice":"Ignored","floor":20,"damage_taken":0},{"event_name":"Drug Dealer","player_choice":"Ignored","floor":22,"damage_taken":0}],"is_beta":false,"boss_relics":[{"not_picked":["Snecko Eye","Busted Crown"],"picked":"Calling Bell"}],"items_purged_floors":[],"is_endless":false,"potions_floor_spawned":[1,5,16,24,27],"killed_by":"Champ","ascension_level":1}