{"gold_per_floor":[111,186,206,3,13,13,13,24,49,49,59,92,92,143,143,240,240,256,274,23,43,63,88,88,88,88,88,88,13,13,13],"floor_reached":31,"playtime":2695,"items_purged":[],"score":278,"play_id":"600fa733-c10c-46cd-834d-669c7580d2a5","local_time":"20181228115932","is_ascension_mode":true,"campfire_choices":[{"floor":7.0,"key":"REST"},{"floor":10.0,"key":"REST"},{"floor":13.0,"key":"RECALL"},{"floor":15.0,"key":"REST"},{"floor":24.0,"key":"REST"},{"data":"Accuracy","floor":30,"key":"SMITH"}],"neow_cost":"PERCENT_DAMAGE","seed_source_timestamp":55861813775146,"circlet_count":0,"master_deck":["Defend_G","Defend_G","Defend_G","Defend_G","Defend_G","Strike_G","Strike_G","Strike_G","Survivor","Neutralize","Storm of Steel","Sucker Punch","Accuracy+1","Terror","Infinite Blades","Acrobatics","Adrenaline","Quick Slash","Escape Plan","Leg Sweep","Quick Slash","Flying Knee","Finisher","Blade Dance+1","Cloak And Dagger","Heel Hook+1","Necronomicurse","Caltrops"],"special_seed":0,"relics":["Ring of the Snake","Medical Kit","Meat on the Bone","Bag of Marbles","Question Card","Orrery","Bottled Tornado","Potion Belt","Darkstone Periapt","Necronomicon"],"potions_floor_usage":[],"damage_taken":[{"damage":3.0,"enemies":"Cultist","floor":1.0,"turns":4.0},{"damage":1.0,"enemies":"Jaw Worm","floor":3.0,"turns":4.0},{"damage":0.0,"enemies":"2 Louse","floor":5.0,"turns":2.0},{"damage":9.0,"enemies":"2 Fungi Beasts","floor":8.0,"turns":4.0},{"damage":8.0,"enemies":"Looter","floor":11.0,"turns":3.0},{"damage":8.0,"enemies":"Lagavulin","floor":12.0,"turns":6.0},{"damage":26.0,"enemies":"Hexaghost","floor":16.0,"turns":10.0},{"damage":14.0,"enemies":"3 Byrds","floor":18.0,"turns":5.0},{"damage":16.0,"enemies":"2 Thieves","floor":19.0,"turns":4.0},{"damage":12.0,"enemies":"Cultist and Chosen","floor":21.0,"turns":6.0},{"damage":10.0,"enemies":"Chosen and Byrds","floor":22.0,"turns":4.0},{"damage":36.0,"enemies":"Slavers","floor":23.0,"turns":7.0},{"damage":55,"enemies":"Book of Stabbing","floor":31,"turns":6}],"seed_played":"5937555864876119021","potions_obtained":[{"floor":3.0,"key":"FearPotion"},{"floor":5.0,"key":"Explosive Potion"},{"floor":12.0,"key":"Block Potion"},{"floor":19.0,"key":"Ancient Potion"},{"floor":22.0,"key":"PowerPotion"},{"floor":23.0,"key":"SpeedPotion"}],"is_trial":false,"path_per_floor":["M","?","M","$","M","T","R","M","T","R","M","E","R","T","R","B",null,"M","M","$","M","M","M","E","R","?","T","?","?","?","R","E"],"character_chosen":"THE_SILENT","items_purchased":["Medical Kit","Bottled Tornado"],"campfire_rested":4,"item_purchase_floors":[4,20],"current_hp_per_floor":[46,35,34,34,34,34,55,46,46,67,59,51,51,51,70,44,70,56,40,40,40,42,18,39,62,62,52,52,52,52,0],"gold":13,"neow_bonus":"THREE_RARE_CARDS","is_prod":false,"is_daily":false,"chose_seed":false,"campfire_upgraded":1,"win_rate":0,"timestamp":1546016372,"path_taken":["M","?","M","$","M","?","R","M","T","R","M","E","R","?","R","BOSS","M","M","$","M","M","E","R","?","T","?","?","?","R","E"],"build_version":"2018-12-20","purchased_purges":0,"victory":false,"max_hp_per_floor":[70,70,70,70,70,70,70,70,70,70,70,70,70,70,70,70,70,70,70,70,70,70,70,70,70,70,76,76,76,76,76],"card_choices":[{"not_picked":["Corpse Explosion","Die Die Die"],"picked":"Storm of Steel","floor":0.0},{"not_picked":["Outmaneuver","Footwork"],"picked":"Sucker Punch","floor":1.0},{"not_picked":["Dagger Throw","Dodge and Roll"],"picked":"Accuracy","floor":3.0},{"not_picked":["Sucker Punch","Crippling Poison"],"picked":"Terror","floor":5.0},{"not_picked":["Footwork","PiercingWail"],"picked":"Infinite Blades","floor":8.0},{"not_picked":["Dagger Spray","Flying Knee"],"picked":"Acrobatics","floor":11.0},{"not_picked":["Bane","Blur","Dash"],"picked":"SKIP","floor":12.0},{"not_picked":["After Image","Bullet Time","Phantasmal Killer"],"picked":"Adrenaline","floor":16.0},{"not_picked":["Deadly Poison","Bane","Blur"],"picked":"Quick Slash","floor":17.0},{"not_picked":["Expertise","Backflip","Caltrops"],"picked":"Escape Plan","floor":17.0},{"not_picked":["Dagger Spray","Eviscerate","Outmaneuver"],"picked":"Leg Sweep","floor":17.0},{"not_picked":["Dash","Bane","Bullet Time"],"picked":"Quick Slash","floor":17.0},{"not_picked":["Choke","Acrobatics","Reflex+1"],"picked":"Flying Knee","floor":18.0},{"not_picked":["Choke","PiercingWail","Backflip"],"picked":"Finisher","floor":19.0},{"not_picked":["Predator","Dagger Spray+1","Outmaneuver+1"],"picked":"Blade Dance+1","floor":21.0},{"not_picked":["Slice+1","Deadly Poison+1","Bouncing Flask"],"picked":"Cloak And Dagger","floor":22.0},{"not_picked":["Dagger Spray","PiercingWail","Flechettes+1"],"picked":"Heel Hook+1","floor":23.0}],"player_experience":65005,"relics_obtained":[{"floor":6.0,"key":"Meat on the Bone"},{"floor":9.0,"key":"Bag of Marbles"},{"floor":12.0,"key":"Question Card"},{"floor":23.0,"key":"Potion Belt"},{"floor":26,"key":"Darkstone Periapt"},{"floor":27,"key":"Necronomicon"}],"event_choices":[{"damage_healed":0.0,"max_hp_gain":0.0,"max_hp_loss":0.0,"gold_gain":75.0,"event_name":"World of Goop","player_choice":"Gather Gold","floor":2.0,"gold_loss":0.0,"damage_taken":11.0},{"damage_healed":23,"gold_gain":0,"player_choice":"Heal","damage_taken":0,"max_hp_gain":0,"max_hp_loss":0,"event_name":"The Library","floor":25,"gold_loss":0},{"damage_healed":0,"gold_gain":0,"player_choice":"Obtained Book","damage_taken":16,"max_hp_gain":0,"max_hp_loss":0,"event_name":"Cursed Tome","floor":27,"gold_loss":0},{"damage_healed":0,"gold_gain":0,"cards_transformed":["Strike_G","Strike_G"],"player_choice":"Became Test Subject","damage_taken":0,"max_hp_gain":0,"max_hp_loss":0,"event_name":"Drug Dealer","floor":28,"gold_loss":0,"cards_obtained":["Deadly Poison","Caltrops"]},{"cards_removed":["Deadly Poison"],"damage_healed":0,"gold_gain":0,"player_choice":"Gave Gold","damage_taken":0,"max_hp_gain":0,"max_hp_loss":0,"event_name":"Beggar","floor":29,"gold_loss":75}],"is_beta":false,"boss_relics":[{"not_picked":["Astrolabe","HoveringKite"],"picked":"Orrery"}],"items_purged_floors":[],"is_endless":false,"potions_floor_spawned":[3,5,12,19,22,23],"killed_by":"Book of Stabbing","ascension_level":2}