{"gold_per_floor":[364,539,539,137,137,137,42,42,42,42,68,81,120,135,135,261,261,276,276,276,59,59,73,83,103,103,103,103,116,116,45,45,45],"floor_reached":33,"playtime":1268,"items_purged":["Doubt"],"score":301,"play_id":"5612e866-7b23-4575-9838-4e15aa38bd74","local_time":"20190402163246","is_ascension_mode":true,"campfire_choices":[{"floor":6,"key":"REST"},{"data":"Static Discharge","floor":8,"key":"SMITH"},{"data":"1","floor":10,"key":"LIFT"},{"data":"2","floor":15,"key":"LIFT"},{"data":"3","floor":27,"key":"LIFT"},{"floor":30,"key":"REST"},{"floor":32,"key":"REST"}],"neow_cost":"PERCENT_DAMAGE","seed_source_timestamp":1755330509170003,"circlet_count":0,"master_deck":["Strike_B","Strike_B","Strike_B","Strike_B","Defend_B","Defend_B","Defend_B","Defend_B","Zap","Dualcast","Lockon","Injury","Seek","Static Discharge+1","Ball Lightning","Conserve Battery+1","Storm","Chill+1","Reboot+1","FTL","RitualDagger","Loop","Static Discharge+1","Redo+1","Compile Driver+1","Hologram+1","Core Surge","Loop"],"relics":["FrozenCore","Bloody Idol","Darkstone Periapt","Toxic Egg 2","Girya","Art of War","Potion Belt","Bronze Scales","Nilry\u0027s Codex"],"potions_floor_usage":[13,16,29,33,33],"damage_taken":[{"damage":2,"enemies":"Jaw Worm","floor":1,"turns":3},{"damage":6,"enemies":"2 Louse","floor":12,"turns":2},{"damage":14,"enemies":"Lagavulin","floor":13,"turns":6},{"damage":0,"enemies":"Cultist","floor":14,"turns":3},{"damage":30,"enemies":"Slime Boss","floor":16,"turns":8},{"damage":4,"enemies":"3 Byrds","floor":18,"turns":4},{"damage":5,"enemies":"Chosen","floor":23,"turns":4},{"damage":13,"enemies":"Centurion and Healer","floor":24,"turns":5},{"damage":15,"enemies":"3 Cultists","floor":25,"turns":4},{"damage":11,"enemies":"Snake Plant","floor":29,"turns":3},{"damage":70,"enemies":"Collector","floor":33,"turns":7}],"seed_played":"5296294544536724792","potions_obtained":[{"floor":1,"key":"GamblersBrew"},{"floor":13,"key":"SpeedPotion"},{"floor":14,"key":"SteroidPotion"},{"floor":23,"key":"Explosive Potion"},{"floor":24,"key":"GamblersBrew"},{"floor":25,"key":"FocusPotion"}],"is_trial":false,"path_per_floor":["M","?","?","$","?","R","$","R","T","R","T","M","E","M","R","B",null,"M","?","?","$","?","M","M","M","T","R","?","M","R","$","R","B"],"character_chosen":"DEFECT","items_purchased":["Darkstone Periapt","Seek","Static Discharge","Ball Lightning","Loop","Bronze Scales","Loop"],"campfire_rested":3,"item_purchase_floors":[4,4,7,7,21,21,31],"current_hp_per_floor":[52,52,52,52,49,71,71,71,71,71,71,65,51,51,51,21,62,58,58,52,52,52,52,44,34,34,34,18,12,34,34,56,0],"gold":45,"neow_bonus":"TWO_FIFTY_GOLD","is_prod":false,"is_daily":false,"chose_seed":false,"campfire_upgraded":1,"win_rate":0,"timestamp":1554247966,"path_taken":["M","?","?","$","?","R","$","R","T","R","?","M","E","M","R","BOSS","M","?","?","$","?","M","M","?","T","R","?","M","R","$","R","BOSS"],"build_version":"2019-01-23","purchased_purges":1,"victory":false,"max_hp_per_floor":[75,75,75,75,75,75,75,75,75,75,75,75,75,75,75,75,75,75,75,75,75,75,75,75,75,75,75,75,75,75,75,75,75],"card_choices":[{"not_picked":["Barrage","Beam Cell"],"picked":"Lockon","floor":1},{"not_picked":["Compile Driver","Leap+1"],"picked":"Conserve Battery+1","floor":12},{"not_picked":["FTL","Ball Lightning"],"picked":"Storm","floor":13},{"not_picked":["Gash","Rebound"],"picked":"Chill+1","floor":14},{"not_picked":["Hyperbeam","Seek+1"],"picked":"Reboot+1","floor":16},{"not_picked":["Compile Driver+1","Sweeping Beam"],"picked":"FTL","floor":18},{"not_picked":["Ball Lightning","Darkness+1"],"picked":"Redo+1","floor":23},{"not_picked":["Conserve Battery+1","Stack+1"],"picked":"Compile Driver+1","floor":24},{"not_picked":["Streamline","Go for the Eyes"],"picked":"Hologram+1","floor":25},{"not_picked":["White Noise+1","Steam+1"],"picked":"Core Surge","floor":29}],"player_experience":480079,"relics_obtained":[{"floor":9,"key":"Girya"},{"floor":11,"key":"Art of War"},{"floor":13,"key":"Potion Belt"},{"floor":28,"key":"Nilry\u0027s Codex"}],"event_choices":[{"damage_healed":0,"gold_gain":175,"player_choice":"AGREE","damage_taken":0,"max_hp_gain":0,"max_hp_loss":0,"event_name":"Liars Game","floor":2,"gold_loss":0,"cards_obtained":["Doubt"]},{"damage_healed":0,"gold_gain":0,"player_choice":"Take Wound","damage_taken":0,"relics_obtained":["Golden Idol"],"max_hp_gain":0,"max_hp_loss":0,"event_name":"Golden Idol","floor":3,"gold_loss":0,"cards_obtained":["Injury"]},{"damage_healed":0,"gold_gain":0,"player_choice":"Success","damage_taken":3,"relics_obtained":["Toxic Egg 2"],"max_hp_gain":0,"max_hp_loss":0,"event_name":"Scrap Ooze","floor":5,"gold_loss":0},{"damage_healed":0,"gold_gain":0,"player_choice":"Gave Idol","damage_taken":0,"relics_obtained":["Bloody Idol"],"max_hp_gain":0,"max_hp_loss":0,"event_name":"Forgotten Altar","floor":19,"relics_lost":["Golden Idol"],"gold_loss":0},{"damage_healed":0,"gold_gain":0,"player_choice":"Joined the Cult","damage_taken":6,"max_hp_gain":0,"max_hp_loss":0,"event_name":"Nest","floor":20,"gold_loss":0,"cards_obtained":["RitualDagger"]},{"damage_healed":0,"gold_gain":0,"player_choice":"Copied","damage_taken":0,"max_hp_gain":0,"max_hp_loss":0,"event_name":"Duplicator","floor":22,"gold_loss":0,"cards_obtained":["Static Discharge"]},{"damage_healed":0,"gold_gain":0,"player_choice":"Obtained Book","damage_taken":16,"max_hp_gain":0,"max_hp_loss":0,"event_name":"Cursed Tome","floor":28,"gold_loss":0}],"is_beta":false,"boss_relics":[{"not_picked":["Fusion Hammer","Coffee Dripper"],"picked":"FrozenCore"}],"items_purged_floors":[4],"is_endless":false,"potions_floor_spawned":[1,13,14,23,24,25],"killed_by":"Collector","ascension_level":5}