{"gold_per_floor":[113,38,54,329,349,349,199,234,234,267,267,287,287,298,298,373,373,387,387,402,92,120,120,149,149,172,198,29,29,49,66,66,143,143,161,175,1174,623,623,623,636,636,659,659,693,719,729,741,741,741,741,741,741,53,88,88],"floor_reached":57,"playtime":3763,"items_purged":["Regret","Bane+1","Defend_G","Well Laid Plans+1"],"score":3006,"play_id":"b2371072-16c2-48f7-b76e-5b09b1915cae","local_time":"20190402005126","is_ascension_mode":true,"campfire_choices":[{"data":"Noxious Fumes","floor":6.0,"key":"SMITH"},{"data":"Flechettes","floor":11.0,"key":"SMITH"},{"data":"Well Laid Plans","floor":13.0,"key":"SMITH"},{"data":"Catalyst","floor":15.0,"key":"SMITH"},{"floor":23.0,"key":"REST"},{"floor":29.0,"key":"REST"},{"data":"Fusion","floor":32.0,"key":"SMITH"},{"data":"Acrobatics","floor":40.0,"key":"SMITH"},{"data":"Burst","floor":42.0,"key":"SMITH"},{"data":"Tactician","floor":44.0,"key":"SMITH"},{"floor":49.0,"key":"RECALL"},{"data":"Double Energy","floor":53.0,"key":"SMITH"}],"neow_cost":"NONE","seed_source_timestamp":445172692977132,"circlet_count":0,"master_deck":["AscendersBane","Defend_G","Defend_G","Defend_G","Defend_G","Survivor","Neutralize","Catalyst+1","Noxious Fumes+1","Flechettes+1","Well Laid Plans+1","Deadly Poison","Backflip","Acrobatics+1","Malaise","Dodge and Roll+1","Double Energy+1","Fusion+1","Burst+1","True Grit+1","Tactician+1","Adrenaline","Inflame"],"special_seed":0,"relics":["Ring of the Serpent","NeowsBlessing","Mango","Bottled Tornado","Incense Burner","Astrolabe","PrismaticShard","Red Mask","Lantern","Orichalcum","Omamori","ClockworkSouvenir","Blood Vial","Boot","Kunai","Art of War","Medical Kit","Ice Cream","Oddly Smooth Stone"],"potions_floor_usage":[56],"damage_taken":[{"damage":0.0,"enemies":"2 Louse","floor":1.0,"turns":1.0},{"damage":0.0,"enemies":"Cultist","floor":3.0,"turns":1.0},{"damage":0.0,"enemies":"Jaw Worm","floor":5.0,"turns":1.0},{"damage":35.0,"enemies":"Gremlin Nob","floor":8.0,"turns":4.0},{"damage":10.0,"enemies":"Lagavulin","floor":10.0,"turns":7.0},{"damage":5.0,"enemies":"Lots of Slimes","floor":12.0,"turns":5.0},{"damage":0.0,"enemies":"Looter","floor":14.0,"turns":4.0},{"damage":8.0,"enemies":"Slime Boss","floor":16.0,"turns":9.0},{"damage":4.0,"enemies":"Chosen","floor":18.0,"turns":5.0},{"damage":5.0,"enemies":"2 Thieves","floor":20.0,"turns":4.0},{"damage":21.0,"enemies":"Masked Bandits","floor":22.0,"turns":4.0},{"damage":28.0,"enemies":"Slavers","floor":24.0,"turns":7.0},{"damage":17.0,"enemies":"Colosseum Slavers","floor":25.0,"turns":5.0},{"damage":12.0,"enemies":"Book of Stabbing","floor":27.0,"turns":6.0},{"damage":2.0,"enemies":"Snecko","floor":30.0,"turns":6.0},{"damage":0.0,"enemies":"Chosen and Byrds","floor":31.0,"turns":6.0},{"damage":19.0,"enemies":"Automaton","floor":33.0,"turns":8.0},{"damage":17.0,"enemies":"3 Darklings","floor":35.0,"turns":4.0},{"damage":0.0,"enemies":"3 Shapes","floor":36.0,"turns":7.0},{"damage":0.0,"enemies":"Writhing Mass","floor":41.0,"turns":5.0},{"damage":31.0,"enemies":"Reptomancer","floor":45.0,"turns":8.0},{"damage":1.0,"enemies":"3 Darklings","floor":47.0,"turns":6.0},{"damage":0.0,"enemies":"4 Shapes","floor":48.0,"turns":6.0},{"damage":6.0,"enemies":"Awakened One","floor":50.0,"turns":8.0},{"damage":0.0,"enemies":"Time Eater","floor":51.0,"turns":12.0},{"damage":14.0,"enemies":"Shield and Spear","floor":55.0,"turns":5.0},{"damage":0,"enemies":"The Heart","floor":56,"turns":8}],"seed_played":"7273528909627033888","potions_obtained":[{"floor":1.0,"key":"Poison Potion"},{"floor":3.0,"key":"Swift Potion"},{"floor":10.0,"key":"Energy Potion"},{"floor":14.0,"key":"Explosive Potion"},{"floor":18.0,"key":"Dexterity Potion"},{"floor":20.0,"key":"SteroidPotion"},{"floor":30.0,"key":"Energy Potion"},{"floor":35.0,"key":"Ancient Potion"},{"floor":36.0,"key":"Fire Potion"},{"floor":45.0,"key":"Swift Potion"},{"floor":55.0,"key":"Poison Potion"}],"is_trial":false,"path_per_floor":["M","?","M","?","M","R","$","E","T","E","R","M","R","M","R","B",null,"M","?","M","$","?","R","E","?","T","E","$","R","M","M","R","B",null,"M","M","?","$","?","R","M","R","T","R","E","T","M","M","R","B","B",null,"R","$","E","B",null],"character_chosen":"THE_SILENT","items_purchased":["Well Laid Plans","PrismaticShard","Omamori","Tactician","ClockworkSouvenir","Blood Vial","Medical Kit","Ice Cream"],"campfire_rested":2,"item_purchase_floors":[7,21,28,38,38,38,54,54],"current_hp_per_floor":[59,59,59,59,59,59,59,38,38,28,28,23,23,23,23,15,64,60,60,55,55,34,58,30,13,13,1,1,25,23,23,23,4,61,44,44,44,44,44,44,46,46,46,46,17,17,18,20,20,16,18,62,62,62,50,52],"gold":88,"neow_bonus":"THREE_ENEMY_KILL","is_prod":false,"is_daily":false,"chose_seed":false,"campfire_upgraded":9,"win_rate":0,"timestamp":1554137486,"path_taken":["M","?","M","?","?","R","$","E","T","E","R","M","R","M","R","BOSS","M","?","?","$","?","R","E","?","T","E","$","R","M","M","R","BOSS","M","M","?","$","?","R","M","R","T","R","E","?","M","?","R","BOSS","BOSS","R","$","E","BOSS"],"build_version":"2019-01-23","purchased_purges":4,"victory":true,"max_hp_per_floor":[66,66,66,66,66,66,66,80,80,80,80,80,80,80,80,80,80,80,80,80,80,80,80,80,80,80,80,80,80,80,80,80,80,80,80,80,80,80,76,76,76,76,76,76,76,76,76,76,76,76,76,76,76,76,76,76],"card_choices":[{"not_picked":["Caltrops","Riddle With Holes"],"picked":"Catalyst","floor":1.0},{"not_picked":["Acrobatics","Predator"],"picked":"Noxious Fumes","floor":3.0},{"not_picked":["Slice","Leg Sweep"],"picked":"Flechettes","floor":5.0},{"not_picked":["Cloak And Dagger","Flying Knee"],"picked":"Deadly Poison","floor":8.0},{"not_picked":["Poisoned Stab","Slice"],"picked":"Backflip","floor":10.0},{"not_picked":["Prepared","Deadly Poison","Backflip"],"picked":"SKIP","floor":12.0},{"not_picked":["Distraction","Blur"],"picked":"Acrobatics","floor":14.0},{"not_picked":["Unload","A Thousand Cuts"],"picked":"Malaise","floor":16.0},{"not_picked":["Blade Dance","Backstab","Bane"],"picked":"SKIP","floor":18.0},{"not_picked":["Infinite Blades","Dagger Throw","Underhanded Strike"],"picked":"SKIP","floor":20.0},{"not_picked":["Pommel Strike+1","Offering","Flame Barrier"],"picked":"SKIP","floor":24.0},{"not_picked":["Flash of Steel","Backflip","Secret Weapon"],"picked":"SKIP","floor":27.0},{"not_picked":["BootSequence","Compile Driver"],"picked":"Double Energy","floor":30.0},{"not_picked":["Havoc","Deep Breath"],"picked":"Fusion","floor":31.0},{"not_picked":["Violence","Mayhem"],"picked":"Burst","floor":33.0},{"not_picked":["Mind Blast","Go for the Eyes"],"picked":"True Grit+1","floor":35.0},{"not_picked":["PiercingWail","Underhanded Strike","Go for the Eyes"],"picked":"SKIP","floor":36.0},{"not_picked":["Turbo","Backstab","Lockon"],"picked":"SKIP","floor":41.0},{"not_picked":["Fusion","Twin Strike+1","Conserve Battery"],"picked":"SKIP","floor":45.0},{"not_picked":["Cold Snap","Anger"],"picked":"Adrenaline","floor":47.0},{"not_picked":["Turbo","Sever Soul","Deadly Poison"],"picked":"SKIP","floor":48.0},{"not_picked":["Prepared","Choke"],"picked":"Inflame","floor":55.0}],"player_experience":1307851,"relics_obtained":[{"floor":8.0,"key":"Mango"},{"floor":9.0,"key":"Bottled Tornado"},{"floor":10.0,"key":"Incense Burner"},{"floor":22.0,"key":"Red Mask"},{"floor":24.0,"key":"Lantern"},{"floor":27.0,"key":"Orichalcum"},{"floor":43.0,"key":"Boot"},{"floor":45.0,"key":"Kunai"},{"floor":46.0,"key":"Art of War"},{"floor":55.0,"key":"Oddly Smooth Stone"}],"event_choices":[{"cards_removed":["Strike_G"],"damage_healed":0.0,"max_hp_gain":0.0,"max_hp_loss":0.0,"gold_gain":0.0,"event_name":"The Cleric","player_choice":"Card Removal","floor":2.0,"gold_loss":75.0,"damage_taken":0.0},{"damage_healed":0.0,"max_hp_gain":0.0,"max_hp_loss":0.0,"gold_gain":275.0,"event_name":"Golden Shrine","player_choice":"Desecrate","floor":4.0,"gold_loss":0.0,"damage_taken":0.0,"cards_obtained":["Regret"]},{"cards_removed":["Strike_G"],"damage_healed":0.0,"max_hp_gain":0.0,"max_hp_loss":0.0,"gold_gain":0.0,"event_name":"Bonfire Elementals","player_choice":"Offered Basic","floor":19.0,"gold_loss":0.0,"damage_taken":0.0},{"damage_healed":0.0,"max_hp_gain":0.0,"max_hp_loss":0.0,"gold_gain":0.0,"event_name":"Masked Bandits","player_choice":"Fought Bandits","floor":22.0,"gold_loss":0.0,"damage_taken":0.0},{"damage_healed":0.0,"max_hp_gain":0.0,"max_hp_loss":0.0,"gold_gain":0.0,"event_name":"Colosseum","player_choice":"Fight","floor":25.0,"gold_loss":0.0,"damage_taken":0.0},{"damage_healed":0.0,"max_hp_gain":0.0,"max_hp_loss":0.0,"gold_gain":0.0,"event_name":"Colosseum","player_choice":"Fled From Nobs","floor":25.0,"gold_loss":0.0,"damage_taken":0.0},{"damage_healed":0.0,"max_hp_gain":0.0,"max_hp_loss":0.0,"gold_gain":999.0,"event_name":"MindBloom","player_choice":"Gold","floor":37.0,"gold_loss":0.0,"damage_taken":0.0,"cards_obtained":["Normality","Normality"]},{"damage_healed":0.0,"max_hp_gain":0.0,"max_hp_loss":4.0,"gold_gain":0.0,"event_name":"Winding Halls","player_choice":"Max HP","floor":39.0,"gold_loss":0.0,"damage_taken":0.0}],"is_beta":false,"boss_relics":[{"not_picked":["Velvet Choker","Ectoplasm"],"picked":"Astrolabe"},{"not_picked":["HoveringKite","Busted Crown"],"picked":"Ring of the Serpent"}],"items_purged_floors":[7,21,38,54],"is_endless":false,"potions_floor_spawned":[1,3,10,14,18,20,30,35,36,45,55],"ascension_level":20}