{"gold_per_floor":[118,118,37,56,56,83,48,48,74,74,74,74,92,116,116,241,241,254,272,197,197,217,217,217,217],"floor_reached":25,"playtime":642,"items_purged":["Strike_B"],"score":308,"play_id":"2fe4e0de-5fb3-452a-9e27-39ab410f403d","local_time":"20180915032108","is_ascension_mode":true,"campfire_choices":[{"floor":11,"key":"REST"},{"floor":15,"key":"REST"},{"floor":23,"key":"REST"}],"neow_cost":"","seed_source_timestamp":4108261869824,"circlet_count":0,"master_deck":["Strike_B","Defend_B","Defend_B","Defend_B","Zap+1","Dualcast","AscendersBane","Storm","Static Discharge","Tempest","Meteor Strike","Turbo","Seek","Defragment","Storm","Turbo","Consume","Defragment"],"relics":["Cracked Core","Anchor","Golden Idol","DataDisk","Inserter"],"potions_floor_usage":[16,18],"damage_taken":[{"damage":2,"enemies":"2 Louse","floor":1,"turns":2},{"damage":6,"enemies":"Cultist","floor":4,"turns":4},{"damage":56,"enemies":"Gremlin Nob","floor":6,"turns":5},{"damage":1,"enemies":"Small Slimes","floor":13,"turns":3},{"damage":6,"enemies":"Exordium Wildlife","floor":14,"turns":3},{"damage":8,"enemies":"Slime Boss","floor":16,"turns":8},{"damage":27,"enemies":"3 Byrds","floor":18,"turns":4},{"damage":3,"enemies":"Chosen","floor":19,"turns":5},{"damage":27,"enemies":"Snecko","floor":22,"turns":4},{"damage":28,"enemies":"Snake Plant","floor":25,"turns":2}],"seed_played":"7223457719948191262","potions_obtained":[{"floor":1,"key":"LiquidBronze"},{"floor":6,"key":"SneckoOil"},{"floor":13,"key":"PowerPotion"},{"floor":22,"key":"Explosive Potion"}],"is_trial":false,"path_per_floor":["M","?","$","M","$","E","?","?","T","?","R","?","M","M","R","B",null,"M","M","$","?","M","R","?"],"character_chosen":"DEFECT","items_purchased":["Static Discharge"],"campfire_rested":3,"item_purchase_floors":[3],"current_hp_per_floor":[66,66,66,60,60,4,22,22,22,15,35,35,34,28,48,40,62,35,32,32,32,5,25,25,0],"gold":217,"neow_bonus":"","is_prod":false,"is_daily":false,"chose_seed":false,"campfire_upgraded":0,"win_rate":0,"timestamp":1536974468,"path_taken":["M","?","$","M","$","E","?","?","T","?","R","?","M","?","R","BOSS","M","?","$","?","M","R","?","M"],"build_version":"2018-09-06","purchased_purges":1,"victory":false,"max_hp_per_floor":[75,75,75,75,75,75,75,69,69,69,69,69,69,69,69,69,69,69,69,69,69,69,69,69,69],"card_choices":[{"not_picked":["Barrage","Sunder"],"picked":"Storm","floor":1},{"not_picked":["Leap","Turbo","Reprogram"],"picked":"SKIP","floor":4},{"not_picked":["Leap","Rebound"],"picked":"Tempest","floor":6},{"not_picked":["Sweeping Beam","Coolheaded","Rip and Tear"],"picked":"SKIP","floor":13},{"not_picked":["Blizzard","Go for the Eyes"],"picked":"Turbo","floor":14},{"not_picked":["Multi-Cast","Meteor Strike"],"picked":"Seek","floor":16},{"not_picked":["Leap+1","Go for the Eyes"],"picked":"Defragment","floor":18},{"not_picked":["Redo","Coolheaded"],"picked":"Storm","floor":19},{"not_picked":["Coolheaded","Redo+1"],"picked":"Consume","floor":22}],"player_experience":610863,"relics_obtained":[{"floor":6,"key":"Anchor"},{"floor":9,"key":"DataDisk"}],"event_choices":[{"event_name":"Accursed Blacksmith","player_choice":"Forge","floor":2,"damage_taken":0},{"event_name":"The Cleric","player_choice":"Healed","floor":7,"damage_taken":0},{"event_name":"Golden Idol","player_choice":"Lose Max HP","floor":8,"damage_taken":0},{"event_name":"Golden Wing","player_choice":"Card Removal","floor":10,"damage_taken":0},{"event_name":"Transmorgrifier","player_choice":"Transform","floor":12,"damage_taken":0},{"event_name":"Transmorgrifier","player_choice":"Transform","floor":21,"damage_taken":0},{"event_name":"Duplicator","player_choice":"One dupe","floor":24,"damage_taken":0}],"is_beta":false,"boss_relics":[{"not_picked":["Sozu","Eternal Feather"],"picked":"Inserter"}],"items_purged_floors":[20],"is_endless":false,"potions_floor_spawned":[1,6,13,22],"killed_by":"Snake Plant","ascension_level":11}