{"gold_per_floor":[109,1,1,1,22,22,56,81,81,120,135,154,167,207,207,207],"floor_reached":16,"playtime":544,"items_purged":[],"score":293,"play_id":"07e0661e-37e8-4c01-9ec8-369eb4851731","local_time":"20190205152712","is_ascension_mode":true,"campfire_choices":[{"data":"Discovery","floor":6.0,"key":"SMITH"},{"floor":15,"key":"REST"}],"neow_cost":"NONE","seed_source_timestamp":0,"circlet_count":0,"master_deck":["AscendersBane","Defend_G","Defend_G","Defend_G","Defend_G","Defend_G","Strike_G","Strike_G","Strike_G","Strike_G","Strike_G","Survivor","Neutralize","Slice","Discovery+1","Flechettes","Footwork","Caltrops","Dodge and Roll","Unload","Blade Dance","Wraith Form v2"],"special_seed":0,"relics":["Ring of the Snake","NeowsBlessing","Golden Idol","Spirit Poop","Ice Cream","Shuriken","FossilizedHelix","Bottled Flame"],"potions_floor_usage":[10,10,16],"damage_taken":[{"damage":0.0,"enemies":"Jaw Worm","floor":1.0,"turns":1.0},{"damage":0.0,"enemies":"Small Slimes","floor":5.0,"turns":1.0},{"damage":0.0,"enemies":"3 Sentries","floor":7.0,"turns":1.0},{"damage":4.0,"enemies":"Cultist","floor":8.0,"turns":4.0},{"damage":22,"enemies":"Gremlin Nob","floor":10,"turns":4},{"damage":10,"enemies":"3 Louse","floor":11,"turns":4},{"damage":0,"enemies":"2 Fungi Beasts","floor":12,"turns":4},{"damage":0,"enemies":"Exordium Wildlife","floor":13,"turns":3},{"damage":9,"enemies":"3 Sentries","floor":14,"turns":6},{"damage":44,"enemies":"Slime Boss","floor":16,"turns":10}],"seed_played":"-8336892682694345281","potions_obtained":[{"floor":5.0,"key":"Ancient Potion"},{"floor":7.0,"key":"SkillPotion"},{"floor":13,"key":"GhostInAJar"},{"floor":14,"key":"Dexterity Potion"}],"is_trial":false,"path_per_floor":["M","$","?","?","M","R","E","M","T","E","M","M","M","E","R","B"],"character_chosen":"THE_SILENT","items_purchased":["Discovery"],"campfire_rested":1,"item_purchase_floors":[2],"current_hp_per_floor":[59,59,59,59,59,59,59,55,55,33,23,23,23,14,33,0],"gold":207,"neow_bonus":"THREE_ENEMY_KILL","is_prod":false,"is_daily":false,"chose_seed":false,"campfire_upgraded":1,"win_rate":0,"timestamp":1549398432,"path_taken":["M","$","?","?","M","R","E","M","T","E","M","M","M","E","R","BOSS"],"build_version":"2019-01-23","purchased_purges":0,"victory":false,"max_hp_per_floor":[66,66,66,66,66,66,66,66,66,66,66,66,66,66,66,66],"card_choices":[{"not_picked":["Deflect","Dodge and Roll"],"picked":"Slice","floor":1.0},{"not_picked":["Quick Slash","Catalyst"],"picked":"Flechettes","floor":5.0},{"not_picked":["Dash","Dagger Throw"],"picked":"Footwork","floor":7.0},{"not_picked":["PiercingWail","Flechettes"],"picked":"Caltrops","floor":8.0},{"not_picked":["Quick Slash","Acrobatics"],"picked":"Dodge and Roll","floor":10},{"not_picked":["Sucker Punch","Prepared"],"picked":"Unload","floor":11},{"not_picked":["Cloak And Dagger","PiercingWail"],"picked":"Blade Dance","floor":12},{"not_picked":["Quick Slash","Reflex","Acrobatics"],"picked":"SKIP","floor":13},{"not_picked":["Dagger Spray","Quick Slash"],"picked":"Wraith Form v2","floor":14}],"player_experience":821509,"relics_obtained":[{"floor":7.0,"key":"Ice Cream"},{"floor":9.0,"key":"Shuriken"},{"floor":10,"key":"FossilizedHelix"},{"floor":14,"key":"Bottled Flame"}],"event_choices":[{"damage_healed":0.0,"max_hp_gain":0.0,"max_hp_loss":0.0,"gold_gain":0.0,"event_name":"Golden Idol","player_choice":"Take Wound","floor":3.0,"gold_loss":0.0,"damage_taken":0.0,"relics_obtained":["Golden Idol"],"cards_obtained":["Injury"]},{"cards_removed":["Injury"],"damage_healed":0.0,"max_hp_gain":0.0,"max_hp_loss":0.0,"gold_gain":0.0,"event_name":"Bonfire Elementals","player_choice":"Offered Curse","floor":4.0,"gold_loss":0.0,"damage_taken":0.0,"relics_obtained":["Spirit Poop"]}],"is_beta":false,"boss_relics":[],"items_purged_floors":[],"is_endless":false,"potions_floor_spawned":[5,7,13,14],"killed_by":"Slime Boss","ascension_level":20}