{"gold_per_floor":[117,23,43,43,43,43,103,103,157,171,171,200,218,218,218,218],"floor_reached":16,"playtime":572,"items_purged":[],"score":216,"play_id":"5e34d1f2-f2f8-4729-9fc3-ac7c27419d67","local_time":"20190316075322","is_ascension_mode":true,"campfire_choices":[{"data":"Poisoned Stab","floor":6,"key":"SMITH"},{"floor":11,"key":"REST"},{"floor":15,"key":"REST"}],"neow_cost":"NONE","seed_source_timestamp":309777061407648,"circlet_count":0,"master_deck":["AscendersBane","Defend_G","Defend_G","Defend_G","Defend_G","Defend_G","Strike_G","Strike_G","Strike_G","Strike_G","Strike_G","Survivor","Neutralize","Poisoned Stab+1","Footwork","Blade Dance","Backflip","Footwork","Accuracy","Skewer"],"relics":["Sozu","Tiny Chest","Snake Skull","Centennial Puzzle"],"potions_floor_usage":[],"damage_taken":[{"damage":1,"enemies":"Small Slimes","floor":1,"turns":4},{"damage":0,"enemies":"2 Louse","floor":3,"turns":3},{"damage":43,"enemies":"Gremlin Nob","floor":7,"turns":6},{"damage":0,"enemies":"Cultist","floor":10,"turns":4},{"damage":7,"enemies":"3 Sentries","floor":12,"turns":13},{"damage":9,"enemies":"2 Fungi Beasts","floor":13,"turns":3},{"damage":39,"enemies":"Hexaghost","floor":16,"turns":10}],"seed_played":"7943632335887287624","potions_obtained":[],"is_trial":false,"path_per_floor":["M","$","M","?","?","R","E","?","T","M","R","E","M","?","R","B"],"character_chosen":"THE_SILENT","items_purchased":["Footwork","Blade Dance"],"campfire_rested":2,"item_purchase_floors":[2,2],"current_hp_per_floor":[58,58,58,58,58,58,15,15,15,15,34,27,18,18,37,0],"gold":218,"neow_bonus":"BOSS_RELIC","is_prod":false,"is_daily":false,"chose_seed":false,"campfire_upgraded":1,"win_rate":0,"timestamp":1552737202,"path_taken":["M","$","M","?","?","R","E","?","T","M","R","E","?","?","R","BOSS"],"build_version":"2019-01-23","purchased_purges":0,"victory":false,"max_hp_per_floor":[66,66,66,66,66,66,66,66,66,66,66,66,66,66,66,66],"card_choices":[{"not_picked":["Catalyst","Blur"],"picked":"Poisoned Stab","floor":1},{"not_picked":["Slice","Flying Knee","Reflex"],"picked":"SKIP","floor":3},{"not_picked":["Distraction","Deadly Poison"],"picked":"Backflip","floor":7},{"not_picked":["Deadly Poison","Setup"],"picked":"Footwork","floor":10},{"not_picked":["Dodge and Roll","Outmaneuver"],"picked":"Accuracy","floor":12},{"not_picked":["Tactician","Flying Knee"],"picked":"Skewer","floor":13}],"player_experience":870590,"relics_obtained":[{"floor":7,"key":"Tiny Chest"},{"floor":9,"key":"Snake Skull"},{"floor":12,"key":"Centennial Puzzle"}],"event_choices":[{"damage_healed":0,"gold_gain":0,"player_choice":"Leave","damage_taken":0,"max_hp_gain":0,"max_hp_loss":0,"event_name":"The Cleric","floor":4,"gold_loss":0},{"damage_healed":0,"gold_gain":0,"player_choice":"Ignored","damage_taken":0,"max_hp_gain":0,"max_hp_loss":0,"event_name":"Liars Game","floor":5,"gold_loss":0},{"damage_healed":0,"gold_gain":0,"player_choice":"Got Potions","damage_taken":0,"max_hp_gain":0,"max_hp_loss":0,"event_name":"Lab","floor":8,"gold_loss":0},{"damage_healed":0,"gold_gain":0,"player_choice":"Ignored","damage_taken":0,"max_hp_gain":0,"max_hp_loss":0,"event_name":"Shining Light","floor":14,"gold_loss":0}],"is_beta":false,"boss_relics":[],"items_purged_floors":[],"is_endless":false,"potions_floor_spawned":[3,10,13],"killed_by":"Hexaghost","ascension_level":20}