{"gold_per_floor":[109,127,127,145,163,197,25,41,41,69,82,82,82,96,96,200,200,218,218,218,232,232,267,285,305,330,345,361,9,24,39,39,139,139,159,159,170,270,288,288,314,332,332,332,363,363,463,476,476,476],"floor_reached":50,"playtime":5396,"items_purged":[],"score":590,"play_id":"8b9220a2-f37b-4f9b-8753-9c2e0a7c87f7","local_time":"20181230004231","is_ascension_mode":false,"campfire_choices":[{"data":"Storm","floor":12,"key":"SMITH"},{"data":"Redo","floor":15,"key":"SMITH"},{"data":"Mayhem","floor":32,"key":"SMITH"},{"floor":40,"key":"DIG"},{"floor":44,"key":"REST"},{"floor":49,"key":"REST"}],"neow_cost":"NONE","seed_source_timestamp":116847593087788,"circlet_count":0,"master_deck":["Strike_B","Strike_B+1","Strike_B","Strike_B","Defend_B","Defend_B","Defend_B","Defend_B","Zap","Dualcast","Turbo","Chill","Skim","Zap","Auto Shields","Self Repair","Storm+1","Self Repair","FTL","Coolheaded","Redo+1","Amplify","Doom and Gloom+1","Dualcast","Sweeping Beam+1","Chill+1","FTL+1","Defragment+1","Hologram","Glacier","Mayhem+1","Streamline","Buffer+1","Electrodynamics+1","Regret","Writhe","Decay","Cold Snap+1","Metamorphosis","Violence","Chrysalis","Self Repair+1","Defragment+1","Parasite","Darkness+1","Sweeping Beam+1","Sunder+1","Biased Cognition+1","Madness","Madness","Cold Snap+1"],"relics":["Cracked Core","Regal Pillow","The Courier","Happy Flower","Ornamental Fan","Letter Opener","Nuclear Battery","Pear","Meat on the Bone","Oddly Smooth Stone","Frozen Egg 2","Calling Bell","Ancient Tea Set","Pantograph","Ginger","Shovel","Bag of Marbles","Whetstone","Shuriken","Ice Cream"],"potions_floor_usage":[27,42,45,50,50,50],"damage_taken":[{"damage":7,"enemies":"2 Louse","floor":1,"turns":2},{"damage":0,"enemies":"Cultist","floor":2,"turns":4},{"damage":6,"enemies":"Jaw Worm","floor":4,"turns":3},{"damage":0,"enemies":"2 Fungi Beasts","floor":5,"turns":4},{"damage":17,"enemies":"3 Sentries","floor":6,"turns":10},{"damage":16,"enemies":"Large Slime","floor":8,"turns":4},{"damage":28,"enemies":"Lagavulin","floor":10,"turns":7},{"damage":2,"enemies":"Exordium Thugs","floor":11,"turns":4},{"damage":8,"enemies":"Red Slaver","floor":14,"turns":3},{"damage":34,"enemies":"Slime Boss","floor":16,"turns":10},{"damage":4,"enemies":"Spheric Guardian","floor":18,"turns":5},{"damage":12,"enemies":"Chosen","floor":21,"turns":6},{"damage":62,"enemies":"Book of Stabbing","floor":23,"turns":7},{"damage":18,"enemies":"Shelled Parasite and Fungi","floor":24,"turns":6},{"damage":21,"enemies":"Centurion and Healer","floor":25,"turns":9},{"damage":18,"enemies":"Cultist and Chosen","floor":27,"turns":7},{"damage":21,"enemies":"Snake Plant","floor":28,"turns":4},{"damage":8,"enemies":"Centurion and Healer","floor":30,"turns":8},{"damage":0,"enemies":"Snecko","floor":31,"turns":5},{"damage":37,"enemies":"Collector","floor":33,"turns":15},{"damage":11,"enemies":"3 Shapes","floor":35,"turns":2},{"damage":17,"enemies":"3 Darklings","floor":37,"turns":3},{"damage":34,"enemies":"Mind Bloom Boss Battle","floor":38,"turns":6},{"damage":37,"enemies":"Writhing Mass","floor":39,"turns":6},{"damage":61,"enemies":"Reptomancer","floor":41,"turns":6},{"damage":30,"enemies":"Maw","floor":42,"turns":8},{"damage":30,"enemies":"Nemesis","floor":45,"turns":7},{"damage":0,"enemies":"4 Shapes","floor":48,"turns":2},{"damage":96,"enemies":"Awakened One","floor":50,"turns":9}],"seed_played":"-6024838300166770648","potions_obtained":[{"floor":2,"key":"GamblersBrew"},{"floor":10,"key":"FearPotion"},{"floor":11,"key":"Weak Potion"},{"floor":24,"key":"Energy Potion"},{"floor":33,"key":"FocusPotion"},{"floor":45,"key":"Ancient Potion"},{"floor":48,"key":"EssenceOfSteel"}],"is_trial":false,"path_per_floor":["M","M","?","M","M","E","$","M","T","E","M","R","$","M","R","B",null,"M","?","?","M","?","E","M","M","T","M","M","$","M","M","R","B",null,"M","?","M","?","M","R","E","M","T","R","E","?","?","M","R","B"],"character_chosen":"DEFECT","items_purchased":["Happy Flower","Self Repair","Mayhem","Frozen Egg 2"],"campfire_rested":2,"item_purchase_floors":[7,7,29,29],"current_hp_per_floor":[68,68,68,62,62,52,52,50,50,36,48,48,48,54,54,34,75,75,75,75,75,85,37,45,50,50,58,63,63,69,69,69,51,85,81,71,54,69,68,68,36,42,42,82,69,58,58,72,85,0],"gold":476,"neow_bonus":"RANDOM_COMMON_RELIC","is_prod":false,"is_daily":false,"chose_seed":false,"campfire_upgraded":3,"win_rate":0.0,"timestamp":1546159351,"path_taken":["M","M","?","M","?","E","?","M","T","E","M","R","?","M","R","BOSS","M","?","?","?","?","E","M","M","T","M","M","$","M","M","R","BOSS","M","?","M","?","M","R","E","M","T","R","E","?","?","M","R","BOSS"],"build_version":"2018-12-20","purchased_purges":0,"victory":false,"max_hp_per_floor":[75,75,75,75,75,75,75,75,75,75,75,75,75,75,75,75,75,75,75,75,75,85,85,85,85,85,85,85,85,85,85,85,85,85,85,85,85,85,85,85,85,85,85,85,85,85,85,85,85,85],"card_choices":[{"not_picked":["Streamline","Barrage"],"picked":"Turbo","floor":1},{"not_picked":["Coolheaded","Storm"],"picked":"Chill","floor":2},{"not_picked":["Hologram","All For One"],"picked":"Auto Shields","floor":4},{"not_picked":["Skim","Reinforced Body"],"picked":"Self Repair","floor":5},{"not_picked":["Leap","Buffer"],"picked":"Storm","floor":6},{"not_picked":["Coolheaded","Turbo"],"picked":"FTL","floor":8},{"not_picked":["Stack","Gash"],"picked":"Aggregate","floor":10},{"not_picked":["Gash","Rip and Tear"],"picked":"Coolheaded","floor":11},{"not_picked":["Go for the Eyes","Chaos"],"picked":"Redo","floor":14},{"not_picked":["Echo Form","All For One"],"picked":"Amplify","floor":16},{"not_picked":["Hello World","Steam Power"],"picked":"Doom and Gloom","floor":18},{"not_picked":["Ball Lightning","Reprogram"],"picked":"Sweeping Beam+1","floor":21},{"not_picked":["Force Field","Rip and Tear"],"picked":"Chill+1","floor":23},{"not_picked":["Coolheaded+1","Cold Snap"],"picked":"FTL+1","floor":24},{"not_picked":["Coolheaded+1","Conserve Battery"],"picked":"Defragment+1","floor":25},{"not_picked":["White Noise","Ball Lightning"],"picked":"Hologram","floor":27},{"not_picked":["Conserve Battery","Compile Driver+1"],"picked":"Glacier","floor":28},{"not_picked":["Beam Cell","Rebound"],"picked":"Streamline","floor":30},{"not_picked":["Barrage","Scrape+1"],"picked":"Buffer+1","floor":31},{"not_picked":["Multi-Cast","Reboot"],"picked":"Electrodynamics+1","floor":33},{"not_picked":["Hologram+1","Chill"],"picked":"Cold Snap+1","floor":35},{"not_picked":["Panache+1","Flash of Steel"],"picked":"Metamorphosis","floor":36},{"not_picked":["Purity","Madness"],"picked":"Violence","floor":36},{"not_picked":["Forethought","Violence"],"picked":"Chrysalis","floor":36},{"not_picked":["Beam Cell","Lockon"],"picked":"Self Repair+1","floor":37},{"not_picked":["Stack","Hologram"],"picked":"Defragment+1","floor":38},{"not_picked":["Consume","Hologram+1"],"picked":"Darkness+1","floor":39},{"not_picked":["Stack","Ball Lightning"],"picked":"Sweeping Beam+1","floor":41},{"not_picked":["Go for the Eyes+1","Auto Shields"],"picked":"Sunder+1","floor":42},{"not_picked":["Compile Driver","Force Field"],"picked":"Biased Cognition+1","floor":45},{"not_picked":["Conserve Battery+1","Barrage"],"picked":"Cold Snap+1","floor":48}],"player_experience":143538,"relics_obtained":[{"floor":6,"key":"The Courier"},{"floor":9,"key":"Ornamental Fan"},{"floor":10,"key":"Letter Opener"},{"floor":23,"key":"Meat on the Bone"},{"floor":26,"key":"Oddly Smooth Stone"},{"floor":34,"key":"Ancient Tea Set"},{"floor":34,"key":"Pantograph"},{"floor":34,"key":"Ginger"},{"floor":38,"key":"Shovel"},{"floor":40,"key":"Bag of Marbles"},{"floor":41,"key":"Whetstone"},{"floor":43,"key":"Shuriken"},{"floor":45,"key":"Ice Cream"}],"event_choices":[{"damage_healed":0,"gold_gain":0,"player_choice":"2 cards matched","damage_taken":0,"max_hp_gain":0,"max_hp_loss":0,"event_name":"Match and Keep!","floor":3,"gold_loss":0,"cards_obtained":["Skim","Zap"]},{"damage_healed":0,"gold_gain":0,"player_choice":"Ignored","damage_taken":0,"max_hp_gain":0,"max_hp_loss":0,"event_name":"Beggar","floor":19,"gold_loss":0},{"cards_removed":["Aggregate"],"damage_healed":0,"gold_gain":0,"player_choice":"Took Card","damage_taken":0,"max_hp_gain":0,"max_hp_loss":0,"event_name":"NoteForYourself","floor":20,"gold_loss":0,"cards_obtained":["Dualcast"]},{"damage_healed":0,"gold_gain":0,"player_choice":"Opened","damage_taken":0,"relics_obtained":["Pear"],"max_hp_gain":0,"max_hp_loss":0,"event_name":"The Mausoleum","floor":22,"gold_loss":0},{"damage_healed":0,"gold_gain":0,"player_choice":"Memory 3","damage_taken":10,"max_hp_gain":0,"max_hp_loss":0,"event_name":"SensoryStone","floor":36,"gold_loss":0},{"damage_healed":0,"gold_gain":0,"player_choice":"Fight","damage_taken":0,"max_hp_gain":0,"max_hp_loss":0,"event_name":"MindBloom","floor":38,"gold_loss":0},{"damage_healed":0,"gold_gain":0,"player_choice":"Embrace Madness","damage_taken":11,"max_hp_gain":0,"max_hp_loss":0,"event_name":"Winding Halls","floor":46,"gold_loss":0,"cards_obtained":["Madness","Madness"]},{"damage_healed":0,"gold_gain":100,"player_choice":"Pray","damage_taken":0,"max_hp_gain":0,"max_hp_loss":0,"event_name":"Golden Shrine","floor":47,"gold_loss":0}],"is_beta":false,"boss_relics":[{"not_picked":["Lizard Tail","Inserter"],"picked":"Nuclear Battery"},{"not_picked":["Runic Dome","Cursed Key"],"picked":"Calling Bell"}],"items_purged_floors":[],"is_endless":false,"potions_floor_spawned":[2,10,11,16,23,24,25,33,35,45,48],"killed_by":"Awakened One","ascension_level":0}