{"gold_per_floor":[115,115,133,150,166,166,184,194,221,221,15,47,74,74,74,150,150,170,188,17,17,17,17,35,5,28,47,67,82,82,93,93,172,172,189,189,7,7,7,7],"floor_reached":40,"playtime":1349,"items_purged":["Strike_B"],"score":801,"play_id":"ebbb54c8-cd0e-492f-87c3-9986f384f36f","local_time":"20190429214113","is_ascension_mode":true,"campfire_choices":[{"data":"Darkness","floor":6.0,"key":"SMITH"},{"data":"Dualcast","floor":10.0,"key":"SMITH"},{"data":"Zap","floor":15.0,"key":"SMITH"},{"data":"Defragment","floor":23.0,"key":"SMITH"},{"data":"Chaos","floor":30.0,"key":"SMITH"},{"data":"Recycle","floor":32.0,"key":"SMITH"}],"neow_cost":"NONE","seed_source_timestamp":425626565728073,"circlet_count":0,"master_deck":["AscendersBane","Defend_B","Defend_B","Zap+1","Dualcast+1","Skim","Self Repair","Glacier","Darkness+1","Ball Lightning","Conserve Battery","Hologram","Compile Driver","Compile Driver","Loop","Echo Form","Conserve Battery+1","Static Discharge+1","Double Energy+1","Recycle+1","Tempest","Defragment+1","BootSequence","Undo","Cold Snap","Chaos+1","Go for the Eyes+1","Defragment","FTL","Multi-Cast","Turbo+1","Capacitor+1","Redo","Compile Driver","Turbo+1","Apotheosis","Fission"],"special_seed":0,"relics":["Cracked Core","NeowsBlessing","Oddly Smooth Stone","Emotion Chip","Odd Mushroom","Astrolabe","Enchiridion","Orrery"],"potions_floor_usage":[40,40],"damage_taken":[{"damage":0.0,"enemies":"2 Louse","floor":1.0,"turns":1.0},{"damage":0.0,"enemies":"Cultist","floor":3.0,"turns":1.0},{"damage":0.0,"enemies":"Jaw Worm","floor":4.0,"turns":1.0},{"damage":14.0,"enemies":"3 Louse","floor":5.0,"turns":7.0},{"damage":0.0,"enemies":"Gremlin Gang","floor":7.0,"turns":3.0},{"damage":5.0,"enemies":"Blue Slaver","floor":8.0,"turns":4.0},{"damage":8.0,"enemies":"Lagavulin","floor":12.0,"turns":6.0},{"damage":9.0,"enemies":"The Mushroom Lair","floor":13.0,"turns":4.0},{"damage":14.0,"enemies":"Slime Boss","floor":16.0,"turns":5.0},{"damage":21.0,"enemies":"2 Thieves","floor":18.0,"turns":4.0},{"damage":5.0,"enemies":"Spheric Guardian","floor":19.0,"turns":3.0},{"damage":7.0,"enemies":"Snecko","floor":24.0,"turns":6.0},{"damage":20.0,"enemies":"Snake Plant","floor":27.0,"turns":4.0},{"damage":7.0,"enemies":"Chosen and Byrds","floor":28.0,"turns":4.0},{"damage":7.0,"enemies":"Centurion and Healer","floor":29.0,"turns":7.0},{"damage":4.0,"enemies":"Cultist and Chosen","floor":31.0,"turns":8.0},{"damage":36.0,"enemies":"Collector","floor":33.0,"turns":10.0},{"damage":3.0,"enemies":"3 Shapes","floor":35.0,"turns":4.0},{"damage":71,"enemies":"Reptomancer","floor":40,"turns":2}],"seed_played":"4214500318059065228","potions_obtained":[{"floor":1.0,"key":"Block Potion"},{"floor":5.0,"key":"Explosive Potion"},{"floor":7.0,"key":"Energy Potion"},{"floor":16.0,"key":"Regen Potion"},{"floor":18.0,"key":"SkillPotion"},{"floor":27.0,"key":"Strength Potion"},{"floor":31.0,"key":"EssenceOfSteel"}],"is_trial":false,"path_per_floor":["M","?","M","M","M","R","M","M","T","R","$","E","?","?","R","B",null,"M","M","$","?","?","R","M","$","T","M","M","M","R","M","R","B",null,"M","?","$","?","?","E"],"character_chosen":"DEFECT","items_purchased":["Hologram","Melter","Defragment","BootSequence","Cold Snap","Apotheosis"],"campfire_rested":0,"item_purchase_floors":[11,11,20,20,25,37],"current_hp_per_floor":[64,64,64,64,57,57,64,66,66,66,66,65,56,56,56,49,66,59,54,54,54,33,33,33,33,33,27,27,27,27,37,37,8,55,59,59,59,59,59,0],"gold":7,"neow_bonus":"THREE_ENEMY_KILL","is_prod":false,"is_daily":false,"chose_seed":false,"campfire_upgraded":6,"win_rate":0,"timestamp":1556545273,"path_taken":["M","?","M","M","M","R","?","M","T","R","$","E","?","?","R","BOSS","M","?","$","?","?","R","M","$","T","M","M","M","R","M","R","BOSS","M","?","$","?","?","E"],"build_version":"2019-01-23","purchased_purges":1,"victory":false,"max_hp_per_floor":[71,71,71,71,71,71,71,71,71,71,71,71,71,71,71,71,71,71,71,71,71,71,71,71,71,71,71,71,71,71,71,71,71,71,71,71,71,71,71,71],"card_choices":[{"not_picked":["FTL","Streamline"],"picked":"Skim","floor":1.0},{"not_picked":["Hologram","Rip and Tear"],"picked":"Self Repair","floor":3.0},{"not_picked":["Redo","Rip and Tear"],"picked":"Glacier","floor":4.0},{"not_picked":["Reprogram","Auto Shields"],"picked":"Darkness","floor":5.0},{"not_picked":["Conserve Battery","Leap"],"picked":"Ball Lightning","floor":7.0},{"not_picked":["Beam Cell","Rebound"],"picked":"Conserve Battery","floor":8.0},{"not_picked":["Leap","Aggregate"],"picked":"Compile Driver","floor":12.0},{"not_picked":["Go for the Eyes","Conserve Battery"],"picked":"Compile Driver","floor":13.0},{"not_picked":["Hyperbeam","Thunder Strike"],"picked":"Echo Form","floor":16.0},{"not_picked":["Hologram","Gash+1"],"picked":"Recycle","floor":18.0},{"not_picked":["Sweeping Beam","Ball Lightning"],"picked":"Tempest","floor":19.0},{"not_picked":["Tempest","Static Discharge"],"picked":"Undo","floor":24.0},{"not_picked":["Reinforced Body","Rebound"],"picked":"Chaos","floor":27.0},{"not_picked":["Undo","Leap"],"picked":"Go for the Eyes+1","floor":28.0},{"not_picked":["Sweeping Beam","Genetic Algorithm"],"picked":"Defragment","floor":29.0},{"not_picked":["Beam Cell+1","Sweeping Beam"],"picked":"FTL","floor":31.0},{"not_picked":["Hyperbeam","Electrodynamics"],"picked":"Multi-Cast","floor":33.0},{"not_picked":["Sweeping Beam","Coolheaded"],"picked":"Turbo+1","floor":34.0},{"not_picked":["Rebound","Streamline"],"picked":"Capacitor+1","floor":34.0},{"not_picked":["Streamline","Rip and Tear"],"picked":"Redo","floor":34.0},{"not_picked":["Gash","Rebound"],"picked":"Compile Driver","floor":34.0},{"not_picked":["Compile Driver","Cold Snap+1"],"picked":"Turbo+1","floor":35.0}],"player_experience":1510999,"relics_obtained":[{"floor":9.0,"key":"Oddly Smooth Stone"},{"floor":12.0,"key":"Emotion Chip"},{"floor":13.0,"key":"Odd Mushroom"},{"floor":22.0,"key":"Enchiridion"}],"event_choices":[{"cards_removed":["Strike_B"],"damage_healed":0.0,"max_hp_gain":0.0,"max_hp_loss":0.0,"gold_gain":0.0,"event_name":"Wheel of Change","player_choice":"Card Removal","floor":2.0,"gold_loss":0.0,"damage_taken":0.0},{"damage_healed":0.0,"max_hp_gain":0.0,"max_hp_loss":0.0,"gold_gain":0.0,"event_name":"Mushrooms","player_choice":"Fought Mushrooms","floor":13.0,"gold_loss":0.0,"damage_taken":0.0},{"damage_healed":0.0,"max_hp_gain":0.0,"max_hp_loss":0.0,"gold_gain":0.0,"cards_transformed":["Strike_B"],"event_name":"Transmorgrifier","player_choice":"Transformed","floor":14.0,"gold_loss":0.0,"damage_taken":0.0,"cards_obtained":["Loop"]},{"damage_healed":0.0,"max_hp_gain":0.0,"max_hp_loss":0.0,"gold_gain":0.0,"event_name":"The Mausoleum","player_choice":"Ignored","floor":21.0,"gold_loss":0.0,"damage_taken":0.0},{"damage_healed":0.0,"max_hp_gain":0.0,"max_hp_loss":0.0,"gold_gain":0.0,"event_name":"Cursed Tome","player_choice":"Obtained Book","floor":22.0,"gold_loss":0.0,"damage_taken":21.0},{"damage_healed":0.0,"max_hp_gain":0.0,"max_hp_loss":0.0,"gold_gain":0.0,"event_name":"Tomb of Lord Red Mask","player_choice":"Ignored","floor":36.0,"gold_loss":0.0,"damage_taken":0.0},{"damage_healed":0.0,"max_hp_gain":0.0,"max_hp_loss":0.0,"gold_gain":0.0,"event_name":"Mysterious Sphere","player_choice":"Ignored","floor":38.0,"gold_loss":0.0,"damage_taken":0.0},{"damage_healed":0.0,"max_hp_gain":0.0,"max_hp_loss":0.0,"gold_gain":0.0,"cards_transformed":["Melter"],"event_name":"Transmorgrifier","player_choice":"Transformed","floor":39.0,"gold_loss":0.0,"damage_taken":0.0,"cards_obtained":["Fission"]}],"is_beta":false,"boss_relics":[{"not_picked":["Pandora\u0027s Box","FrozenCore"],"picked":"Astrolabe"},{"not_picked":["Velvet Choker","Busted Crown"],"picked":"Orrery"}],"items_purged_floors":[11],"is_endless":false,"potions_floor_spawned":[1,5,7,12,16,18,27,31,33,35],"killed_by":"Reptomancer","ascension_level":20}