{"gold_per_floor":[114,114,127,127,35,70,70,85,85,85,117,117,128,128,128,201,201,219,219],"floor_reached":19,"playtime":513,"items_purged":[],"score":450,"play_id":"b172ff3a-a9e3-4e95-93df-839ee75cb33b","local_time":"20181218074102","is_ascension_mode":true,"campfire_choices":[{"floor":7.0,"key":"REST"},{"floor":12.0,"key":"REST"},{"floor":15.0,"key":"REST"}],"neow_cost":"CURSE","seed_source_timestamp":0,"circlet_count":0,"master_deck":["AscendersBane","Strike_B","Strike_B","Strike_B+1","Strike_B+1","Defend_B","Defend_B","Defend_B","Zap","Dualcast","Good Instincts","Mind Blast+1","Regret","Go for the Eyes","Darkness","Finesse","Beam Cell","Capacitor","Barrage+1","Tempest","Biased Cognition","Amplify","Defragment"],"special_seed":0,"relics":["Cracked Core","Nunchaku","Dead Branch","Molten Egg 2","Cursed Key"],"potions_floor_usage":[16,16],"damage_taken":[{"damage":3.0,"enemies":"Small Slimes","floor":1.0,"turns":3.0},{"damage":2.0,"enemies":"Jaw Worm","floor":3.0,"turns":3.0},{"damage":28.0,"enemies":"Lagavulin","floor":6.0,"turns":6.0},{"damage":3.0,"enemies":"2 Louse","floor":8.0,"turns":2.0},{"damage":47.0,"enemies":"Gremlin Nob","floor":11.0,"turns":4.0},{"damage":11.0,"enemies":"Gremlin Gang","floor":13.0,"turns":4.0},{"damage":3,"enemies":"Slime Boss","floor":16,"turns":5},{"damage":26,"enemies":"2 Thieves","floor":18,"turns":3},{"damage":25,"enemies":"3 Byrds","floor":19,"turns":3}],"seed_played":"6224066630941562597","potions_obtained":[{"floor":3.0,"key":"Dexterity Potion"},{"floor":11.0,"key":"Strength Potion"},{"floor":13.0,"key":"SteroidPotion"},{"floor":16,"key":"SteroidPotion"}],"is_trial":false,"path_per_floor":["M","?","M","?","$","E","R","M","T","?","E","R","M","?","R","B",null,"M","M"],"character_chosen":"DEFECT","items_purchased":["Finesse"],"campfire_rested":3,"item_purchase_floors":[5],"current_hp_per_floor":[61,40,38,38,38,10,31,28,28,51,4,25,14,14,35,32,61,35,10],"gold":219,"neow_bonus":"RANDOM_COLORLESS_2","is_prod":false,"is_daily":false,"chose_seed":false,"campfire_upgraded":0,"win_rate":0,"timestamp":1545136862,"path_taken":["M","?","M","?","$","E","R","M","T","?","E","R","M","?","R","BOSS","M","?"],"build_version":"2018-12-13","purchased_purges":0,"victory":false,"max_hp_per_floor":[71,71,71,71,71,71,71,71,71,71,71,71,71,71,71,71,71,71,71],"card_choices":[{"not_picked":["Streamline","Stack"],"picked":"Go for the Eyes","floor":1.0},{"not_picked":["Go for the Eyes","Hello World"],"picked":"Darkness","floor":3.0},{"not_picked":["Turbo","Reprogram"],"picked":"Beam Cell","floor":6.0},{"not_picked":["Force Field","Aggregate"],"picked":"Capacitor","floor":8.0},{"not_picked":["Genetic Algorithm","Coolheaded"],"picked":"Barrage","floor":11.0},{"not_picked":["Sweeping Beam+1","Rebound+1"],"picked":"Tempest","floor":13.0},{"not_picked":["Creative AI","Reboot"],"picked":"Amplify","floor":16},{"not_picked":["Hello World","Turbo"],"picked":"Defragment","floor":18}],"player_experience":787120,"relics_obtained":[{"floor":6.0,"key":"Nunchaku"},{"floor":9.0,"key":"Dead Branch"},{"floor":11.0,"key":"Molten Egg 2"}],"event_choices":[{"damage_healed":0.0,"max_hp_gain":0.0,"max_hp_loss":0.0,"gold_gain":0.0,"event_name":"Shining Light","player_choice":"Entered Light","floor":2.0,"gold_loss":0.0,"damage_taken":21.0,"cards_upgraded":["Strike_B","Strike_B"]},{"damage_healed":0.0,"max_hp_gain":0.0,"max_hp_loss":0.0,"gold_gain":0.0,"event_name":"Living Wall","player_choice":"Grow","floor":4.0,"gold_loss":0.0,"damage_taken":0.0,"cards_upgraded":["Mind Blast"]},{"damage_healed":23.0,"max_hp_gain":0.0,"max_hp_loss":0.0,"gold_gain":0.0,"event_name":"Big Fish","player_choice":"Banana","floor":10.0,"gold_loss":0.0,"damage_taken":0.0},{"damage_healed":0.0,"max_hp_gain":0.0,"max_hp_loss":0.0,"gold_gain":0.0,"cards_transformed":["Defend_B"],"event_name":"Transmorgrifier","player_choice":"Transformed","floor":14.0,"gold_loss":0.0,"damage_taken":0.0,"cards_obtained":["Biased Cognition"]}],"is_beta":false,"boss_relics":[{"not_picked":["Busted Crown","Black Star"],"picked":"Cursed Key"}],"items_purged_floors":[],"is_endless":false,"potions_floor_spawned":[3,11,13,16],"killed_by":"3 Byrds","ascension_level":20}