{"gold_per_floor":[118,138,138,288,213,242,242,275,302,329,329,329,329,339,339,416,416,416,416,32,32,32,32,32,32,32,32,32,32,32,32,32,32,32,32,32,32,0,0,0,0,0,0,0,0,0,0,0,0,0,0],"floor_reached":51,"playtime":4074,"items_purged":["Strike_G"],"score":1478,"play_id":"1da3c4cb-5659-4534-81d1-dd3123301571","local_time":"20190506025537","is_ascension_mode":true,"campfire_choices":[{"data":"Catalyst","floor":7.0,"key":"SMITH"},{"floor":11.0,"key":"REST"},{"data":"Noxious Fumes","floor":13.0,"key":"SMITH"},{"floor":15.0,"key":"REST"},{"data":"Catalyst","floor":23.0,"key":"SMITH"},{"floor":25.0,"key":"REST"},{"floor":28.0,"key":"REST"},{"data":"Corpse Explosion","floor":30.0,"key":"SMITH"},{"floor":32.0,"key":"REST"},{"data":"Burst","floor":40.0,"key":"SMITH"},{"floor":42.0,"key":"REST"},{"data":"Blind","floor":45.0,"key":"SMITH"},{"floor":49,"key":"REST"}],"neow_cost":"NONE","seed_source_timestamp":131004497382300,"circlet_count":0,"master_deck":["AscendersBane","Defend_G","Defend_G","Defend_G","Defend_G","Strike_G+1","Strike_G+1","Survivor","Neutralize","Catalyst+1","Noxious Fumes+1","Glass Knife","Footwork","Poisoned Stab","Backstab","Crippling Poison","Corpse Explosion+1","Dodge and Roll+1","Master of Strategy","Noxious Fumes","Escape Plan","Catalyst+1","Corpse Explosion","Burst+1","Sucker Punch+1","Concentrate+1","Blind+1","Sadistic Nature","Deadly Poison+1","Predator","Footwork","Crippling Poison"],"special_seed":0,"relics":["Ring of the Snake","NeowsBlessing","Happy Flower","Snake Skull","Whetstone","Dream Catcher","Ectoplasm","Omamori","MutagenicStrength","Regal Pillow","Astrolabe","Red Mask","Vajra","Lantern","Anchor"],"potions_floor_usage":[50,51],"damage_taken":[{"damage":0.0,"enemies":"Small Slimes","floor":1.0,"turns":1.0},{"damage":0.0,"enemies":"Jaw Worm","floor":2.0,"turns":1.0},{"damage":0.0,"enemies":"Gremlin Nob","floor":6.0,"turns":1.0},{"damage":29.0,"enemies":"3 Sentries","floor":8.0,"turns":7.0},{"damage":26.0,"enemies":"Gremlin Nob","floor":10.0,"turns":4.0},{"damage":0.0,"enemies":"2 Louse","floor":14.0,"turns":2.0},{"damage":21.0,"enemies":"The Guardian","floor":16.0,"turns":7.0},{"damage":13.0,"enemies":"Spheric Guardian","floor":18.0,"turns":5.0},{"damage":0.0,"enemies":"2 Thieves","floor":19.0,"turns":1.0},{"damage":10.0,"enemies":"Snecko","floor":21.0,"turns":4.0},{"damage":6.0,"enemies":"Centurion and Healer","floor":22.0,"turns":4.0},{"damage":17.0,"enemies":"Shelled Parasite and Fungi","floor":27.0,"turns":5.0},{"damage":13.0,"enemies":"Book of Stabbing","floor":31.0,"turns":3.0},{"damage":25.0,"enemies":"Collector","floor":33.0,"turns":6.0},{"damage":3.0,"enemies":"3 Shapes","floor":35.0,"turns":3.0},{"damage":6.0,"enemies":"Orb Walker","floor":39.0,"turns":4.0},{"damage":7.0,"enemies":"Nemesis","floor":41.0,"turns":5.0},{"damage":14.0,"enemies":"Giant Head","floor":44.0,"turns":5.0},{"damage":0,"enemies":"3 Darklings","floor":47,"turns":2},{"damage":22,"enemies":"Writhing Mass","floor":48,"turns":6},{"damage":32,"enemies":"Donu and Deca","floor":50,"turns":6},{"damage":65,"enemies":"Time Eater","floor":51,"turns":5}],"seed_played":"-7180005998437447830","potions_obtained":[{"floor":2.0,"key":"LiquidBronze"},{"floor":6.0,"key":"SteroidPotion"},{"floor":10.0,"key":"AttackPotion"},{"floor":21.0,"key":"Strength Potion"},{"floor":22.0,"key":"Block Potion"},{"floor":31.0,"key":"SteroidPotion"},{"floor":48,"key":"SkillPotion"}],"is_trial":false,"path_per_floor":["M","M","?","?","?","E","R","E","T","E","R","$","R","M","R","B",null,"M","M","$","M","M","R","$","R","T","M","R","?","R","E","R","B",null,"M","?","$","?","M","R","E","R","T","E","R","?","M","M","R","B","B"],"character_chosen":"THE_SILENT","items_purchased":["Master of Strategy","Noxious Fumes","Escape Plan"],"campfire_rested":7,"item_purchase_floors":[20,20,20],"current_hp_per_floor":[59,59,59,59,59,59,59,30,30,4,23,23,23,23,42,21,55,42,42,42,32,26,26,26,45,45,28,47,47,47,34,66,41,60,57,47,47,47,41,41,34,66,66,52,52,52,52,30,64,32,0],"gold":0,"neow_bonus":"THREE_ENEMY_KILL","is_prod":false,"is_daily":false,"chose_seed":false,"campfire_upgraded":6,"win_rate":0,"timestamp":1557125737,"path_taken":["M","M","?","?","?","E","R","E","T","E","R","?","R","?","R","BOSS","M","M","$","M","M","R","$","R","T","M","R","?","R","E","R","BOSS","M","?","$","?","M","R","E","R","T","E","R","?","?","M","R","BOSS","BOSS"],"build_version":"2019-04-23","purchased_purges":1,"victory":false,"max_hp_per_floor":[66,66,66,66,66,66,66,66,66,66,66,66,66,66,66,66,66,66,66,66,66,66,66,66,66,66,66,66,66,66,66,66,66,66,66,66,66,66,66,66,66,66,66,66,66,66,66,66,66,66,66],"card_choices":[{"not_picked":["Deflect","Prepared"],"picked":"Catalyst","floor":1.0},{"not_picked":["Setup","Prepared"],"picked":"Noxious Fumes","floor":2.0},{"not_picked":["Terror","Well Laid Plans"],"picked":"Glass Knife","floor":6.0},{"not_picked":["Venomology","Flying Knee","Slice"],"picked":"SKIP","floor":8.0},{"not_picked":["Endless Agony","Finisher"],"picked":"Footwork","floor":10.0},{"not_picked":["Sucker Punch","Dagger Spray"],"picked":"Poisoned Stab","floor":11.0},{"not_picked":["PiercingWail","Acrobatics"],"picked":"Backstab","floor":14.0},{"not_picked":["PiercingWail","Dagger Spray"],"picked":"Crippling Poison","floor":15.0},{"not_picked":["After Image","Die Die Die"],"picked":"Corpse Explosion","floor":16.0},{"not_picked":["All Out Attack","Bane","Skewer"],"picked":"SKIP","floor":18.0},{"not_picked":["Blur","Sucker Punch"],"picked":"Dodge and Roll+1","floor":19.0},{"not_picked":["Acrobatics","Dagger Spray","Accuracy"],"picked":"SKIP","floor":21.0},{"not_picked":["Escape Plan+1","PiercingWail"],"picked":"Catalyst","floor":22.0},{"not_picked":["Expertise","Flying Knee","Poisoned Stab"],"picked":"SKIP","floor":27.0},{"not_picked":["Terror","Eviscerate+1","Poisoned Stab+1"],"picked":"SKIP","floor":31.0},{"not_picked":["Quick Slash","Bane"],"picked":"Corpse Explosion","floor":32.0},{"not_picked":["Corpse Explosion","Bullet Time"],"picked":"Burst","floor":33.0},{"not_picked":["Dodge and Roll","Dagger Throw","PiercingWail+1"],"picked":"SKIP","floor":35.0},{"not_picked":["Panache","Trip"],"picked":"Blind","floor":36.0},{"not_picked":["Flash of Steel","Secret Weapon"],"picked":"Sadistic Nature","floor":36.0},{"not_picked":["Finisher","Dagger Throw+1","Flying Knee"],"picked":"SKIP","floor":39.0},{"not_picked":["Underhanded Strike+1","Dodge and Roll"],"picked":"Deadly Poison+1","floor":41.0},{"not_picked":["Finisher","Backstab","Prepared+1"],"picked":"SKIP","floor":44.0},{"not_picked":["Dagger Throw","Crippling Poison"],"picked":"Footwork","floor":47},{"not_picked":["Sucker Punch","Dagger Spray"],"picked":"Crippling Poison","floor":48}],"player_experience":1405504,"relics_obtained":[{"floor":6.0,"key":"Happy Flower"},{"floor":8.0,"key":"Snake Skull"},{"floor":9.0,"key":"Whetstone"},{"floor":10.0,"key":"Dream Catcher"},{"floor":26.0,"key":"Omamori"},{"floor":31.0,"key":"Regal Pillow"},{"floor":41.0,"key":"Vajra"},{"floor":43.0,"key":"Lantern"},{"floor":44.0,"key":"Anchor"}],"event_choices":[{"damage_healed":0.0,"max_hp_gain":0.0,"max_hp_loss":0.0,"gold_gain":0.0,"event_name":"Golden Idol","player_choice":"Ignored","floor":3.0,"gold_loss":0.0,"damage_taken":0.0},{"damage_healed":0.0,"max_hp_gain":0.0,"max_hp_loss":0.0,"gold_gain":150.0,"event_name":"Liars Game","player_choice":"AGREE","floor":4.0,"gold_loss":0.0,"damage_taken":0.0,"cards_obtained":["Doubt"]},{"cards_removed":["Doubt"],"damage_healed":0.0,"max_hp_gain":0.0,"max_hp_loss":0.0,"gold_gain":0.0,"event_name":"The Cleric","player_choice":"Card Removal","floor":5.0,"gold_loss":75.0,"damage_taken":0.0},{"damage_healed":0.0,"max_hp_gain":0.0,"max_hp_loss":0.0,"gold_gain":0.0,"event_name":"Drug Dealer","player_choice":"Inject Mutagens","floor":29.0,"gold_loss":0.0,"damage_taken":0.0,"relics_obtained":["MutagenicStrength"]},{"damage_healed":0.0,"max_hp_gain":0.0,"max_hp_loss":0.0,"gold_gain":0.0,"event_name":"SensoryStone","player_choice":"Memory 3","floor":36.0,"gold_loss":0.0,"damage_taken":10.0},{"damage_healed":0.0,"max_hp_gain":0.0,"max_hp_loss":0.0,"gold_gain":0.0,"event_name":"Tomb of Lord Red Mask","player_choice":"Paid","floor":38.0,"gold_loss":32.0,"damage_taken":0.0,"relics_obtained":["Red Mask"]},{"damage_healed":0.0,"max_hp_gain":0.0,"max_hp_loss":0.0,"gold_gain":0.0,"cards_transformed":["Phantasmal Killer"],"event_name":"Transmorgrifier","player_choice":"Transformed","floor":46.0,"gold_loss":0.0,"damage_taken":0.0,"cards_obtained":["Predator"]}],"is_beta":true,"boss_relics":[{"not_picked":["Philosopher\u0027s Stone","Lizard Tail"],"picked":"Ectoplasm"},{"not_picked":["Snecko Eye","Velvet Choker"],"picked":"Astrolabe"}],"items_purged_floors":[20],"is_endless":false,"potions_floor_spawned":[2,6,10,21,22,31,41,48],"killed_by":"Time Eater","ascension_level":20}