{"gold_per_floor":[119,119,119,137,50,75,86,86,137,194,194,211,211,222,222,299,299,279,279,41,53,79,91],"floor_reached":23,"playtime":827,"items_purged":["Regret"],"score":417,"play_id":"e9d1c133-6746-40c4-a8e1-c47d3afdf146","local_time":"20181128073906","is_ascension_mode":true,"campfire_choices":[{"floor":11,"key":"REST"},{"data":"Footwork","floor":15,"key":"SMITH"}],"neow_cost":"NONE","seed_source_timestamp":1014871197382366,"circlet_count":0,"master_deck":["AscendersBane","Defend_G","Defend_G","Defend_G","Defend_G","Defend_G","Strike_G","Strike_G","Strike_G","Strike_G","Strike_G","Survivor","Neutralize","Blade Dance+1","Cloak And Dagger","Footwork+1","Deflect","Endless Agony","Riddle With Holes","Dodge and Roll","After Image","Decay","Doubt","Dodge and Roll"],"relics":["Ring of the Snake","NeowsBlessing","Bag of Marbles","Kunai","Orichalcum","Vajra","Calling Bell","PreservedInsect","Blue Candle","Turnip","MawBank"],"potions_floor_usage":[10,10,16,23],"damage_taken":[{"damage":0,"enemies":"Jaw Worm","floor":1,"turns":1},{"damage":0,"enemies":"2 Louse","floor":4,"turns":1},{"damage":0,"enemies":"3 Sentries","floor":6,"turns":1},{"damage":7,"enemies":"Small Slimes","floor":7,"turns":4},{"damage":24,"enemies":"Gremlin Nob","floor":10,"turns":4},{"damage":15,"enemies":"3 Louse","floor":12,"turns":4},{"damage":1,"enemies":"Exordium Thugs","floor":14,"turns":4},{"damage":22,"enemies":"Hexaghost","floor":16,"turns":17},{"damage":26,"enemies":"2 Thieves","floor":18,"turns":4},{"damage":6,"enemies":"3 Byrds","floor":22,"turns":10},{"damage":45,"enemies":"Gremlin Leader","floor":23,"turns":8}],"seed_played":"-1445892518926342564","potions_obtained":[{"floor":1,"key":"Weak Potion"},{"floor":4,"key":"SteroidPotion"},{"floor":10,"key":"Swift Potion"},{"floor":13,"key":"FairyPotion"},{"floor":18,"key":"Energy Potion"},{"floor":22,"key":"AttackPotion"}],"is_trial":false,"path_per_floor":["M","?","?","M","$","E","M","?","T","?","R","M","?","M","R","B",null,"M","?","$","?","M","E"],"character_chosen":"THE_SILENT","items_purchased":["Footwork","MawBank"],"campfire_rested":1,"item_purchase_floors":[5,20],"current_hp_per_floor":[59,59,59,59,59,59,52,52,52,28,47,32,32,31,31,9,52,26,26,26,26,20,0],"gold":91,"neow_bonus":"THREE_ENEMY_KILL","is_prod":false,"is_daily":false,"chose_seed":false,"campfire_upgraded":1,"win_rate":0,"timestamp":1543408746,"path_taken":["M","?","?","M","$","E","M","?","T","?","R","M","?","M","R","BOSS","M","?","$","?","M","E"],"build_version":"2018-11-15","purchased_purges":1,"victory":false,"max_hp_per_floor":[66,66,66,66,66,66,66,66,66,66,66,66,66,66,66,66,66,66,66,66,66,66,66],"card_choices":[{"not_picked":["Distraction","Underhanded Strike"],"picked":"Blade Dance","floor":1},{"not_picked":["Expertise","Flying Knee"],"picked":"Cloak And Dagger","floor":4},{"not_picked":["Doppelganger","Deadly Poison"],"picked":"Deflect","floor":6},{"not_picked":["Quick Slash","Outmaneuver"],"picked":"Endless Agony","floor":7},{"not_picked":["Dash","Deadly Poison"],"picked":"Riddle With Holes","floor":10},{"not_picked":["Slice","Distraction","Deadly Poison"],"picked":"SKIP","floor":12},{"not_picked":["Flying Knee","Backflip"],"picked":"Dodge and Roll","floor":14},{"not_picked":["Unload","A Thousand Cuts"],"picked":"After Image","floor":16},{"not_picked":["Flying Knee","Deadly Poison+1"],"picked":"Dodge and Roll","floor":18},{"not_picked":["Heel Hook","Riddle With Holes","Predator"],"picked":"SKIP","floor":22}],"player_experience":778450,"relics_obtained":[{"floor":6,"key":"Kunai"},{"floor":9,"key":"Orichalcum"},{"floor":10,"key":"Vajra"},{"floor":17,"key":"PreservedInsect"},{"floor":17,"key":"Blue Candle"},{"floor":17,"key":"Turnip"}],"event_choices":[{"damage_healed":0,"gold_gain":0,"player_choice":"Box","damage_taken":0,"relics_obtained":["Bag of Marbles"],"max_hp_gain":0,"max_hp_loss":0,"event_name":"Big Fish","floor":2,"gold_loss":0,"cards_obtained":["Regret"]},{"damage_healed":0,"gold_gain":0,"player_choice":"Grow","damage_taken":0,"max_hp_gain":0,"max_hp_loss":0,"event_name":"Living Wall","floor":3,"gold_loss":0,"cards_upgraded":["Blade Dance"]},{"damage_healed":0,"gold_gain":0,"player_choice":"Ignored","damage_taken":0,"max_hp_gain":0,"max_hp_loss":0,"event_name":"Shining Light","floor":8,"gold_loss":0},{"damage_healed":0,"gold_gain":30,"player_choice":"Searched \u00272\u0027 times","damage_taken":0,"max_hp_gain":0,"max_hp_loss":0,"event_name":"Dead Adventurer","floor":10,"gold_loss":0},{"damage_healed":0,"gold_gain":0,"player_choice":"Got Potions","damage_taken":0,"max_hp_gain":0,"max_hp_loss":0,"event_name":"Lab","floor":13,"gold_loss":0},{"cards_removed":["Normality"],"damage_healed":0,"gold_gain":0,"player_choice":"Elegance","damage_taken":0,"max_hp_gain":0,"max_hp_loss":0,"event_name":"Back to Basics","floor":19,"gold_loss":0},{"damage_healed":0,"gold_gain":0,"player_choice":"Ignored","damage_taken":0,"max_hp_gain":0,"max_hp_loss":0,"event_name":"Cursed Tome","floor":21,"gold_loss":0}],"is_beta":false,"boss_relics":[{"not_picked":["Runic Pyramid","Black Star"],"picked":"Calling Bell"}],"items_purged_floors":[20],"is_endless":false,"potions_floor_spawned":[1,4,10,14,18,22],"killed_by":"Gremlin Leader","ascension_level":19}