{"gold_per_floor":[111,125,125,125,42,69,131,131,131,281,298,327,346,371,371,371],"floor_reached":16,"playtime":338,"items_purged":[],"score":286,"play_id":"91379ea0-a5b4-4bfc-b72f-207d27088b74","local_time":"20190502163650","is_ascension_mode":true,"campfire_choices":[{"data":"Corruption","floor":8,"key":"SMITH"},{"floor":15,"key":"REST"}],"neow_cost":"NONE","seed_source_timestamp":788010657076663,"circlet_count":0,"master_deck":["AscendersBane","Strike_R","Strike_R","Strike_R","Strike_R","Strike_R","Defend_R","Defend_R","Defend_R","Defend_R","Bash","Flex","Spot Weakness","Corruption+1","Immolate","Thunderclap","Doubt","Spot Weakness","Sword Boomerang","Feed"],"relics":["Burning Blood","NeowsBlessing","Magic Flower","The Courier","Bottled Lightning","Ancient Tea Set","Smiling Mask"],"potions_floor_usage":[7,12,12,14,16],"damage_taken":[{"damage":0,"enemies":"2 Louse","floor":1,"turns":1},{"damage":0,"enemies":"Small Slimes","floor":2,"turns":1},{"damage":0,"enemies":"Lagavulin","floor":6,"turns":1},{"damage":10,"enemies":"3 Sentries","floor":7,"turns":3},{"damage":12,"enemies":"Cultist","floor":11,"turns":4},{"damage":25,"enemies":"3 Sentries","floor":12,"turns":4},{"damage":11,"enemies":"2 Fungi Beasts","floor":13,"turns":3},{"damage":63,"enemies":"Gremlin Nob","floor":14,"turns":5},{"damage":52,"enemies":"Hexaghost","floor":16,"turns":7}],"seed_played":"8954278906803185073","potions_obtained":[{"floor":1,"key":"BloodPotion"},{"floor":6,"key":"Explosive Potion"},{"floor":11,"key":"EntropicBrew"},{"floor":13,"key":"Regen Potion"}],"is_trial":false,"path_per_floor":["M","M","?","?","$","E","?","R","T","?","M","E","M","E","R","B"],"character_chosen":"IRONCLAD","items_purchased":["Corruption"],"campfire_rested":1,"item_purchase_floors":[5],"current_hp_per_floor":[74,75,75,75,75,75,74,74,74,74,71,66,64,24,46,0],"gold":371,"neow_bonus":"THREE_ENEMY_KILL","is_prod":false,"is_daily":false,"chose_seed":false,"campfire_upgraded":1,"win_rate":0,"timestamp":1556829410,"path_taken":["M","M","?","?","$","E","?","R","T","?","M","E","M","E","R","BOSS"],"build_version":"2019-01-23","purchased_purges":0,"victory":false,"max_hp_per_floor":[75,75,75,75,75,75,75,75,75,75,75,75,75,75,75,75],"card_choices":[{"not_picked":["Dual Wield","Wild Strike"],"picked":"Flex","floor":1},{"not_picked":["Sword Boomerang","Heavy Blade"],"picked":"Spot Weakness","floor":2},{"not_picked":["Iron Wave","Juggernaut"],"picked":"Immolate","floor":6},{"not_picked":["Body Slam","Intimidate"],"picked":"Thunderclap","floor":7},{"not_picked":["Seeing Red","Anger"],"picked":"Spot Weakness","floor":11},{"not_picked":["True Grit","Perfected Strike","Wild Strike"],"picked":"SKIP","floor":12},{"not_picked":["Sever Soul","Clothesline"],"picked":"Sword Boomerang","floor":13},{"not_picked":["Armaments","Sentinel"],"picked":"Feed","floor":14}],"player_experience":943220,"relics_obtained":[{"floor":6,"key":"Magic Flower"},{"floor":7,"key":"The Courier"},{"floor":9,"key":"Bottled Lightning"},{"floor":12,"key":"Ancient Tea Set"},{"floor":14,"key":"Smiling Mask"}],"event_choices":[{"damage_healed":0,"gold_gain":0,"player_choice":"Fled","damage_taken":0,"max_hp_gain":0,"max_hp_loss":0,"event_name":"Scrap Ooze","floor":3,"gold_loss":0},{"damage_healed":0,"gold_gain":0,"player_choice":"Ignored","damage_taken":0,"max_hp_gain":0,"max_hp_loss":0,"event_name":"Golden Wing","floor":4,"gold_loss":0},{"damage_healed":0,"gold_gain":0,"player_choice":"Searched \u00272\u0027 times","damage_taken":0,"max_hp_gain":0,"max_hp_loss":0,"event_name":"Dead Adventurer","floor":7,"gold_loss":0},{"damage_healed":0,"gold_gain":150,"player_choice":"AGREE","damage_taken":0,"max_hp_gain":0,"max_hp_loss":0,"event_name":"Liars Game","floor":10,"gold_loss":0,"cards_obtained":["Doubt"]}],"is_beta":false,"boss_relics":[],"items_purged_floors":[],"is_endless":false,"potions_floor_spawned":[1,6,11,13],"killed_by":"Hexaghost","ascension_level":20}