{"gold_per_floor":[118,118,129,129,129,139,139,154,179,179,179,214,214,227,227,324,324,341,341,341,3,14,45,45,45],"floor_reached":25,"playtime":1711,"items_purged":[],"score":296,"play_id":"a331b672-c72d-4703-9411-2ceeeb736bfb","local_time":"20181228131328","is_ascension_mode":true,"campfire_choices":[{"data":"Bouncing Flask","floor":7,"key":"SMITH"},{"floor":11,"key":"REST"},{"floor":13,"key":"RECALL"},{"floor":15,"key":"REST"},{"floor":24,"key":"REST"}],"neow_cost":"NONE","seed_source_timestamp":61323708147699,"circlet_count":0,"master_deck":["Defend_G","Defend_G+1","Defend_G+1","Defend_G+1","Defend_G","Strike_G+1","Strike_G","Survivor","Neutralize","Bouncing Flask+1","Phantasmal Killer","Flying Knee","PiercingWail","Prepared","Burst","PiercingWail","Poisoned Stab"],"relics":["Empty Cage","Snake Skull","War Paint","Lizard Tail","MutagenicStrength","Darkstone Periapt","Shovel","Letter Opener"],"potions_floor_usage":[16,23,23,25],"damage_taken":[{"damage":0,"enemies":"2 Louse","floor":1,"turns":3},{"damage":5,"enemies":"Jaw Worm","floor":3,"turns":5},{"damage":4,"enemies":"Small Slimes","floor":6,"turns":5},{"damage":2,"enemies":"Exordium Thugs","floor":8,"turns":4},{"damage":7,"enemies":"Gremlin Nob","floor":12,"turns":4},{"damage":8,"enemies":"Blue Slaver","floor":14,"turns":3},{"damage":0,"enemies":"Hexaghost","floor":16,"turns":7},{"damage":12,"enemies":"Chosen","floor":18,"turns":3},{"damage":0,"enemies":"3 Byrds","floor":22,"turns":6},{"damage":92,"enemies":"Gremlin Leader","floor":23,"turns":13},{"damage":50,"enemies":"Slavers","floor":25,"turns":4}],"seed_played":"-3080769080316275526","potions_obtained":[{"floor":3,"key":"Fire Potion"},{"floor":8,"key":"SteroidPotion"},{"floor":12,"key":"Weak Potion"},{"floor":16,"key":"Energy Potion"},{"floor":22,"key":"Regen Potion"}],"is_trial":false,"path_per_floor":["M","?","M","$","?","M","R","M","T","?","R","E","R","M","R","B",null,"M","?","?","$","M","E","R","E"],"character_chosen":"THE_SILENT","items_purchased":["Shovel","Poisoned Stab"],"campfire_rested":3,"item_purchase_floors":[21,21],"current_hp_per_floor":[70,70,65,65,51,47,47,45,45,45,66,59,59,51,70,70,70,58,58,58,58,58,27,48,0],"gold":45,"neow_bonus":"BOSS_RELIC","is_prod":false,"is_daily":false,"chose_seed":false,"campfire_upgraded":1,"win_rate":0,"timestamp":1546020808,"path_taken":["M","?","M","$","?","M","R","M","T","?","R","E","R","M","R","BOSS","M","?","?","$","M","E","R","E"],"build_version":"2018-12-20","purchased_purges":0,"victory":false,"max_hp_per_floor":[70,70,70,70,70,70,70,70,70,70,70,70,70,70,70,70,70,70,70,70,70,70,70,70,70],"card_choices":[{"not_picked":["Cloak And Dagger","Eviscerate"],"picked":"Bouncing Flask","floor":1},{"not_picked":["Accuracy","Masterful Stab","Quick Slash"],"picked":"SKIP","floor":3},{"not_picked":["Acrobatics","Finisher"],"picked":"Flying Knee","floor":6},{"not_picked":["Dagger Throw","Cloak And Dagger"],"picked":"PiercingWail","floor":8},{"not_picked":["Dagger Spray","Dagger Throw","Doppelganger"],"picked":"SKIP","floor":12},{"not_picked":["Dash","Acrobatics"],"picked":"Prepared","floor":14},{"not_picked":["Malaise","Phantasmal Killer"],"picked":"Burst","floor":16},{"not_picked":["Outmaneuver","Choke"],"picked":"PiercingWail","floor":18},{"not_picked":["Dagger Throw","Quick Slash","Wraith Form v2"],"picked":"SKIP","floor":22},{"not_picked":["Wraith Form v2","Predator+1","PiercingWail"],"picked":"SKIP","floor":23}],"player_experience":70366,"relics_obtained":[{"floor":9,"key":"Snake Skull"},{"floor":12,"key":"War Paint"},{"floor":23,"key":"Letter Opener"}],"event_choices":[{"damage_healed":0,"gold_gain":0,"cards_transformed":["Strike_G"],"player_choice":"Change","damage_taken":0,"max_hp_gain":0,"max_hp_loss":0,"event_name":"Living Wall","floor":2,"gold_loss":0,"cards_obtained":["Phantasmal Killer"]},{"damage_healed":0,"gold_gain":0,"player_choice":"Entered Light","damage_taken":14,"max_hp_gain":0,"max_hp_loss":0,"event_name":"Shining Light","floor":5,"gold_loss":0,"cards_upgraded":["Defend_G","Strike_G"]},{"damage_healed":0,"gold_gain":0,"player_choice":"Ignored","damage_taken":0,"max_hp_gain":0,"max_hp_loss":0,"event_name":"Golden Wing","floor":10,"gold_loss":0},{"damage_healed":0,"gold_gain":0,"player_choice":"Inject Mutagens","damage_taken":0,"relics_obtained":["MutagenicStrength"],"max_hp_gain":0,"max_hp_loss":0,"event_name":"Drug Dealer","floor":19,"gold_loss":0},{"damage_healed":0,"gold_gain":0,"player_choice":"Opened","damage_taken":0,"relics_obtained":["Darkstone Periapt"],"max_hp_gain":0,"max_hp_loss":0,"event_name":"The Mausoleum","floor":20,"gold_loss":0}],"is_beta":false,"boss_relics":[{"not_picked":["White Beast Statue","Coffee Dripper"],"picked":"Lizard Tail"}],"items_purged_floors":[],"is_endless":false,"potions_floor_spawned":[3,8,12,16,22],"killed_by":"Slavers","ascension_level":2}