{"gold_per_floor":[113,63,15,15,25,50,50,67,121,141,141,153,153,187,187,288,288,301,312,85,85,100,100,116,144,144,69,69],"floor_reached":28,"playtime":876,"items_purged":["Strike_B"],"score":423,"play_id":"4a63ec85-df49-4311-8eca-3ef2a209e6ee","local_time":"20190417100145","is_ascension_mode":true,"campfire_choices":[{"data":"Zap","floor":7,"key":"SMITH"},{"data":"Gash","floor":11,"key":"SMITH"},{"data":"Scrape","floor":15,"key":"SMITH"},{"floor":23,"key":"REST"}],"neow_cost":"NONE","seed_source_timestamp":523989079732900,"circlet_count":0,"master_deck":["AscendersBane","Defend_B","Defend_B","Defend_B","Zap+1","Dualcast","Gash+1","Go for the Eyes","Beam Cell","Glacier","Defragment","Scrape+1","Biased Cognition","All For One","Melter","Redo+1"],"relics":["Cracked Core","NeowsBlessing","DataDisk","Strawberry","Omamori","Fusion Hammer","Mercury Hourglass","Unceasing Top"],"potions_floor_usage":[10,14,19,22,25,28],"damage_taken":[{"damage":0,"enemies":"Jaw Worm","floor":1,"turns":1},{"damage":0,"enemies":"Small Slimes","floor":5,"turns":1},{"damage":0,"enemies":"3 Sentries","floor":6,"turns":1},{"damage":0,"enemies":"Cultist","floor":8,"turns":3},{"damage":0,"enemies":"Large Slime","floor":10,"turns":8},{"damage":6,"enemies":"3 Louse","floor":12,"turns":3},{"damage":8,"enemies":"Gremlin Nob","floor":14,"turns":3},{"damage":19,"enemies":"The Guardian","floor":16,"turns":11},{"damage":0,"enemies":"Spheric Guardian","floor":18,"turns":3},{"damage":0,"enemies":"3 Byrds","floor":19,"turns":4},{"damage":12,"enemies":"3 Cultists","floor":22,"turns":6},{"damage":50,"enemies":"Shelled Parasite and Fungi","floor":24,"turns":8},{"damage":16,"enemies":"Gremlin Leader","floor":25,"turns":7},{"damage":34,"enemies":"Book of Stabbing","floor":28,"turns":3}],"seed_played":"1217571557818476303","potions_obtained":[{"floor":1,"key":"Poison Potion"},{"floor":5,"key":"AttackPotion"},{"floor":10,"key":"Block Potion"},{"floor":18,"key":"Fire Potion"},{"floor":24,"key":"LiquidBronze"},{"floor":25,"key":"SkillPotion"}],"is_trial":false,"path_per_floor":["M","?","$","?","M","E","R","M","T","M","R","M","?","E","R","B",null,"M","M","$","?","M","R","M","E","T","?","E"],"character_chosen":"DEFECT","items_purchased":["Go for the Eyes","All For One"],"campfire_rested":1,"item_purchase_floors":[3,20],"current_hp_per_floor":[68,68,68,68,68,68,68,68,75,75,75,69,69,61,61,42,72,72,72,72,72,60,82,32,16,16,16,0],"gold":69,"neow_bonus":"THREE_ENEMY_KILL","is_prod":false,"is_daily":false,"chose_seed":false,"campfire_upgraded":3,"win_rate":0,"timestamp":1555466505,"path_taken":["M","?","$","?","M","E","R","?","T","M","R","M","?","E","R","BOSS","M","M","$","?","M","R","M","E","T","?","E"],"build_version":"2019-01-23","purchased_purges":1,"victory":false,"max_hp_per_floor":[75,75,75,75,75,75,75,75,82,82,82,82,82,82,82,82,82,82,82,82,82,82,82,82,82,82,82,82],"card_choices":[{"not_picked":["Doom and Gloom","Beam Cell"],"picked":"Gash","floor":1},{"not_picked":["Barrage","Loop"],"picked":"Beam Cell","floor":5},{"not_picked":["Conserve Battery","Ball Lightning"],"picked":"Glacier","floor":6},{"not_picked":["Reprogram","Rebound","Go for the Eyes"],"picked":"SKIP","floor":8},{"not_picked":["Go for the Eyes","Fusion"],"picked":"Defragment","floor":10},{"not_picked":["Thunder Strike","Reinforced Body"],"picked":"Scrape","floor":12},{"not_picked":["Blizzard","Hello World","Ball Lightning"],"picked":"SKIP","floor":14},{"not_picked":["Fission","Electrodynamics"],"picked":"Biased Cognition","floor":16},{"not_picked":["Leap","Scrape","Auto Shields"],"picked":"SKIP","floor":18},{"not_picked":["Conserve Battery","BootSequence+1","Ball Lightning+1"],"picked":"SKIP","floor":19},{"not_picked":["Turbo","White Noise","Go for the Eyes"],"picked":"SKIP","floor":22},{"not_picked":["Barrage","Go for the Eyes+1"],"picked":"Melter","floor":24},{"not_picked":["Go for the Eyes+1","Ball Lightning"],"picked":"Redo+1","floor":25}],"player_experience":501420,"relics_obtained":[{"floor":6,"key":"DataDisk"},{"floor":9,"key":"Strawberry"},{"floor":14,"key":"Omamori"},{"floor":25,"key":"Mercury Hourglass"},{"floor":26,"key":"Unceasing Top"}],"event_choices":[{"cards_removed":["Strike_B"],"damage_healed":0,"gold_gain":0,"player_choice":"Card Removal","damage_taken":0,"max_hp_gain":0,"max_hp_loss":0,"event_name":"The Cleric","floor":2,"gold_loss":50},{"cards_removed":["Strike_B"],"damage_healed":0,"gold_gain":0,"player_choice":"Offered Basic","damage_taken":0,"max_hp_gain":0,"max_hp_loss":0,"event_name":"Bonfire Elementals","floor":4,"gold_loss":0},{"cards_removed":["Defend_B"],"damage_healed":0,"gold_gain":0,"player_choice":"Forget","damage_taken":0,"max_hp_gain":0,"max_hp_loss":0,"event_name":"Living Wall","floor":13,"gold_loss":0},{"damage_healed":0,"gold_gain":0,"player_choice":"Ignored","damage_taken":0,"max_hp_gain":0,"max_hp_loss":0,"event_name":"Ghosts","floor":21,"gold_loss":0},{"cards_removed":["Strike_B"],"damage_healed":0,"gold_gain":0,"player_choice":"Gave Gold","damage_taken":0,"max_hp_gain":0,"max_hp_loss":0,"event_name":"Beggar","floor":27,"gold_loss":75}],"is_beta":false,"boss_relics":[{"not_picked":["Orrery","Astrolabe"],"picked":"Fusion Hammer"}],"items_purged_floors":[20],"is_endless":false,"potions_floor_spawned":[1,5,8,10,18,24,25],"killed_by":"Book of Stabbing","ascension_level":11}