{"gold_per_floor":[114,130,142,142,69,95,95,108,108,123,151,151],"floor_reached":12,"playtime":521,"items_purged":[],"score":108,"play_id":"cfdf98e6-87db-4866-a1d4-84794c6b19fb","local_time":"20190405180014","is_ascension_mode":true,"campfire_choices":[{"data":"Defragment","floor":7,"key":"SMITH"}],"neow_cost":"NONE","seed_source_timestamp":1830664781707800,"circlet_count":0,"master_deck":["Strike_B","Strike_B","Strike_B","Strike_B","Defend_B","Defend_B","Defend_B","Defend_B","Zap","Dualcast","Defragment+1","White Noise","Core Surge","Defragment","Ball Lightning","Cold Snap","Leap"],"relics":["Velvet Choker","Vajra","Sundial","Pantograph"],"potions_floor_usage":[11,11,11],"damage_taken":[{"damage":2,"enemies":"Jaw Worm","floor":1,"turns":3},{"damage":1,"enemies":"2 Louse","floor":2,"turns":2},{"damage":0,"enemies":"Cultist","floor":3,"turns":3},{"damage":48,"enemies":"Gremlin Nob","floor":6,"turns":5},{"damage":1,"enemies":"2 Fungi Beasts","floor":8,"turns":3},{"damage":19,"enemies":"Exordium Thugs","floor":10,"turns":4},{"damage":8,"enemies":"Lagavulin","floor":11,"turns":5},{"damage":1,"enemies":"Gremlin Gang","floor":12,"turns":1}],"seed_played":"121277114800738252","potions_obtained":[{"floor":1,"key":"FocusPotion"},{"floor":8,"key":"SpeedPotion"},{"floor":10,"key":"Dexterity Potion"},{"floor":11,"key":"Poison Potion"}],"is_trial":false,"path_per_floor":["M","M","M","?","$","E","R","M","T","M","E","M"],"character_chosen":"DEFECT","items_purchased":["Defragment"],"campfire_rested":0,"item_purchase_floors":[5],"current_hp_per_floor":[73,72,72,77,77,29,29,28,28,9,1,0],"gold":151,"neow_bonus":"BOSS_RELIC","is_prod":false,"is_daily":false,"chose_seed":false,"campfire_upgraded":1,"win_rate":0,"timestamp":1554501614,"path_taken":["M","M","M","?","$","E","R","M","T","M","E","M"],"build_version":"2019-01-23","purchased_purges":0,"victory":false,"max_hp_per_floor":[75,75,75,80,80,80,80,80,80,80,80,80],"card_choices":[{"not_picked":["Capacitor","Barrage"],"picked":"Defragment","floor":1},{"not_picked":["Steam","Barrage"],"picked":"White Noise","floor":2},{"not_picked":["Gash","Cold Snap"],"picked":"Core Surge","floor":3},{"not_picked":["Undo","Skim"],"picked":"Ball Lightning","floor":6},{"not_picked":["Beam Cell","Reinforced Body","Barrage"],"picked":"SKIP","floor":8},{"not_picked":["Compile Driver","Sweeping Beam"],"picked":"Cold Snap","floor":10},{"not_picked":["Thunder Strike","Turbo"],"picked":"Leap","floor":11}],"player_experience":273088,"relics_obtained":[{"floor":6,"key":"Vajra"},{"floor":9,"key":"Sundial"},{"floor":11,"key":"Pantograph"}],"event_choices":[{"damage_healed":0,"gold_gain":0,"player_choice":"Donut","damage_taken":0,"max_hp_gain":5,"max_hp_loss":0,"event_name":"Big Fish","floor":4,"gold_loss":0}],"is_beta":false,"boss_relics":[],"items_purged_floors":[],"is_endless":false,"potions_floor_spawned":[1,8,10,11],"killed_by":"Gremlin Gang","ascension_level":4}