{"gold_per_floor":[153,153,207,28,79,166,220,220,297,297,372,477,510,588,588,882,882,882],"floor_reached":18,"playtime":993,"items_purged":[],"score":230,"play_id":"61db0683-5b55-48ee-9d5e-d62cebe30a86","local_time":"20190224134259","daily_mods":["Draft","Specialized","Elite Swarm","Lethality","Midas","Uncertain Future"],"is_ascension_mode":false,"campfire_choices":[{"floor":8,"key":"REST"},{"floor":10,"key":"REST"},{"floor":15,"key":"REST"}],"neow_cost":"","seed_source_timestamp":0,"circlet_count":0,"master_deck":["Headbutt","Headbutt","Headbutt","Headbutt","Headbutt","Twin Strike","Carnage","Flex","Headbutt","Anger","Combust","Body Slam","Clothesline","Pummel","Body Slam","Flex","Pummel","Flex","Flex","Power Through","Flex","Uppercut","Blind","Armaments","Warcry","Bludgeon","Inflame","Thunderclap","Demon Form","Flex","Limit Break","Demon Form"],"relics":["Burning Blood","StoneCalendar","Question Card","Odd Mushroom","Regal Pillow","Molten Egg 2","Black Star"],"potions_floor_usage":[13,18,18,18],"damage_taken":[{"damage":14,"enemies":"Jaw Worm","floor":1,"turns":2},{"damage":1,"enemies":"Cultist","floor":3,"turns":2},{"damage":0,"enemies":"Small Slimes","floor":5,"turns":2},{"damage":42,"enemies":"Lagavulin","floor":6,"turns":5},{"damage":0,"enemies":"3 Louse","floor":7,"turns":2},{"damage":35,"enemies":"The Mushroom Lair","floor":11,"turns":3},{"damage":9,"enemies":"Gremlin Nob","floor":12,"turns":3},{"damage":0,"enemies":"Blue Slaver","floor":13,"turns":1},{"damage":15,"enemies":"Lagavulin","floor":14,"turns":3},{"damage":37,"enemies":"The Guardian","floor":16,"turns":6},{"damage":82,"enemies":"3 Byrds","floor":18,"turns":2}],"seed_played":"-4024156102003041988","potions_obtained":[{"floor":6,"key":"SneckoOil"},{"floor":12,"key":"Dexterity Potion"},{"floor":13,"key":"PowerPotion"},{"floor":14,"key":"Dexterity Potion"}],"is_trial":true,"path_per_floor":["M","?","M","$","M","E","M","R","T","R","?","E","M","E","R","B",null,"M"],"character_chosen":"IRONCLAD","items_purchased":["Uppercut","Blind","Armaments"],"campfire_rested":3,"item_purchase_floors":[4,4,4],"current_hp_per_floor":[72,80,80,80,80,44,50,74,74,80,51,48,54,45,80,49,80,0],"gold":882,"neow_bonus":"","is_prod":false,"is_daily":false,"chose_seed":false,"campfire_upgraded":0,"win_rate":0,"timestamp":1551037379,"path_taken":["M","?","M","$","?","E","M","R","T","R","?","E","M","E","R","BOSS","M"],"build_version":"2019-01-23","purchased_purges":0,"victory":false,"max_hp_per_floor":[80,80,80,80,80,80,80,80,80,80,80,80,80,80,80,80,80,80],"card_choices":[{"not_picked":["Wild Strike","Heavy Blade"],"picked":"Twin Strike","floor":0},{"not_picked":["Havoc","Pommel Strike"],"picked":"Carnage","floor":0},{"not_picked":["Spot Weakness","Armaments"],"picked":"Flex","floor":0},{"not_picked":["Thunderclap","Searing Blow"],"picked":"Rupture","floor":0},{"not_picked":["Cleave","Entrench"],"picked":"Headbutt","floor":0},{"not_picked":["Cleave","Sever Soul"],"picked":"Anger","floor":0},{"not_picked":["Wild Strike","Fire Breathing"],"picked":"Combust","floor":0},{"not_picked":["Clothesline","Armaments"],"picked":"Body Slam","floor":0},{"not_picked":["Twin Strike","Sword Boomerang"],"picked":"Clothesline","floor":0},{"not_picked":["Sentinel","Havoc"],"picked":"Pummel","floor":0},{"not_picked":["True Grit","Clothesline"],"picked":"Body Slam","floor":0},{"not_picked":["Iron Wave","Clash"],"picked":"Flex","floor":0},{"not_picked":["Clothesline","Perfected Strike"],"picked":"Pummel","floor":0},{"not_picked":["Shockwave","Perfected Strike"],"picked":"Flex","floor":0},{"not_picked":["Inflame","Heavy Blade"],"picked":"Flex","floor":0},{"not_picked":["Sword Boomerang","Perfected Strike"],"picked":"Power Through","floor":1},{"not_picked":["Pommel Strike","Power Through"],"picked":"Flex","floor":3},{"not_picked":["Sword Boomerang","Wild Strike"],"picked":"Warcry","floor":5},{"not_picked":["Dark Embrace","Double Tap"],"picked":"Bludgeon","floor":6},{"not_picked":["Shrug It Off","Sentinel"],"picked":"Inflame","floor":7},{"not_picked":["Whirlwind","Iron Wave","Cleave"],"picked":"Thunderclap","floor":11},{"not_picked":["Brutality","Offering","Double Tap"],"picked":"Demon Form","floor":12},{"not_picked":["Perfected Strike","Whirlwind","Anger"],"picked":"Flex","floor":13},{"not_picked":["Reaper","Feed","Barricade"],"picked":"Limit Break","floor":14},{"not_picked":["Barricade","Exhume","Fiend Fire+1"],"picked":"Demon Form","floor":16}],"player_experience":68603,"relics_obtained":[{"floor":6,"key":"StoneCalendar"},{"floor":9,"key":"Question Card"},{"floor":11,"key":"Odd Mushroom"},{"floor":12,"key":"Regal Pillow"},{"floor":14,"key":"Molten Egg 2"}],"event_choices":[{"cards_removed":["Rupture"],"damage_healed":8,"gold_gain":0,"player_choice":"Offered Uncommon","damage_taken":0,"max_hp_gain":0,"max_hp_loss":0,"event_name":"Bonfire Elementals","floor":2,"gold_loss":0},{"damage_healed":0,"gold_gain":0,"player_choice":"Fought Mushrooms","damage_taken":0,"max_hp_gain":0,"max_hp_loss":0,"event_name":"Mushrooms","floor":11,"gold_loss":0}],"is_beta":false,"boss_relics":[{"not_picked":["Velvet Choker","Sozu"],"picked":"Black Star"}],"items_purged_floors":[],"is_endless":false,"potions_floor_spawned":[6,12,13,14],"killed_by":"3 Byrds","ascension_level":0}