{"gold_per_floor":[116,116,131,141,151,151,177,177,177,142,62,90,90,104,104,207,207,220,204,92,105,124,124,224,241,314,349,349,365,392,409,409,409],"floor_reached":33,"playtime":2911,"items_purged":["Regret"],"score":299,"play_id":"6af752c9-9032-4da7-8381-b55aedc0fa36","local_time":"20190217170026","is_ascension_mode":false,"campfire_choices":[{"data":"Loop","floor":6,"key":"SMITH"},{"floor":8,"key":"REST"},{"floor":15,"key":"REST"},{"floor":23,"key":"REST"},{"floor":28,"key":"REST"},{"floor":32,"key":"REST"}],"neow_cost":"NONE","seed_source_timestamp":79810454222925,"circlet_count":0,"master_deck":["Strike_B","Strike_B","Strike_B","Strike_B","Defend_B","Defend_B","Defend_B","Defend_B","Zap","Dualcast","Glacier","Force Field","Cold Snap","Loop+1","Tempest","Storm","Genetic Algorithm+1","Ball Lightning","Reboot+1","Redo+1","Redo+1","Loop","Go for the Eyes","Capacitor","Seek+1","Rip and Tear+1","Leap+1","Static Discharge","Lockon"],"relics":["Cracked Core","Mummified Hand","Dodecahedron","Toxic Egg 2","Orichalcum","Fusion Hammer","Matryoshka","Ancient Tea Set","Lantern"],"potions_floor_usage":[7,14,16,21,27,30,33,33,33],"damage_taken":[{"damage":0,"enemies":"Small Slimes","floor":1,"turns":3},{"damage":1,"enemies":"Cultist","floor":3,"turns":3},{"damage":0,"enemies":"2 Louse","floor":4,"turns":3},{"damage":18,"enemies":"Large Slime","floor":5,"turns":8},{"damage":8,"enemies":"Lagavulin","floor":7,"turns":12},{"damage":39,"enemies":"3 Sentries","floor":12,"turns":6},{"damage":11,"enemies":"3 Louse","floor":14,"turns":4},{"damage":55,"enemies":"Hexaghost","floor":16,"turns":10},{"damage":21,"enemies":"Shell Parasite","floor":18,"turns":6},{"damage":22,"enemies":"2 Thieves","floor":19,"turns":4},{"damage":0,"enemies":"Shelled Parasite and Fungi","floor":21,"turns":11},{"damage":1,"enemies":"Cultist and Chosen","floor":22,"turns":4},{"damage":12,"enemies":"Sentry and Sphere","floor":25,"turns":4},{"damage":29,"enemies":"Slavers","floor":27,"turns":5},{"damage":28,"enemies":"3 Cultists","floor":29,"turns":5},{"damage":22,"enemies":"Book of Stabbing","floor":30,"turns":5},{"damage":5,"enemies":"Snake Plant","floor":31,"turns":3},{"damage":39,"enemies":"Automaton","floor":33,"turns":8}],"seed_played":"4966030121505158477","potions_obtained":[{"floor":1,"key":"Regen Potion"},{"floor":5,"key":"Dexterity Potion"},{"floor":7,"key":"AttackPotion"},{"floor":16,"key":"Swift Potion"},{"floor":19,"key":"Regen Potion"},{"floor":22,"key":"SpeedPotion"},{"floor":25,"key":"Fire Potion"},{"floor":27,"key":"Weak Potion"},{"floor":31,"key":"Energy Potion"}],"is_trial":false,"path_per_floor":["M","?","M","M","M","R","E","R","T","?","$","E","?","M","R","B",null,"M","M","$","M","M","R","?","M","T","E","R","M","E","M","R","B"],"character_chosen":"DEFECT","items_purchased":["Storm","Loop"],"campfire_rested":5,"item_purchase_floors":[11,20],"current_hp_per_floor":[75,85,84,84,66,66,58,83,83,85,85,46,46,40,65,10,85,64,42,42,57,56,81,81,69,69,40,65,37,15,10,35,0],"gold":409,"neow_bonus":"ONE_RANDOM_RARE_CARD","is_prod":false,"is_daily":false,"chose_seed":false,"campfire_upgraded":1,"win_rate":0.0,"timestamp":1550444426,"path_taken":["M","?","?","M","M","R","E","R","T","?","$","E","?","M","R","BOSS","M","M","$","M","M","R","?","M","T","E","R","M","E","M","R","BOSS"],"build_version":"2019-01-23","purchased_purges":1,"victory":false,"max_hp_per_floor":[75,85,85,85,85,85,85,85,85,85,85,85,85,85,85,85,85,85,85,85,85,85,85,85,85,85,85,85,85,85,85,85,85],"card_choices":[{"not_picked":["Heatsinks","Rip and Tear"],"picked":"Glacier","floor":1},{"not_picked":["Steam Power","Gash"],"picked":"Force Field","floor":3},{"not_picked":["Turbo","Heatsinks"],"picked":"Cold Snap","floor":4},{"not_picked":["Stack","Cold Snap"],"picked":"Loop","floor":5},{"not_picked":["Rebound","Core Surge"],"picked":"Tempest","floor":7},{"not_picked":["BootSequence","Go for the Eyes"],"picked":"Genetic Algorithm","floor":12},{"not_picked":["Turbo+1","Recycle+1"],"picked":"Ball Lightning","floor":14},{"not_picked":["Hyperbeam","Meteor Strike"],"picked":"Reboot+1","floor":16},{"not_picked":["Self Repair+1","Compile Driver"],"picked":"Redo+1","floor":18},{"not_picked":["Genetic Algorithm+1","Coolheaded+1"],"picked":"Redo+1","floor":19},{"not_picked":["Barrage","Turbo+1"],"picked":"Go for the Eyes","floor":21},{"not_picked":["Cold Snap","Blizzard"],"picked":"Capacitor","floor":22},{"not_picked":["Coolheaded+1","Barrage"],"picked":"Seek+1","floor":25},{"not_picked":["Fission+1","Undo+1"],"picked":"Rip and Tear+1","floor":27},{"not_picked":["Barrage+1","Scrape"],"picked":"Leap+1","floor":29},{"not_picked":["Stack+1","Reboot+1"],"picked":"Static Discharge","floor":30},{"not_picked":["FTL","Sweeping Beam"],"picked":"Lockon","floor":31}],"player_experience":18820,"relics_obtained":[{"floor":7,"key":"Mummified Hand"},{"floor":9,"key":"Dodecahedron"},{"floor":12,"key":"Toxic Egg 2"},{"floor":26,"key":"Matryoshka"},{"floor":27,"key":"Ancient Tea Set"},{"floor":30,"key":"Lantern"}],"event_choices":[{"cards_removed":["Machine Learning"],"damage_healed":0,"gold_gain":0,"player_choice":"Offered Rare","damage_taken":0,"max_hp_gain":10,"max_hp_loss":0,"event_name":"Bonfire Elementals","floor":2,"gold_loss":0},{"damage_healed":21,"gold_gain":0,"player_choice":"Healed","damage_taken":0,"max_hp_gain":0,"max_hp_loss":0,"event_name":"The Cleric","floor":10,"gold_loss":35},{"damage_healed":0,"gold_gain":0,"player_choice":"Box","damage_taken":0,"relics_obtained":["Orichalcum"],"max_hp_gain":0,"max_hp_loss":0,"event_name":"Big Fish","floor":13,"gold_loss":0,"cards_obtained":["Regret"]},{"damage_healed":0,"gold_gain":100,"player_choice":"Pray","damage_taken":0,"max_hp_gain":0,"max_hp_loss":0,"event_name":"Golden Shrine","floor":24,"gold_loss":0}],"is_beta":false,"boss_relics":[{"not_picked":["Ectoplasm","Orrery"],"picked":"Fusion Hammer"}],"items_purged_floors":[20],"is_endless":false,"potions_floor_spawned":[1,5,7,16,19,22,25,27,31],"killed_by":"Automaton","ascension_level":0}