{"gold_per_floor":[112,131,131,148,160,192,207,217,217,236,236,267,281,281,281,383,383,396,11,11,22,39,64,64,64,91,105,133,34,52,0,0,0],"floor_reached":33,"playtime":6314,"items_purged":["Strike_R"],"score":326,"play_id":"21fc99d6-d161-4469-a58c-04328ad39370","local_time":"20180705195426","is_ascension_mode":false,"campfire_choices":[{"floor":11.0,"key":"REST"},{"floor":15.0,"key":"REST"},{"floor":25,"key":"REST"},{"floor":32,"key":"REST"}],"neow_cost":"","seed_source_timestamp":0,"circlet_count":0,"master_deck":["Strike_R","Strike_R","Strike_R","Strike_R","Defend_R","Defend_R","Defend_R","Bash","Battle Trance","Armaments","Shrug It Off+1","Iron Wave","Cleave","Twin Strike","Shockwave+1","Perfected Strike","Headbutt","Clothesline","Feed","Iron Wave+1","Dropkick","Twin Strike+1","Clothesline","Clash","Pummel+1","Flex","Body Slam+1"],"special_seed":0,"relics":["Burning Blood","Pantograph","Bird Faced Urn","Orichalcum","Eternal Feather","Bronze Scales","Paper Frog","Sundial","War Paint","Matryoshka"],"potions_floor_usage":[28,33,33,33,33],"damage_taken":[{"damage":6.0,"enemies":"Jaw Worm","floor":1.0,"turns":3.0},{"damage":6.0,"enemies":"Cultist","floor":2.0,"turns":3.0},{"damage":0.0,"enemies":"2 Louse","floor":4.0,"turns":2.0},{"damage":11.0,"enemies":"Lots of Slimes","floor":5.0,"turns":7.0},{"damage":35.0,"enemies":"Lagavulin","floor":6.0,"turns":11.0},{"damage":9.0,"enemies":"Blue Slaver","floor":7.0,"turns":5.0},{"damage":11.0,"enemies":"Red Slaver","floor":8.0,"turns":5.0},{"damage":10.0,"enemies":"Looter","floor":10.0,"turns":3.0},{"damage":17.0,"enemies":"3 Sentries","floor":12.0,"turns":6.0},{"damage":22.0,"enemies":"Large Slime","floor":13.0,"turns":6.0},{"damage":42.0,"enemies":"Slime Boss","floor":16.0,"turns":9.0},{"damage":3.0,"enemies":"Chosen","floor":18.0,"turns":6.0},{"damage":6,"enemies":"Shell Parasite","floor":21,"turns":4},{"damage":9,"enemies":"Snake Plant","floor":22,"turns":4},{"damage":38,"enemies":"Book of Stabbing","floor":23,"turns":5},{"damage":16,"enemies":"3 Cultists","floor":27,"turns":4},{"damage":32,"enemies":"Slavers","floor":28,"turns":5},{"damage":9,"enemies":"Chosen and Byrds","floor":30,"turns":4},{"damage":114,"enemies":"Champ","floor":33,"turns":13}],"seed_played":"-2734842586172913304","potions_obtained":[{"floor":1.0,"key":"Dexterity Potion"},{"floor":6.0,"key":"LiquidBronze"},{"floor":8.0,"key":"PowerPotion"},{"floor":12.0,"key":"AttackPotion"},{"floor":23,"key":"EntropicBrew"},{"floor":27,"key":"Weak Potion"},{"floor":28,"key":"SpeedPotion"}],"is_trial":false,"path_per_floor":["M","M","?","M","M","E","M","M","T","M","R","E","M","?","R","B",null,"M","$","?","M","M","E","?","R","T","M","E","$","M","?","R"],"character_chosen":"IRONCLAD","items_purchased":["Bronze Scales","Paper Frog","Flex"],"campfire_rested":4,"item_purchase_floors":[19,19,29],"current_hp_per_floor":[88,88,88,88,83,54,51,46,46,42,68,57,41,41,67,52,88,91,91,91,91,88,56,56,91,91,85,62,62,62,62,101,0],"gold":0,"neow_bonus":"","is_prod":false,"is_daily":false,"chose_seed":false,"campfire_upgraded":0,"win_rate":0.0,"timestamp":1530813266,"path_taken":["M","M","?","M","M","E","M","?","T","M","R","E","?","?","R","BOSS","M","$","?","?","M","E","?","R","T","M","E","$","M","?","R","BOSS"],"build_version":"2018-06-28","purchased_purges":1,"victory":false,"max_hp_per_floor":[88,88,88,88,88,88,88,88,88,88,88,88,88,88,88,88,88,91,91,91,91,91,91,91,91,91,95,98,98,101,101,101,101],"card_choices":[{"not_picked":["Reckless Charge","Body Slam"],"picked":"Battle Trance","floor":1.0},{"not_picked":["Searing Blow","True Grit"],"picked":"Armaments","floor":2.0},{"not_picked":["Heavy Blade","Shrug It Off"],"picked":"Iron Wave","floor":4.0},{"not_picked":["Armaments","Heavy Blade"],"picked":"Cleave","floor":5.0},{"not_picked":["Pommel Strike","Cleave"],"picked":"Thunderclap","floor":6.0},{"not_picked":["Body Slam","Reckless Charge"],"picked":"Twin Strike","floor":7.0},{"not_picked":["Entrench","Shrug It Off"],"picked":"Shockwave","floor":8.0},{"not_picked":["Shrug It Off","Double Tap"],"picked":"Perfected Strike","floor":10.0},{"not_picked":["Bloodletting","Intimidate"],"picked":"Headbutt","floor":12.0},{"not_picked":["Anger","Battle Trance"],"picked":"Clothesline","floor":13.0},{"not_picked":["Barricade","Fiend Fire"],"picked":"Feed","floor":16.0},{"not_picked":["Headbutt","Warcry+1"],"picked":"Iron Wave+1","floor":18},{"not_picked":["Armaments","Seeing Red"],"picked":"Dropkick","floor":21},{"not_picked":["Pommel Strike+1","Anger"],"picked":"Twin Strike+1","floor":22},{"not_picked":["Fire Breathing","Pummel"],"picked":"Clothesline","floor":23},{"not_picked":["Clothesline","Perfected Strike"],"picked":"Clash","floor":27},{"not_picked":["Body Slam","Dual Wield"],"picked":"Pummel+1","floor":28},{"not_picked":["Thunderclap+1","Twin Strike"],"picked":"Body Slam+1","floor":30}],"player_experience":6149,"relics_obtained":[{"floor":6.0,"key":"Pantograph"},{"floor":9.0,"key":"Bird Faced Urn"},{"floor":12.0,"key":"Orichalcum"},{"floor":23,"key":"Sundial"},{"floor":26,"key":"War Paint"},{"floor":28,"key":"Matryoshka"}],"event_choices":[{"event_name":"Transmorgrifier","player_choice":"Transform","floor":3.0,"damage_taken":0.0},{"event_name":"The Woman in Blue","player_choice":"Bought 0 Potions","floor":14.0,"damage_taken":0.0},{"event_name":"Bonfire Elementals","player_choice":"COMMON","floor":20,"damage_taken":0},{"event_name":"Addict","player_choice":"Ignored","floor":24,"damage_taken":0},{"event_name":"Masked Bandits","player_choice":"Paid Bandits 52 gold","floor":31,"damage_taken":0}],"boss_relics":[{"not_picked":["Snecko Eye","Busted Crown"],"picked":"Eternal Feather"}],"items_purged_floors":[29],"is_endless":false,"potions_floor_spawned":[1,6,8,12,23,27,28],"killed_by":"Champ","ascension_level":0}