{"gold_per_floor":[116,116,266,7,0,25,25,25,52,78,78,98,125,136,136,136],"floor_reached":16,"playtime":385,"items_purged":["Doubt"],"score":332,"play_id":"854b4d6c-ba3e-4cdb-a78c-0b2170de2f92","local_time":"20190417163206","is_ascension_mode":true,"campfire_choices":[{"data":"Bash","floor":7,"key":"SMITH"},{"data":"Body Slam","floor":11,"key":"SMITH"},{"data":"Second Wind","floor":15,"key":"SMITH"}],"neow_cost":"NONE","seed_source_timestamp":600700539475798,"circlet_count":0,"master_deck":["AscendersBane","Strike_R","Strike_R","Strike_R","Strike_R+1","Strike_R","Defend_R+1","Defend_R","Defend_R","Defend_R","Bash+1","Shockwave","Master of Strategy","Sword Boomerang","Body Slam+1","Flame Barrier","Feel No Pain","Second Wind+1"],"relics":["Burning Blood","NeowsBlessing","Nunchaku","Oddly Smooth Stone","Regal Pillow","Pen Nib"],"potions_floor_usage":[13,13],"damage_taken":[{"damage":0,"enemies":"Jaw Worm","floor":1,"turns":1},{"damage":0,"enemies":"Gremlin Nob","floor":6,"turns":1},{"damage":0,"enemies":"3 Sentries","floor":10,"turns":1},{"damage":3,"enemies":"Small Slimes","floor":12,"turns":3},{"damage":29,"enemies":"Lagavulin","floor":13,"turns":4},{"damage":6,"enemies":"2 Louse","floor":14,"turns":3},{"damage":57,"enemies":"Hexaghost","floor":16,"turns":10}],"seed_played":"-4408945439680262352","potions_obtained":[{"floor":6,"key":"Regen Potion"},{"floor":12,"key":"SkillPotion"}],"is_trial":false,"path_per_floor":["M","?","?","$","?","E","R","$","T","E","R","M","E","M","R","B"],"character_chosen":"IRONCLAD","items_purchased":["Master of Strategy"],"campfire_rested":0,"item_purchase_floors":[4],"current_hp_per_floor":[74,51,51,51,51,57,57,57,57,63,63,66,55,55,55,0],"gold":136,"neow_bonus":"THREE_ENEMY_KILL","is_prod":false,"is_daily":false,"chose_seed":false,"campfire_upgraded":3,"win_rate":0,"timestamp":1555533126,"path_taken":["M","?","?","$","?","E","R","?","T","E","R","M","E","M","R","BOSS"],"build_version":"2019-01-23","purchased_purges":1,"victory":false,"max_hp_per_floor":[75,75,75,75,75,75,75,75,75,75,75,75,75,75,75,75],"card_choices":[{"not_picked":["Armaments","Evolve"],"picked":"Shockwave","floor":1},{"not_picked":["Havoc","Cleave"],"picked":"Sword Boomerang","floor":6},{"not_picked":["Armaments","Searing Blow"],"picked":"Body Slam","floor":10},{"not_picked":["Perfected Strike","True Grit"],"picked":"Flame Barrier","floor":12},{"not_picked":["Anger","Thunderclap"],"picked":"Feel No Pain","floor":13},{"not_picked":["Disarm","Whirlwind"],"picked":"Second Wind","floor":14}],"player_experience":910988,"relics_obtained":[{"floor":6,"key":"Nunchaku"},{"floor":9,"key":"Oddly Smooth Stone"},{"floor":10,"key":"Regal Pillow"},{"floor":13,"key":"Pen Nib"}],"event_choices":[{"damage_healed":0,"gold_gain":0,"player_choice":"Entered Light","damage_taken":23,"max_hp_gain":0,"max_hp_loss":0,"event_name":"Shining Light","floor":2,"gold_loss":0,"cards_upgraded":["Defend_R","Strike_R"]},{"damage_healed":0,"gold_gain":150,"player_choice":"AGREE","damage_taken":0,"max_hp_gain":0,"max_hp_loss":0,"event_name":"Liars Game","floor":3,"gold_loss":0,"cards_obtained":["Doubt"]},{"damage_healed":0,"gold_gain":0,"player_choice":"Left Gold","damage_taken":0,"max_hp_gain":0,"max_hp_loss":0,"event_name":"World of Goop","floor":5,"gold_loss":7}],"is_beta":false,"boss_relics":[],"items_purged_floors":[4],"is_endless":false,"potions_floor_spawned":[6,12],"killed_by":"Hexaghost","ascension_level":20}