{"gold_per_floor":[114,131,131,131,151,185,185,215,215,215,215],"floor_reached":11,"playtime":425,"items_purged":[],"score":81,"play_id":"1c375279-3096-438e-aeea-699b36b7a436","local_time":"20190413131533","is_ascension_mode":false,"campfire_choices":[{"floor":7,"key":"REST"},{"floor":10,"key":"REST"}],"neow_cost":"TEN_PERCENT_HP_LOSS","seed_source_timestamp":226289222095549,"circlet_count":0,"master_deck":["Strike_B","Strike_B","Strike_B","Strike_B","Defend_B","Defend_B","Defend_B","Defend_B","Zap+1","Dualcast","Flash of Steel","Panacea+1","Gash","Barrage","Ball Lightning","Melter","Conserve Battery"],"relics":["Cracked Core","Emotion Chip","Question Card"],"potions_floor_usage":[],"damage_taken":[{"damage":1,"enemies":"2 Louse","floor":1,"turns":2},{"damage":1,"enemies":"Jaw Worm","floor":2,"turns":3},{"damage":3,"enemies":"Small Slimes","floor":5,"turns":2},{"damage":32,"enemies":"Gremlin Nob","floor":6,"turns":4},{"damage":34,"enemies":"Lagavulin","floor":8,"turns":6}],"seed_played":"3669312148212459533","potions_obtained":[{"floor":2,"key":"Energy Potion"}],"is_trial":false,"path_per_floor":["M","M","?","?","M","E","R","E","T","R","?"],"character_chosen":"DEFECT","items_purchased":[],"campfire_rested":2,"item_purchase_floors":[],"current_hp_per_floor":[67,66,66,52,49,17,37,3,3,23,0],"gold":215,"neow_bonus":"RANDOM_COLORLESS_2","is_prod":false,"is_daily":false,"chose_seed":false,"campfire_upgraded":0,"win_rate":0,"timestamp":1555179333,"path_taken":["M","M","?","?","?","E","R","E","T","R","?"],"build_version":"2019-01-23","purchased_purges":0,"victory":false,"max_hp_per_floor":[68,68,68,68,68,68,68,68,68,68,68],"card_choices":[{"not_picked":["Barrage","Reprogram"],"picked":"Gash","floor":1},{"not_picked":["Tempest","Steam Power"],"picked":"Barrage","floor":2},{"not_picked":["Rip and Tear","Streamline"],"picked":"Ball Lightning","floor":5},{"not_picked":["Static Discharge","Rip and Tear"],"picked":"Melter","floor":6},{"not_picked":["Reprogram","Sweeping Beam"],"picked":"Conserve Battery","floor":8}],"player_experience":178143,"relics_obtained":[{"floor":6,"key":"Emotion Chip"},{"floor":8,"key":"Question Card"}],"event_choices":[{"damage_healed":0,"gold_gain":0,"player_choice":"Ignored","damage_taken":0,"max_hp_gain":0,"max_hp_loss":0,"event_name":"Golden Wing","floor":3,"gold_loss":0},{"damage_healed":0,"gold_gain":0,"player_choice":"Entered Light","damage_taken":14,"max_hp_gain":0,"max_hp_loss":0,"event_name":"Shining Light","floor":4,"gold_loss":0,"cards_upgraded":["Zap","Panacea"]}],"is_beta":false,"boss_relics":[],"items_purged_floors":[],"is_endless":false,"potions_floor_spawned":[2],"ascension_level":0}