{"gold_per_floor":[117,137,155,172,172,172,182,197,269,282,304,34,34,34,34,131,131,147,147,158,171],"floor_reached":21,"playtime":2343,"items_purged":["Strike_G"],"score":175,"play_id":"e962dd03-d60c-45ed-9f66-28e7b384458b","local_time":"20190312160716","is_ascension_mode":false,"campfire_choices":[{"data":"Quick Slash","floor":6,"key":"SMITH"},{"floor":13,"key":"REST"},{"data":"Sucker Punch","floor":15,"key":"SMITH"}],"neow_cost":"NONE","seed_source_timestamp":0,"circlet_count":0,"master_deck":["Backflip","Dagger Spray","Deadly Poison","Defend_G","Defend_G","Defend_G","Defend_G","Defend_G","Footwork","Neutralize","Outmaneuver","PiercingWail","Poisoned Stab","Quick Slash+1","Strike_G","Strike_G","Strike_G","Strike_G","Sucker Punch+1","Survivor","Tools of the Trade","Unload"],"special_seed":0,"relics":["Ring of the Snake","Pantograph","Odd Mushroom","Happy Flower","Eternal Feather"],"potions_floor_usage":[10,11,21,21],"damage_taken":[{"damage":7.0,"enemies":"Jaw Worm","floor":1.0,"turns":5.0},{"damage":2.0,"enemies":"2 Louse","floor":2.0,"turns":3.0},{"damage":2.0,"enemies":"Small Slimes","floor":3.0,"turns":3.0},{"damage":12.0,"enemies":"Exordium Wildlife","floor":4.0,"turns":3.0},{"damage":1,"enemies":"2 Fungi Beasts","floor":7,"turns":4},{"damage":9,"enemies":"Blue Slaver","floor":8,"turns":3},{"damage":1,"enemies":"Exordium Wildlife","floor":10,"turns":6},{"damage":21,"enemies":"The Mushroom Lair","floor":11,"turns":5},{"damage":41,"enemies":"The Guardian","floor":16,"turns":12},{"damage":16,"enemies":"Chosen","floor":18,"turns":7},{"damage":7,"enemies":"3 Byrds","floor":20,"turns":5},{"damage":26,"enemies":"3 Cultists","floor":21,"turns":7}],"seed_played":"-5534258757977008652","potions_obtained":[{"floor":1.0,"key":"Fire Potion"},{"floor":3.0,"key":"Strength Potion"},{"floor":4.0,"key":"FairyPotion"},{"floor":7,"key":"Poison Potion"},{"floor":10,"key":"Energy Potion"},{"floor":20,"key":"Explosive Potion"}],"is_trial":false,"path_per_floor":["M","M","M","M","?","R","M","M","T","M","?","$","R","T","R","B",null,"M","$","M","M"],"character_chosen":"THE_SILENT","items_purchased":["Unload","Dagger Spray"],"campfire_rested":1,"item_purchase_floors":[12,12],"current_hp_per_floor":[70,68,66,54,54,54,53,44,44,43,22,22,45,45,45,29,77,61,61,54,28],"gold":171,"neow_bonus":"TEN_PERCENT_HP_BONUS","is_prod":false,"is_daily":false,"chose_seed":false,"campfire_upgraded":2,"win_rate":0.0,"timestamp":1552424836,"path_taken":["M","M","M","M","?","R","M","M","T","M","?","$","R","?","R","BOSS","M","$","M","M"],"build_version":"2019-01-23","purchased_purges":1,"victory":false,"max_hp_per_floor":[77,77,77,77,77,77,77,77,77,77,77,77,77,77,77,77,77,77,77,77,77],"card_choices":[{"not_picked":["Reflex","Flechettes"],"picked":"Poisoned Stab","floor":1.0},{"not_picked":["Slice","Reflex"],"picked":"Quick Slash","floor":2.0},{"not_picked":["Cloak And Dagger","Slice"],"picked":"Outmaneuver","floor":3.0},{"not_picked":["Underhanded Strike","Dodge and Roll"],"picked":"Deadly Poison","floor":4.0},{"not_picked":["Terror","Prepared","Expertise"],"picked":"SKIP","floor":7},{"not_picked":["Escape Plan","Deflect"],"picked":"PiercingWail","floor":8},{"not_picked":["Quick Slash","Dodge and Roll"],"picked":"Backflip","floor":10},{"not_picked":["Deflect","Outmaneuver"],"picked":"Sucker Punch","floor":11},{"not_picked":["Malaise","A Thousand Cuts"],"picked":"Tools of the Trade","floor":16},{"not_picked":["Calculated Gamble","Skewer"],"picked":"Footwork","floor":18},{"not_picked":["Finisher","Dash+1","Dagger Spray"],"picked":"SKIP","floor":20}],"player_experience":56712,"relics_obtained":[{"floor":9,"key":"Pantograph"},{"floor":11,"key":"Odd Mushroom"},{"floor":14,"key":"Happy Flower"}],"event_choices":[{"damage_healed":0.0,"max_hp_gain":0.0,"max_hp_loss":0.0,"gold_gain":0.0,"event_name":"The Cleric","player_choice":"Leave","floor":5.0,"gold_loss":0.0,"damage_taken":0.0},{"damage_healed":0,"gold_gain":0,"player_choice":"Fought Mushrooms","damage_taken":0,"max_hp_gain":0,"max_hp_loss":0,"event_name":"Mushrooms","floor":11,"gold_loss":0}],"is_beta":false,"boss_relics":[{"not_picked":["Empty Cage","Runic Dome"],"picked":"Eternal Feather"}],"items_purged_floors":[12],"is_endless":false,"potions_floor_spawned":[1,3,4,7,10,20],"killed_by":"3 Cultists","ascension_level":0}