{"gold_per_floor":[115,115,40,53,66,66,66,66,66,66,100,175,187,222,222,294,294,306,306,306,72,144,179,179,179],"floor_reached":25,"playtime":607,"items_purged":["Pain","Strike_B"],"score":450,"play_id":"d9cb0879-3fd1-4c1e-a56c-8653f679adff","local_time":"20190506235723","is_ascension_mode":true,"campfire_choices":[{"data":"Zap","floor":6.0,"key":"SMITH"},{"data":"Coolheaded","floor":10.0,"key":"SMITH"},{"data":"Loop","floor":15.0,"key":"SMITH"},{"data":"Sunder","floor":24,"key":"SMITH"}],"neow_cost":"NONE","seed_source_timestamp":1039669506659134,"circlet_count":0,"master_deck":["AscendersBane","Strike_B+1","Strike_B+1","Strike_B","Defend_B","Defend_B","Defend_B","Defend_B","Zap+1","Dualcast","Coolheaded+1","Go for the Eyes","Ball Lightning","Turbo","Self Repair","Loop+1","Thunder Strike","Hologram","Glacier","Skim","Sunder+1","BootSequence"],"special_seed":0,"relics":["Cracked Core","NeowsBlessing","WarpedTongs","Ornamental Fan","Pantograph","Whetstone","Coffee Dripper","Mercury Hourglass","Dream Catcher"],"potions_floor_usage":[23],"damage_taken":[{"damage":0.0,"enemies":"Cultist","floor":1.0,"turns":1.0},{"damage":0.0,"enemies":"Small Slimes","floor":4.0,"turns":1.0},{"damage":0.0,"enemies":"Jaw Worm","floor":5.0,"turns":1.0},{"damage":19.0,"enemies":"3 Sentries","floor":11.0,"turns":7.0},{"damage":2.0,"enemies":"Large Slime","floor":13.0,"turns":5.0},{"damage":6.0,"enemies":"Lagavulin","floor":14.0,"turns":8.0},{"damage":24.0,"enemies":"Slime Boss","floor":16.0,"turns":9.0},{"damage":18.0,"enemies":"3 Byrds","floor":18.0,"turns":5.0},{"damage":45,"enemies":"Book of Stabbing","floor":23,"turns":8},{"damage":17,"enemies":"Masked Bandits","floor":25,"turns":2}],"seed_played":"-7952262754278573903","potions_obtained":[{"floor":5.0,"key":"PowerPotion"},{"floor":14.0,"key":"FocusPotion"},{"floor":16.0,"key":"Swift Potion"}],"is_trial":false,"path_per_floor":["M","?","$","M","M","R","?","?","T","R","E","?","M","E","R","B",null,"M","?","?","$","T","E","R","?"],"character_chosen":"DEFECT","items_purchased":["Skim","Sunder"],"campfire_rested":0,"item_purchase_floors":[21,21],"current_hp_per_floor":[64,64,64,64,64,64,46,46,46,46,27,16,14,15,15,23,59,48,48,48,48,48,13,13,0],"gold":179,"neow_bonus":"THREE_ENEMY_KILL","is_prod":false,"is_daily":false,"chose_seed":false,"campfire_upgraded":4,"win_rate":0,"timestamp":1557158243,"path_taken":["M","?","?","M","?","R","?","?","T","R","E","?","M","E","R","BOSS","M","?","?","$","?","E","R","?"],"build_version":"2019-01-23","purchased_purges":2,"victory":false,"max_hp_per_floor":[71,71,71,71,71,71,71,71,71,71,71,71,71,71,71,71,71,71,71,71,71,71,71,71,71],"card_choices":[{"not_picked":["Leap","Rebound"],"picked":"Coolheaded","floor":1.0},{"not_picked":["FTL","Stack"],"picked":"Go for the Eyes","floor":4.0},{"not_picked":["Capacitor","Coolheaded"],"picked":"Ball Lightning","floor":5.0},{"not_picked":["Undo","Genetic Algorithm"],"picked":"Turbo","floor":11.0},{"not_picked":["Compile Driver","Streamline"],"picked":"Self Repair","floor":13.0},{"not_picked":["Auto Shields","Hologram"],"picked":"Loop","floor":14.0},{"not_picked":["Rainbow","Creative AI"],"picked":"Thunder Strike","floor":16.0},{"not_picked":["Sweeping Beam","Beam Cell+1"],"picked":"Hologram","floor":18.0},{"not_picked":["Ball Lightning","Conserve Battery"],"picked":"BootSequence","floor":23}],"player_experience":1573083,"relics_obtained":[{"floor":11.0,"key":"Pantograph"},{"floor":14.0,"key":"Whetstone"},{"floor":22.0,"key":"Mercury Hourglass"},{"floor":23,"key":"Dream Catcher"}],"event_choices":[{"damage_healed":0.0,"max_hp_gain":0.0,"max_hp_loss":0.0,"gold_gain":0.0,"event_name":"Accursed Blacksmith","player_choice":"Rummage","floor":2.0,"gold_loss":0.0,"damage_taken":0.0,"relics_obtained":["WarpedTongs"],"cards_obtained":["Pain"]},{"damage_healed":0.0,"max_hp_gain":0.0,"max_hp_loss":0.0,"gold_gain":0.0,"event_name":"Scrap Ooze","player_choice":"Success","floor":7.0,"gold_loss":0.0,"damage_taken":18.0,"relics_obtained":["Ornamental Fan"]},{"damage_healed":0.0,"max_hp_gain":0.0,"max_hp_loss":0.0,"gold_gain":0.0,"event_name":"The Cleric","player_choice":"Leave","floor":8.0,"gold_loss":0.0,"damage_taken":0.0},{"damage_healed":0.0,"max_hp_gain":0.0,"max_hp_loss":0.0,"gold_gain":75.0,"event_name":"World of Goop","player_choice":"Gather Gold","floor":12.0,"gold_loss":0.0,"damage_taken":11.0},{"damage_healed":0.0,"max_hp_gain":0.0,"max_hp_loss":0.0,"gold_gain":0.0,"event_name":"The Library","player_choice":"Read","floor":19.0,"gold_loss":0.0,"damage_taken":0.0,"cards_obtained":["Glacier"]},{"damage_healed":0.0,"max_hp_gain":0.0,"max_hp_loss":0.0,"gold_gain":0.0,"event_name":"Cursed Tome","player_choice":"Ignored","floor":20.0,"gold_loss":0.0,"damage_taken":0.0},{"damage_healed":0,"gold_gain":0,"player_choice":"Fought Bandits","damage_taken":0,"max_hp_gain":0,"max_hp_loss":0,"event_name":"Masked Bandits","floor":25,"gold_loss":0}],"is_beta":false,"boss_relics":[{"not_picked":["Cursed Key","Fusion Hammer"],"picked":"Coffee Dripper"}],"items_purged_floors":[3,21],"is_endless":false,"potions_floor_spawned":[5,14,16],"killed_by":"Masked Bandits","ascension_level":20}