{"gold_per_floor":[116,15,15,15,15,49,49,80,80,50,90,90,105,125,125,249,249,265,180,201,201,201],"floor_reached":22,"playtime":958,"items_purged":[],"score":325,"play_id":"a5e14144-bf05-4083-89b6-8377ecbe73c7","local_time":"20190322210803","is_ascension_mode":true,"campfire_choices":[{"data":"Prepared","floor":7,"key":"SMITH"},{"floor":12,"key":"REST"},{"floor":15,"key":"REST"}],"neow_cost":"NONE","seed_source_timestamp":821765906446646,"circlet_count":0,"master_deck":["Defend_G","Defend_G","Defend_G","Defend_G","Defend_G","Strike_G","Strike_G","Strike_G","Strike_G","Strike_G","Survivor","Neutralize+1","Prepared+1","Tactician+1","Dagger Spray","Injury","Dodge and Roll","Underhanded Strike","Tools of the Trade+1","Infinite Blades+1","Backflip","Phantasmal Killer","Well Laid Plans+1","Blade Dance"],"relics":["Ring of the Snake","NeowsBlessing","Golden Idol","Blue Candle","Happy Flower","Frozen Egg 2","Eternal Feather","Regal Pillow","Bottled Lightning"],"potions_floor_usage":[11,11,16,16],"damage_taken":[{"damage":0,"enemies":"2 Louse","floor":1,"turns":1},{"damage":0,"enemies":"Lagavulin","floor":6,"turns":1},{"damage":0,"enemies":"3 Sentries","floor":8,"turns":1},{"damage":40,"enemies":"Gremlin Nob","floor":11,"turns":6},{"damage":0,"enemies":"Cultist","floor":13,"turns":3},{"damage":3,"enemies":"Jaw Worm","floor":14,"turns":3},{"damage":38,"enemies":"The Guardian","floor":16,"turns":16},{"damage":47,"enemies":"Spheric Guardian","floor":18,"turns":6},{"damage":20,"enemies":"Chosen","floor":20,"turns":7},{"damage":11,"enemies":"Snake Plant","floor":22,"turns":1}],"seed_played":"2739182507201892828","potions_obtained":[{"floor":8,"key":"Explosive Potion"},{"floor":10,"key":"Ancient Potion"},{"floor":10,"key":"FairyPotion"},{"floor":11,"key":"SteroidPotion"},{"floor":13,"key":"Regen Potion"},{"floor":20,"key":"Energy Potion"}],"is_trial":false,"path_per_floor":["M","$","?","?","?","E","R","E","T","?","E","R","M","M","R","B",null,"M","?","M","T","M"],"character_chosen":"THE_SILENT","items_purchased":["Tactician","Dagger Spray"],"campfire_rested":2,"item_purchase_floors":[2,2],"current_hp_per_floor":[63,63,63,49,49,49,49,49,49,49,9,30,30,27,48,25,59,12,12,7,7,0],"gold":201,"neow_bonus":"THREE_ENEMY_KILL","is_prod":false,"is_daily":false,"chose_seed":false,"campfire_upgraded":1,"win_rate":0,"timestamp":1553314083,"path_taken":["M","$","?","?","?","E","R","E","T","?","E","R","?","M","R","BOSS","M","?","M","?","M"],"build_version":"2019-01-23","purchased_purges":0,"victory":false,"max_hp_per_floor":[70,70,70,70,70,70,70,70,70,70,70,70,70,70,70,70,70,70,70,70,70,70],"card_choices":[{"not_picked":["Dagger Spray","Quick Slash"],"picked":"Prepared","floor":1},{"not_picked":["Deadly Poison","PiercingWail"],"picked":"Dodge and Roll","floor":6},{"not_picked":["Dagger Throw","Acrobatics"],"picked":"Underhanded Strike","floor":8},{"not_picked":["Poisoned Stab","Catalyst"],"picked":"Tools of the Trade","floor":11},{"not_picked":["Prepared","Acrobatics"],"picked":"Infinite Blades+1","floor":13},{"not_picked":["Heel Hook","Calculated Gamble"],"picked":"Backflip","floor":14},{"not_picked":["Venomology","Wraith Form v2+1"],"picked":"Phantasmal Killer","floor":16},{"not_picked":["Bane+1","Deadly Poison"],"picked":"Well Laid Plans+1","floor":18},{"not_picked":["Dagger Spray","Slice"],"picked":"Blade Dance","floor":20}],"player_experience":379208,"relics_obtained":[{"floor":6,"key":"Blue Candle"},{"floor":8,"key":"Happy Flower"},{"floor":11,"key":"Frozen Egg 2"},{"floor":21,"key":"Bottled Lightning"}],"event_choices":[{"damage_healed":0,"gold_gain":0,"player_choice":"Take Wound","damage_taken":0,"relics_obtained":["Golden Idol"],"max_hp_gain":0,"max_hp_loss":0,"event_name":"Golden Idol","floor":3,"gold_loss":0,"cards_obtained":["Injury"]},{"damage_healed":0,"gold_gain":0,"player_choice":"Entered Light","damage_taken":14,"max_hp_gain":0,"max_hp_loss":0,"event_name":"Shining Light","floor":4,"gold_loss":0,"cards_upgraded":["Neutralize","Tactician"]},{"damage_healed":0,"gold_gain":0,"player_choice":"Leave","damage_taken":0,"max_hp_gain":0,"max_hp_loss":0,"event_name":"The Cleric","floor":5,"gold_loss":0},{"damage_healed":0,"gold_gain":0,"player_choice":"Bought 2 Potions","damage_taken":0,"max_hp_gain":0,"max_hp_loss":0,"event_name":"The Woman in Blue","floor":10,"gold_loss":0},{"damage_healed":0,"gold_gain":0,"player_choice":"Obtained Relic","damage_taken":0,"relics_obtained":["Regal Pillow"],"max_hp_gain":0,"max_hp_loss":0,"event_name":"Addict","floor":19,"gold_loss":85}],"is_beta":false,"boss_relics":[{"not_picked":["Lizard Tail","Coffee Dripper"],"picked":"Eternal Feather"}],"items_purged_floors":[],"is_endless":false,"potions_floor_spawned":[8,11,13,20],"killed_by":"Snake Plant","ascension_level":6}