{"gold_per_floor":[366,366,13,30,30,30,43,43,89,89,105,105,116,127,127,205,205,215,58,58,58],"floor_reached":21,"playtime":522,"items_purged":["Decay"],"score":338,"play_id":"bf1bd40b-2df8-4a58-ba89-905af727e986","local_time":"20190315173538","is_ascension_mode":true,"campfire_choices":[{"data":"Zap","floor":6,"key":"SMITH"},{"data":"White Noise","floor":8,"key":"SMITH"},{"data":"Tempest","floor":10,"key":"SMITH"},{"data":"Chaos","floor":12,"key":"SMITH"},{"floor":15,"key":"REST"}],"neow_cost":"CURSE","seed_source_timestamp":258362581504006,"circlet_count":0,"master_deck":["AscendersBane","Strike_B","Strike_B","Strike_B","Defend_B","Defend_B","Defend_B","Defend_B","Zap+1","Dualcast","Tempest+1","Coolheaded","White Noise+1","Cold Snap","Chaos+1","Creative AI","Hologram","Seek"],"relics":["Cracked Core","Nunchaku","Runic Capacitor","Orichalcum","Eternal Feather"],"potions_floor_usage":[21],"damage_taken":[{"damage":0,"enemies":"2 Louse","floor":1,"turns":3},{"damage":1,"enemies":"Cultist","floor":4,"turns":3},{"damage":22,"enemies":"Small Slimes","floor":7,"turns":3},{"damage":3,"enemies":"Blue Slaver","floor":11,"turns":4},{"damage":3,"enemies":"3 Louse","floor":13,"turns":2},{"damage":3,"enemies":"Looter","floor":14,"turns":2},{"damage":31,"enemies":"Hexaghost","floor":16,"turns":8},{"damage":30,"enemies":"2 Thieves","floor":18,"turns":3},{"damage":20,"enemies":"3 Byrds","floor":21,"turns":2}],"seed_played":"2140294520192089880","potions_obtained":[{"floor":1,"key":"Fire Potion"},{"floor":4,"key":"GamblersBrew"}],"is_trial":false,"path_per_floor":["M","?","$","M","?","R","M","R","T","R","M","R","M","M","R","B",null,"M","$","?","M"],"character_chosen":"DEFECT","items_purchased":["Runic Capacitor","Coolheaded","Seek"],"campfire_rested":1,"item_purchase_floors":[3,3,19],"current_hp_per_floor":[64,64,64,63,63,63,41,41,41,41,38,38,35,32,53,22,59,29,29,19,0],"gold":58,"neow_bonus":"TWO_FIFTY_GOLD","is_prod":false,"is_daily":false,"chose_seed":false,"campfire_upgraded":4,"win_rate":0,"timestamp":1552685738,"path_taken":["M","?","$","?","?","R","?","R","T","R","M","R","M","M","R","BOSS","M","$","?","M"],"build_version":"2019-01-23","purchased_purges":1,"victory":false,"max_hp_per_floor":[71,71,71,71,71,71,71,71,71,71,71,71,71,71,71,71,71,71,71,71,71],"card_choices":[{"not_picked":["Coolheaded","Leap"],"picked":"Tempest","floor":1},{"not_picked":["Stack","Redo"],"picked":"White Noise","floor":4},{"not_picked":["Conserve Battery","Turbo"],"picked":"Cold Snap","floor":7},{"not_picked":["Lockon","Streamline"],"picked":"Chaos","floor":11},{"not_picked":["Conserve Battery","Hyperbeam","Leap"],"picked":"SKIP","floor":13},{"not_picked":["Sweeping Beam","Rebound","Redo"],"picked":"SKIP","floor":14},{"not_picked":["Core Surge","Hyperbeam"],"picked":"Creative AI","floor":16},{"not_picked":["BootSequence","Blizzard+1"],"picked":"Hologram","floor":18}],"player_experience":870068,"relics_obtained":[{"floor":9,"key":"Orichalcum"}],"event_choices":[{"damage_healed":0,"gold_gain":0,"player_choice":"Gave Potion","damage_taken":0,"relics_obtained":["Nunchaku"],"max_hp_gain":0,"max_hp_loss":0,"event_name":"WeMeetAgain","floor":2,"gold_loss":0},{"cards_removed":["Strike_B"],"damage_healed":0,"gold_gain":0,"player_choice":"Purged","damage_taken":0,"max_hp_gain":0,"max_hp_loss":0,"event_name":"Purifier","floor":5,"gold_loss":0},{"damage_healed":0,"gold_gain":0,"player_choice":"Damaged","damage_taken":10,"max_hp_gain":0,"max_hp_loss":0,"event_name":"Wheel of Change","floor":20,"gold_loss":0}],"is_beta":false,"boss_relics":[{"not_picked":["Snecko Eye","Orrery"],"picked":"Eternal Feather"}],"items_purged_floors":[3],"is_endless":false,"potions_floor_spawned":[1,4],"killed_by":"3 Byrds","ascension_level":20}