{"gold_per_floor":[119,119,140,159,159,184,228,246,297,297,322,322],"floor_reached":12,"playtime":182,"items_purged":[],"score":82,"play_id":"1a395736-2c2b-4b4c-acfa-5f92fb1a8c40","local_time":"20180726175050","is_ascension_mode":false,"campfire_choices":[{"floor":10,"key":"REST"}],"neow_cost":"","seed_source_timestamp":11844022914088,"circlet_count":0,"master_deck":["Strike_B","Strike_B","Strike_B","Strike_B","Defend_B","Defend_B","Defend_B","Defend_B","Zap","Dualcast","Beam Cell","Meteor Strike","Compile Driver"],"relics":["Cracked Core","Golden Idol","Art of War","Happy Flower"],"potions_floor_usage":[7,7,11,11],"damage_taken":[{"damage":0,"enemies":"2 Louse","floor":1,"turns":2},{"damage":6,"enemies":"Jaw Worm","floor":3,"turns":2},{"damage":6,"enemies":"Cultist","floor":4,"turns":3},{"damage":13,"enemies":"Red Slaver","floor":6,"turns":2},{"damage":16,"enemies":"Gremlin Nob","floor":7,"turns":3},{"damage":5,"enemies":"3 Louse","floor":8,"turns":3},{"damage":29,"enemies":"Exordium Thugs","floor":11,"turns":4}],"seed_played":"-9019471954331055455","potions_obtained":[{"floor":4,"key":"Swift Potion"},{"floor":6,"key":"FearPotion"},{"floor":7,"key":"LiquidBronze"},{"floor":8,"key":"Block Potion"}],"is_trial":false,"path_per_floor":["M","?","M","M","?","M","E","M","T","R","M"],"character_chosen":"DEFECT","items_purchased":[],"campfire_rested":1,"item_purchase_floors":[],"current_hp_per_floor":[75,57,51,45,50,37,21,16,16,40,11,0],"gold":322,"neow_bonus":"","is_prod":false,"is_daily":false,"chose_seed":false,"campfire_upgraded":0,"win_rate":0,"timestamp":1532598650,"path_taken":["M","?","?","M","?","M","E","?","T","R","M","?"],"build_version":"2018-07-19v2","purchased_purges":0,"victory":false,"max_hp_per_floor":[75,75,75,75,80,80,80,80,80,80,80,80],"card_choices":[{"not_picked":["Conserve Battery","Glacier","Redo"],"picked":"SKIP","floor":1},{"not_picked":["Rebound","Chaos","Stack"],"picked":"SKIP","floor":3},{"not_picked":["Loop","Defragment"],"picked":"Beam Cell","floor":4},{"not_picked":["Beam Cell","Turbo","Leap"],"picked":"SKIP","floor":6},{"not_picked":["Double Energy","Static Discharge"],"picked":"Meteor Strike","floor":7},{"not_picked":["White Noise","Capacitor","Force Field"],"picked":"SKIP","floor":8},{"not_picked":["Auto Shields","Turbo"],"picked":"Compile Driver","floor":11}],"player_experience":323330,"relics_obtained":[{"floor":7,"key":"Art of War"},{"floor":9,"key":"Happy Flower"}],"event_choices":[{"event_name":"Golden Idol","player_choice":"Take Damage","floor":2,"damage_taken":0},{"event_name":"Big Fish","player_choice":"Donut","floor":5,"damage_taken":0}],"is_beta":false,"boss_relics":[],"items_purged_floors":[],"is_endless":false,"potions_floor_spawned":[4,6,7,8],"ascension_level":0}