{"gold_per_floor":[369,108,108,121,121,121,121,121,145,1,15,15,28,48,48,146,146,164,5,5,19,19,19,51,51,76,92,125,125,125,151,151,151],"floor_reached":33,"playtime":1605,"items_purged":["Normality"],"score":360,"play_id":"a5fbc68b-b9c3-4678-95f1-0f9168bdd204","local_time":"20190318222948","is_ascension_mode":true,"campfire_choices":[{"data":"Caltrops","floor":6,"key":"SMITH"},{"data":"Neutralize","floor":8,"key":"SMITH"},{"data":"Dodge and Roll","floor":15,"key":"SMITH"},{"floor":23,"key":"REST"},{"floor":25,"key":"REST"},{"floor":29,"key":"REST"},{"data":"Envenom","floor":32,"key":"SMITH"}],"neow_cost":"CURSE","seed_source_timestamp":480429453378149,"circlet_count":0,"master_deck":["Defend_G","Defend_G","Defend_G","Defend_G","Strike_G","Strike_G+1","Strike_G","Strike_G+1","Strike_G","Survivor","Neutralize+1","Tactician","Caltrops+1","Bullet Time+1","Underhanded Strike","Terror","Blur","Dodge and Roll+1","Envenom+1","Dagger Throw+1","A Thousand Cuts+1","Backstab","Crippling Poison","Underhanded Strike","Phantasmal Killer","Ghostly","Ghostly","Ghostly","Ghostly","Ghostly","Escape Plan"],"relics":["Ring of the Snake","Blood Vial","Pantograph","Strawberry","Juzu Bracelet","Anchor","Black Star","StoneCalendar","Lantern","Omamori","Blue Candle","Whetstone","Art of War","Oddly Smooth Stone"],"potions_floor_usage":[16,24,28,28,31],"damage_taken":[{"damage":7,"enemies":"Small Slimes","floor":1,"turns":5},{"damage":0,"enemies":"Cultist","floor":4,"turns":5},{"damage":0,"enemies":"2 Louse","floor":11,"turns":2},{"damage":15,"enemies":"Large Slime","floor":13,"turns":5},{"damage":10,"enemies":"Exordium Wildlife","floor":14,"turns":4},{"damage":6,"enemies":"The Guardian","floor":16,"turns":13},{"damage":6,"enemies":"Shell Parasite","floor":18,"turns":9},{"damage":40,"enemies":"Spheric Guardian","floor":21,"turns":6},{"damage":17,"enemies":"Book of Stabbing","floor":24,"turns":7},{"damage":26,"enemies":"Snake Plant","floor":27,"turns":4},{"damage":35,"enemies":"Slavers","floor":28,"turns":5},{"damage":19,"enemies":"Book of Stabbing","floor":31,"turns":6},{"damage":53,"enemies":"Champ","floor":33,"turns":12}],"seed_played":"1255860572480275717","potions_obtained":[{"floor":1,"key":"EssenceOfSteel"},{"floor":4,"key":"Ancient Potion"},{"floor":21,"key":"Dexterity Potion"},{"floor":27,"key":"FearPotion"},{"floor":28,"key":"EssenceOfSteel"}],"is_trial":false,"path_per_floor":["M","$","?","M","?","R","?","R","T","$","M","?","M","M","R","B",null,"M","$","?","M","?","R","E","R","T","M","E","R","?","E","R","B"],"character_chosen":"THE_SILENT","items_purchased":["Blood Vial","Caltrops","Juzu Bracelet","A Thousand Cuts"],"campfire_rested":3,"item_purchase_floors":[2,2,10,19],"current_hp_per_floor":[63,63,63,65,65,65,58,58,65,65,67,67,54,46,46,67,77,71,71,71,33,33,56,41,64,64,40,7,30,30,13,13,0],"gold":151,"neow_bonus":"TWO_FIFTY_GOLD","is_prod":false,"is_daily":false,"chose_seed":false,"campfire_upgraded":4,"win_rate":0,"timestamp":1552973388,"path_taken":["M","$","?","?","?","R","?","R","T","?","M","?","M","M","R","BOSS","M","$","?","M","?","R","E","R","T","M","E","R","?","E","R","BOSS"],"build_version":"2019-01-23","purchased_purges":1,"victory":false,"max_hp_per_floor":[70,70,70,70,70,70,70,70,77,77,77,77,77,77,77,77,77,77,77,77,77,77,77,77,77,77,77,77,77,38,38,38,38],"card_choices":[{"not_picked":["Acrobatics","Slice"],"picked":"Tactician","floor":1},{"not_picked":["Deadly Poison","Outmaneuver"],"picked":"Underhanded Strike","floor":4},{"not_picked":["Dagger Throw","Wraith Form v2"],"picked":"Terror","floor":11},{"not_picked":["Quick Slash","Infinite Blades"],"picked":"Blur","floor":13},{"not_picked":["Infinite Blades","Quick Slash"],"picked":"Dodge and Roll","floor":14},{"not_picked":["Burst","Malaise"],"picked":"Envenom","floor":16},{"not_picked":["Flying Knee","Sucker Punch"],"picked":"Dagger Throw+1","floor":18},{"not_picked":["Backflip","Poisoned Stab"],"picked":"Backstab","floor":21},{"not_picked":["Sucker Punch","Concentrate"],"picked":"Crippling Poison","floor":24},{"not_picked":["Setup","Deadly Poison"],"picked":"Underhanded Strike","floor":27},{"not_picked":["Crippling Poison","Outmaneuver+1"],"picked":"Phantasmal Killer","floor":28},{"not_picked":["Predator","Dodge and Roll"],"picked":"Escape Plan","floor":31}],"player_experience":301414,"relics_obtained":[{"floor":9,"key":"Strawberry"},{"floor":24,"key":"StoneCalendar"},{"floor":24,"key":"Lantern"},{"floor":26,"key":"Omamori"},{"floor":28,"key":"Blue Candle"},{"floor":28,"key":"Whetstone"},{"floor":31,"key":"Art of War"},{"floor":31,"key":"Oddly Smooth Stone"}],"event_choices":[{"damage_healed":0,"gold_gain":0,"cards_transformed":["Defend_G"],"player_choice":"Transformed","damage_taken":0,"max_hp_gain":0,"max_hp_loss":0,"event_name":"Transmorgrifier","floor":3,"gold_loss":0,"cards_obtained":["Bullet Time"]},{"damage_healed":0,"gold_gain":0,"player_choice":"Grow","damage_taken":0,"max_hp_gain":0,"max_hp_loss":0,"event_name":"Living Wall","floor":5,"gold_loss":0,"cards_upgraded":["Bullet Time"]},{"damage_healed":0,"gold_gain":0,"player_choice":"Success","damage_taken":7,"relics_obtained":["Pantograph"],"max_hp_gain":0,"max_hp_loss":0,"event_name":"Scrap Ooze","floor":7,"gold_loss":0},{"damage_healed":0,"gold_gain":0,"player_choice":"Searched \u00271\u0027 times","damage_taken":0,"relics_obtained":["Anchor"],"max_hp_gain":0,"max_hp_loss":0,"event_name":"Dead Adventurer","floor":12,"gold_loss":0},{"damage_healed":0,"gold_gain":0,"player_choice":"Forge","damage_taken":0,"max_hp_gain":0,"max_hp_loss":0,"event_name":"Accursed Blacksmith","floor":20,"gold_loss":0,"cards_upgraded":["A Thousand Cuts"]},{"damage_healed":0,"gold_gain":0,"player_choice":"Ignored","damage_taken":0,"max_hp_gain":0,"max_hp_loss":0,"event_name":"Beggar","floor":22,"gold_loss":0},{"damage_healed":0,"gold_gain":0,"player_choice":"Became a Ghost","damage_taken":0,"max_hp_gain":0,"max_hp_loss":39,"event_name":"Ghosts","floor":30,"gold_loss":0,"cards_obtained":["Ghostly","Ghostly","Ghostly","Ghostly","Ghostly"]}],"is_beta":false,"boss_relics":[{"not_picked":["Philosopher\u0027s Stone","Velvet Choker"],"picked":"Black Star"}],"items_purged_floors":[2],"is_endless":false,"potions_floor_spawned":[1,4,21,27,28],"killed_by":"Champ","ascension_level":3}