{"gold_per_floor":[111,111,121,132,132,157,157,118,118,134,162,178,188,201,201,298,298,308,308,328,243,243,271,271,287,336,189,202,213,161,71,71,170,170,184,204,221,221,272,303,303,329,356,356,19,19,52,67,67,67],"floor_reached":51,"playtime":1672,"items_purged":["Writhe","Strike_B"],"score":808,"play_id":"ac746aed-2014-4977-8e43-56812e605bf0","local_time":"20180712083049","is_ascension_mode":true,"campfire_choices":[{"floor":7,"key":"REST"},{"data":"Sunder","floor":15,"key":"SMITH"},{"data":"Electrodynamics","floor":24,"key":"SMITH"},{"data":"Loop","floor":32,"key":"SMITH"},{"data":"1","floor":41,"key":"LIFT"},{"data":"2","floor":44,"key":"LIFT"},{"data":"3","floor":49,"key":"LIFT"}],"neow_cost":"CURSE","seed_source_timestamp":8177395419766,"circlet_count":0,"master_deck":["Strike_B","Strike_B+1","Strike_B+1","Defend_B","Defend_B+1","Defend_B","Defend_B","Zap+1","Dualcast","Glacier","Coolheaded","White Noise","Self Repair","Electrodynamics+1","Auto Shields+1","Leap+1","Sunder+1","Rainbow+1","Necronomicurse","Loop+1","Leap+1","Loop+1","BootSequence+1","Conserve Battery+1","Panacea+1","Fission+1","Loop+1","Madness+1","Madness+1","Storm+1","Self Repair+1"],"relics":["Cracked Core","Torii","Matryoshka","Bronze Scales","Toxic Egg 2","Orichalcum","Coffee Dripper","Mercury Hourglass","Pen Nib","Necronomicon","Ancient Tea Set","Whetstone","Frozen Egg 2","Lizard Tail","Girya","Bottled Flame","DataDisk","War Paint","HandDrill","Pantograph"],"potions_floor_usage":[5,13,13,16,16,33,33,40,47,50,50],"damage_taken":[{"damage":1,"enemies":"Small Slimes","floor":1,"turns":3},{"damage":2,"enemies":"Cultist","floor":3,"turns":4},{"damage":7,"enemies":"Jaw Worm","floor":4,"turns":4},{"damage":0,"enemies":"Gremlin Gang","floor":5,"turns":1},{"damage":24,"enemies":"Lagavulin","floor":6,"turns":8},{"damage":8,"enemies":"3 Louse","floor":10,"turns":4},{"damage":28,"enemies":"Gremlin Nob","floor":11,"turns":4},{"damage":1,"enemies":"Blue Slaver","floor":12,"turns":4},{"damage":8,"enemies":"Gremlin Gang","floor":13,"turns":3},{"damage":0,"enemies":"Looter","floor":14,"turns":3},{"damage":15,"enemies":"The Guardian","floor":16,"turns":13},{"damage":1,"enemies":"Chosen","floor":18,"turns":4},{"damage":0,"enemies":"3 Byrds","floor":20,"turns":2},{"damage":24,"enemies":"Gremlin Leader","floor":23,"turns":6},{"damage":6,"enemies":"3 Cultists","floor":25,"turns":4},{"damage":9,"enemies":"Slaver and Parasite","floor":28,"turns":4},{"damage":1,"enemies":"Chosen and Byrds","floor":29,"turns":3},{"damage":16,"enemies":"Collector","floor":33,"turns":7},{"damage":12,"enemies":"3 Shapes","floor":35,"turns":6},{"damage":12,"enemies":"Flame Bruiser 1 Orb","floor":36,"turns":4},{"damage":1,"enemies":"Sphere and 2 Shapes","floor":37,"turns":3},{"damage":17,"floor":39,"turns":4},{"damage":18,"enemies":"2 Orb Walkers","floor":40,"turns":3},{"damage":24,"enemies":"Nemesis","floor":47,"turns":5},{"damage":9,"enemies":"Flame Bruiser 2 Orb","floor":48,"turns":3},{"damage":33,"enemies":"Donu and Deca","floor":50,"turns":6}],"seed_played":"7722477150878473641","potions_obtained":[{"floor":2,"key":"SmokeBomb"},{"floor":2,"key":"FearPotion"},{"floor":2,"key":"Regen Potion"},{"floor":10,"key":"AttackPotion"},{"floor":11,"key":"Energy Potion"},{"floor":13,"key":"Ancient Potion"},{"floor":14,"key":"AttackPotion"},{"floor":23,"key":"Fire Potion"},{"floor":28,"key":"Regen Potion"},{"floor":29,"key":"FocusPotion"},{"floor":36,"key":"Strength Potion"},{"floor":39,"key":"SteroidPotion"},{"floor":40,"key":"Strength Potion"},{"floor":47,"key":"FocusPotion"}],"is_trial":false,"path_per_floor":["M","?","M","M","M","E","R","$","T","M","E","M","M","M","R","B",null,"M","?","M","?","?","E","R","M","T","$","M","M","$","$","R","B",null,"M","M","M","?","?","E","R","T","T","R","$","?","E","M","R","B"],"character_chosen":"DEFECT","items_purchased":["Self Repair","Loop+1","Conserve Battery+1","Panacea+1","Self Repair+1","HandDrill"],"campfire_rested":1,"item_purchase_floors":[8,27,30,31,45,45],"current_hp_per_floor":[74,74,72,65,65,41,63,63,63,62,41,47,55,62,62,54,75,75,75,75,75,59,42,42,43,43,43,41,40,40,40,40,39,75,70,72,71,62,52,34,34,34,34,34,34,66,49,50,50,50],"gold":67,"neow_bonus":"ONE_RARE_RELIC","is_prod":false,"is_daily":false,"chose_seed":false,"campfire_upgraded":3,"win_rate":0,"timestamp":1531377049,"path_taken":["M","?","M","M","M","E","R","$","T","?","E","M","M","M","R","BOSS","M","?","M","?","?","E","R","?","T","$","?","M","?","$","R","BOSS","M","M","?","?","?","E","R","?","T","R","$","?","E","M","R","BOSS"],"build_version":"2018-07-10","purchased_purges":2,"victory":true,"max_hp_per_floor":[75,75,75,75,75,75,75,75,75,75,75,75,75,75,75,75,75,75,75,75,75,75,75,75,75,75,75,75,75,75,75,75,75,75,75,75,75,75,75,75,75,75,75,75,75,66,66,66,66,66],"card_choices":[{"not_picked":["Stack","Compile Driver"],"picked":"Glacier","floor":1},{"not_picked":["Beam Cell","Gash"],"picked":"Coolheaded","floor":3},{"not_picked":["Fusion","Gash"],"picked":"White Noise","floor":4},{"not_picked":["Chaos","Steam","Beam Cell"],"picked":"SKIP","floor":6},{"not_picked":["Glacier+1","Compile Driver"],"picked":"Electrodynamics","floor":10},{"not_picked":["Sweeping Beam","Recycle+1"],"picked":"Auto Shields+1","floor":11},{"not_picked":["Sweeping Beam","Cold Snap"],"picked":"Leap+1","floor":12},{"not_picked":["Steam+1","Streamline","Heatsinks"],"picked":"SKIP","floor":13},{"not_picked":["Go for the Eyes","Turbo+1"],"picked":"Sunder","floor":14},{"not_picked":["Buffer","Core Surge"],"picked":"Rainbow+1","floor":16},{"not_picked":["Doom and Gloom","Gash","Rebound+1"],"picked":"SKIP","floor":18},{"not_picked":["Heatsinks","Hologram+1","Auto Shields+1"],"picked":"SKIP","floor":20},{"not_picked":["Reprogram+1","Recycle+1"],"picked":"Loop","floor":23},{"not_picked":["Gash","Compile Driver+1"],"picked":"Leap+1","floor":25},{"not_picked":["Sweeping Beam","Steam+1","Turbo+1"],"picked":"SKIP","floor":28},{"not_picked":["Coolheaded+1","Conserve Battery+1"],"picked":"BootSequence+1","floor":29},{"not_picked":["Hyperbeam","Reboot+1"],"picked":"Fission+1","floor":33},{"not_picked":["Blizzard+1","Compile Driver","Steam+1"],"picked":"SKIP","floor":35},{"not_picked":["Reprogram+1","Leap+1"],"picked":"Loop+1","floor":36},{"not_picked":["Gash","Hologram+1","Rebound"],"picked":"SKIP","floor":37},{"not_picked":["Steam+1","White Noise+1"],"picked":"Storm+1","floor":40},{"not_picked":["Steam+1","Blizzard","Steam Power+1"],"picked":"SKIP","floor":47},{"not_picked":["Genetic Algorithm+1","Barrage","Auto Shields+1"],"picked":"SKIP","floor":48}],"player_experience":50089,"relics_obtained":[{"floor":6,"key":"Matryoshka"},{"floor":9,"key":"Bronze Scales"},{"floor":9,"key":"Toxic Egg 2"},{"floor":11,"key":"Orichalcum"},{"floor":22,"key":"Necronomicon"},{"floor":23,"key":"Ancient Tea Set"},{"floor":26,"key":"Whetstone"},{"floor":26,"key":"Frozen Egg 2"},{"floor":39,"key":"Girya"},{"floor":40,"key":"Bottled Flame"},{"floor":42,"key":"DataDisk"},{"floor":43,"key":"War Paint"},{"floor":47,"key":"Pantograph"}],"event_choices":[{"event_name":"The Lab","player_choice":"Got Potions","floor":2,"damage_taken":0},{"event_name":"The Mausoleum","player_choice":"Yes","floor":19,"damage_taken":0},{"event_name":"Addict","player_choice":"Obtained Relic","floor":21,"damage_taken":0},{"event_name":"Cursed Tome","player_choice":"Obtained Book","floor":22,"damage_taken":0},{"event_name":"Winding Halls","player_choice":"Embrace Madness","floor":38,"damage_taken":0},{"event_name":"Mysterious Sphere","player_choice":"Fight","floor":39,"damage_taken":0},{"event_name":"The Moai Head","player_choice":"Heal","floor":46,"damage_taken":0}],"boss_relics":[{"not_picked":["Ectoplasm","Philosopher\u0027s Stone"],"picked":"Coffee Dripper"},{"not_picked":["Velvet Choker","Eternal Feather"],"picked":"Lizard Tail"}],"items_purged_floors":[27,45],"is_endless":false,"potions_floor_spawned":[3,5,10,11,13,14,23,28,29,36,39,40,47,48],"ascension_level":2}