{"gold_per_floor":[14,24,24,36,36,66,84,96,96,96,96,21,37,37,37,142,142,155,155,254,80,97,129,143,143,143,163,163,163,183,183],"floor_reached":31,"playtime":1729,"items_purged":["Regret"],"score":307,"play_id":"758929a5-3db3-4197-9d10-3b2b58031110","local_time":"20190227213421","is_ascension_mode":false,"campfire_choices":[{"floor":10,"key":"REST"},{"data":"Zap","floor":15,"key":"SMITH"},{"data":"Seek","floor":25,"key":"SMITH"},{"floor":29,"key":"REST"}],"neow_cost":"NO_GOLD","seed_source_timestamp":961419933632842,"circlet_count":0,"master_deck":["Zap+1","Dualcast","Ball Lightning","Sweeping Beam","Stack","Compile Driver","Hologram","Conserve Battery","Sweeping Beam","Auto Shields","Echo Form","Genetic Algorithm","Seek+1","Barrage","Sweeping Beam","Steam Power","Rip and Tear","Defragment","Ghostly","Ghostly","Ghostly","Ghostly","Ghostly","Ball Lightning","Hologram","Chill","Melter+1","Barrage+1","Scrape+1","Force Field","Rebound+1"],"relics":["Cracked Core","Sundial","Cables","Incense Burner","Pandora\u0027s Box","StoneCalendar","Bottled Tornado"],"potions_floor_usage":[6,27,31,31],"damage_taken":[{"damage":15,"enemies":"Small Slimes","floor":1,"turns":2},{"damage":5,"enemies":"2 Louse","floor":2,"turns":2},{"damage":1,"enemies":"Cultist","floor":4,"turns":3},{"damage":50,"enemies":"Lagavulin","floor":6,"turns":6},{"damage":3,"enemies":"Large Slime","floor":7,"turns":4},{"damage":12,"enemies":"Exordium Thugs","floor":8,"turns":4},{"damage":0,"enemies":"Looter","floor":13,"turns":3},{"damage":13,"enemies":"Hexaghost","floor":16,"turns":10},{"damage":18,"enemies":"2 Thieves","floor":18,"turns":3},{"damage":1,"enemies":"Shell Parasite","floor":22,"turns":5},{"damage":0,"enemies":"Gremlin Leader","floor":23,"turns":6},{"damage":17,"enemies":"Snecko","floor":24,"turns":6},{"damage":10,"enemies":"Cultist and Chosen","floor":27,"turns":5},{"damage":6,"enemies":"Snake Plant","floor":30,"turns":5},{"damage":14,"enemies":"Book of Stabbing","floor":31,"turns":2}],"seed_played":"-4752970899036021289","potions_obtained":[{"floor":4,"key":"SneckoOil"},{"floor":13,"key":"Poison Potion"},{"floor":16,"key":"Dexterity Potion"},{"floor":22,"key":"Swift Potion"},{"floor":24,"key":"AttackPotion"},{"floor":30,"key":"Poison Potion"}],"is_trial":false,"path_per_floor":["M","M","?","M","?","E","M","M","T","R","?","$","M","$","R","B",null,"M","?","?","$","M","E","M","R","T","M","?","R","M","E"],"character_chosen":"DEFECT","items_purchased":["Ball Lightning","Hologram","Chill"],"campfire_rested":2,"item_purchase_floors":[21,21,21],"current_hp_per_floor":[74,69,69,68,68,18,15,3,3,29,29,29,29,29,29,16,89,71,44,44,44,43,43,26,26,26,16,7,20,14,0],"gold":183,"neow_bonus":"TWENTY_PERCENT_HP_BONUS","is_prod":false,"is_daily":false,"chose_seed":false,"campfire_upgraded":2,"win_rate":0.0,"timestamp":1551324861,"path_taken":["M","M","?","M","?","E","?","M","T","R","?","$","M","?","R","BOSS","M","?","?","?","?","E","M","R","T","?","?","R","M","E"],"build_version":"2019-01-23","purchased_purges":1,"victory":false,"max_hp_per_floor":[89,89,89,89,89,89,89,89,89,89,89,89,89,89,89,89,89,89,44,44,44,44,44,44,44,44,44,44,44,44,44],"card_choices":[{"not_picked":["Doom and Gloom","Sunder"],"picked":"Ball Lightning","floor":1},{"not_picked":["Compile Driver","Steam"],"picked":"Sweeping Beam","floor":2},{"not_picked":["Go for the Eyes","Beam Cell"],"picked":"Stack","floor":4},{"not_picked":["Static Discharge","Steam Power"],"picked":"Hologram","floor":6},{"not_picked":["Cold Snap","Chaos"],"picked":"Conserve Battery","floor":7},{"not_picked":["Aggregate","Rebound"],"picked":"Sweeping Beam","floor":8},{"not_picked":["Multi-Cast","Reinforced Body"],"picked":"Auto Shields","floor":13},{"not_picked":["Creative AI","Biased Cognition"],"picked":"Echo Form","floor":16},{"not_picked":["Undo","Go for the Eyes"],"picked":"Defragment","floor":18},{"not_picked":["Ball Lightning","Defragment"],"picked":"Melter+1","floor":22},{"not_picked":["Go for the Eyes","Reinforced Body"],"picked":"Barrage+1","floor":23},{"not_picked":["Turbo+1","Rebound"],"picked":"Scrape+1","floor":24},{"not_picked":["Sweeping Beam","Compile Driver"],"picked":"Force Field","floor":27},{"not_picked":["Beam Cell","Cold Snap"],"picked":"Rebound+1","floor":30}],"player_experience":101185,"relics_obtained":[{"floor":6,"key":"Cables"},{"floor":9,"key":"Incense Burner"},{"floor":23,"key":"StoneCalendar"},{"floor":26,"key":"Bottled Tornado"}],"event_choices":[{"damage_healed":0,"gold_gain":0,"player_choice":"Box","damage_taken":0,"relics_obtained":["Sundial"],"max_hp_gain":0,"max_hp_loss":0,"event_name":"Big Fish","floor":3,"gold_loss":0,"cards_obtained":["Regret"]},{"damage_healed":0,"gold_gain":0,"cards_transformed":["Strike_B"],"player_choice":"Transformed","damage_taken":0,"max_hp_gain":0,"max_hp_loss":0,"event_name":"Transmorgrifier","floor":5,"gold_loss":0,"cards_obtained":["Compile Driver"]},{"cards_removed":["Strike_B"],"damage_healed":0,"gold_gain":0,"player_choice":"Card Removal","damage_taken":0,"max_hp_gain":0,"max_hp_loss":0,"event_name":"Wheel of Change","floor":11,"gold_loss":0},{"damage_healed":0,"gold_gain":0,"player_choice":"Became a Ghost","damage_taken":0,"max_hp_gain":0,"max_hp_loss":45,"event_name":"Ghosts","floor":19,"gold_loss":0,"cards_obtained":["Ghostly","Ghostly","Ghostly","Ghostly","Ghostly"]},{"damage_healed":0,"gold_gain":99,"player_choice":"Stole From Cult","damage_taken":0,"max_hp_gain":0,"max_hp_loss":0,"event_name":"Nest","floor":20,"gold_loss":0},{"damage_healed":0,"gold_gain":0,"player_choice":"Stopped","damage_taken":9,"max_hp_gain":0,"max_hp_loss":0,"event_name":"Cursed Tome","floor":28,"gold_loss":0}],"is_beta":false,"boss_relics":[{"not_picked":["Black Star","White Beast Statue"],"picked":"Pandora\u0027s Box"}],"items_purged_floors":[12],"is_endless":false,"potions_floor_spawned":[4,13,16,22,24,30],"killed_by":"Book of Stabbing","ascension_level":0}