{"gold_per_floor":[110,185,203,203,221,255,272,291,316,328,328,340,365,377,377,476,526,538,453,453,471,486,486,70,70,96,109,122,140,3,3,3,3],"floor_reached":33,"playtime":1764,"items_purged":["Strike_B"],"score":288,"play_id":"d83bbad2-5de1-4c2b-b52a-7e7ef4e86b37","local_time":"20190501201859","is_ascension_mode":false,"campfire_choices":[{"floor":15,"key":"REST"},{"floor":23,"key":"REST"},{"floor":25,"key":"RECALL"},{"floor":32,"key":"REST"}],"neow_cost":"NONE","seed_source_timestamp":455366869103424,"circlet_count":0,"master_deck":["Strike_B","Strike_B","Strike_B","Defend_B","Defend_B","Defend_B","Defend_B","Zap","Dualcast","Gash","Go for the Eyes","Darkness","Loop","Double Energy","Electrodynamics","Sunder","Go for the Eyes+1","Ball Lightning","Capacitor+1","Multi-Cast","Beam Cell","Fusion+1","RitualDagger","Leap+1","Static Discharge+1","Go for the Eyes","Coolheaded+1","Rebound","Go for the Eyes","Defragment+1","Gash"],"relics":["Cracked Core","Bag of Preparation","Nunchaku","Vajra","Oddly Smooth Stone","Frozen Egg 2","Tiny House","Singing Bowl","Membership Card","Shuriken","DataDisk","Lantern","PreservedInsect"],"potions_floor_usage":[21,22,28,28,33,33],"damage_taken":[{"damage":1,"enemies":"Jaw Worm","floor":1,"turns":3},{"damage":8,"enemies":"Small Slimes","floor":3,"turns":3},{"damage":0,"enemies":"Cultist","floor":5,"turns":2},{"damage":24,"enemies":"3 Sentries","floor":6,"turns":7},{"damage":0,"enemies":"Large Slime","floor":7,"turns":5},{"damage":19,"enemies":"2 Fungi Beasts","floor":8,"turns":4},{"damage":6,"enemies":"Blue Slaver","floor":10,"turns":3},{"damage":0,"enemies":"3 Louse","floor":12,"turns":2},{"damage":19,"enemies":"Lagavulin","floor":13,"turns":5},{"damage":4,"enemies":"Exordium Wildlife","floor":14,"turns":2},{"damage":42,"enemies":"Slime Boss","floor":16,"turns":6},{"damage":6,"enemies":"Chosen","floor":18,"turns":4},{"damage":30,"enemies":"Shell Parasite","floor":21,"turns":5},{"damage":8,"enemies":"Cultist and Chosen","floor":22,"turns":6},{"damage":19,"enemies":"3 Cultists","floor":27,"turns":3},{"damage":27,"enemies":"Snecko","floor":28,"turns":7},{"damage":0,"enemies":"Chosen and Byrds","floor":29,"turns":4},{"damage":41,"enemies":"Collector","floor":33,"turns":6}],"seed_played":"-8174985977313943952","potions_obtained":[{"floor":8,"key":"EssenceOfSteel"},{"floor":10,"key":"Explosive Potion"},{"floor":12,"key":"FocusPotion"},{"floor":21,"key":"SkillPotion"},{"floor":27,"key":"Block Potion"},{"floor":29,"key":"FearPotion"}],"is_trial":false,"path_per_floor":["M","?","M","T","M","E","M","M","T","M","?","M","E","M","R","B",null,"M","?","?","M","M","R","$","R","T","M","M","M","$","?","R","B"],"character_chosen":"DEFECT","items_purchased":["Membership Card","Shuriken","Static Discharge+1","Go for the Eyes","Defragment+1","Gash","Lantern"],"campfire_rested":3,"item_purchase_floors":[24,24,24,24,30,30,30],"current_hp_per_floor":[74,63,55,55,55,31,31,12,12,6,75,75,56,52,74,32,80,74,74,68,40,32,56,56,56,56,37,10,10,10,10,34,0],"gold":3,"neow_bonus":"RANDOM_COMMON_RELIC","is_prod":false,"is_daily":false,"chose_seed":false,"campfire_upgraded":0,"win_rate":0,"timestamp":1556767139,"path_taken":["M","?","M","?","M","E","M","M","T","M","?","?","E","M","R","BOSS","M","?","?","M","M","R","$","R","T","M","M","M","?","?","R","BOSS"],"build_version":"2019-01-23","purchased_purges":1,"victory":false,"max_hp_per_floor":[75,75,75,75,75,75,75,75,75,75,75,75,75,75,75,75,80,80,80,80,82,82,82,82,82,82,82,82,82,82,82,82,82],"card_choices":[{"not_picked":["Compile Driver","Rebound"],"picked":"Gash","floor":1},{"not_picked":["Auto Shields","Sweeping Beam"],"picked":"Go for the Eyes","floor":3},{"not_picked":["Lockon","Barrage"],"picked":"Darkness","floor":5},{"not_picked":["Melter","Aggregate"],"picked":"Loop","floor":6},{"not_picked":["Sweeping Beam","Conserve Battery"],"picked":"Double Energy","floor":7},{"not_picked":["Chill","Barrage"],"picked":"Electrodynamics","floor":8},{"not_picked":["Steam Power","Sweeping Beam"],"picked":"Sunder","floor":10},{"not_picked":["Tempest","Force Field"],"picked":"Go for the Eyes","floor":12},{"not_picked":["Reinforced Body","Sweeping Beam"],"picked":"Ball Lightning","floor":13},{"not_picked":["Streamline","Go for the Eyes"],"picked":"Capacitor+1","floor":14},{"not_picked":["Electrodynamics+1","Hyperbeam"],"picked":"Multi-Cast","floor":16},{"not_picked":["Ball Lightning","Blizzard"],"picked":"Beam Cell","floor":17},{"not_picked":["Turbo","Aggregate"],"picked":"Fusion+1","floor":18},{"not_picked":["Compile Driver","Double Energy","Reprogram"],"picked":"Singing Bowl","floor":21},{"not_picked":["Force Field+1","Skim"],"picked":"Leap+1","floor":22},{"not_picked":["Hologram","Cold Snap"],"picked":"Coolheaded+1","floor":27},{"not_picked":["Conserve Battery","Leap+1"],"picked":"Rebound","floor":28},{"not_picked":["Coolheaded","Seek"],"picked":"Go for the Eyes","floor":29}],"player_experience":517531,"relics_obtained":[{"floor":4,"key":"Nunchaku"},{"floor":6,"key":"Vajra"},{"floor":9,"key":"Oddly Smooth Stone"},{"floor":13,"key":"Frozen Egg 2"},{"floor":26,"key":"DataDisk"}],"event_choices":[{"damage_healed":0,"gold_gain":75,"player_choice":"Gather Gold","damage_taken":11,"max_hp_gain":0,"max_hp_loss":0,"event_name":"World of Goop","floor":2,"gold_loss":0},{"damage_healed":69,"gold_gain":0,"player_choice":"Full Heal","damage_taken":0,"max_hp_gain":0,"max_hp_loss":0,"event_name":"Wheel of Change","floor":11,"gold_loss":0},{"damage_healed":0,"gold_gain":0,"player_choice":"Obtained Relic","damage_taken":0,"relics_obtained":["Singing Bowl"],"max_hp_gain":0,"max_hp_loss":0,"event_name":"Addict","floor":19,"gold_loss":85},{"damage_healed":0,"gold_gain":0,"player_choice":"Joined the Cult","damage_taken":6,"max_hp_gain":0,"max_hp_loss":0,"event_name":"Nest","floor":20,"gold_loss":0,"cards_obtained":["RitualDagger"]},{"damage_healed":0,"gold_gain":0,"player_choice":"Opened","damage_taken":0,"relics_obtained":["PreservedInsect"],"max_hp_gain":0,"max_hp_loss":0,"event_name":"The Mausoleum","floor":31,"gold_loss":0}],"is_beta":false,"boss_relics":[{"not_picked":["Runic Dome","Black Star"],"picked":"Tiny House"}],"items_purged_floors":[24],"is_endless":false,"potions_floor_spawned":[8,10,12,13,21,27,29],"killed_by":"Collector","ascension_level":0}