{"gold_per_floor":[118,118,132,132,143,143,176,176,199,224,238,248,281,331,331,403,403,413,338,388,404,85,85,111,111,111,139,139,21,21,35,35,112,112,122,142,1141,1160,23,56,56,56,82,113,131,96,96,106,106,106,106,106,106,4,39,39],"floor_reached":57,"playtime":2526,"items_purged":["Strike_B","Normality"],"score":3107,"play_id":"69b906b9-c747-492f-b89f-8472b33bcf33","local_time":"20190504213753","is_ascension_mode":true,"campfire_choices":[{"data":"Zap","floor":6.0,"key":"SMITH"},{"data":"Dualcast","floor":8.0,"key":"SMITH"},{"data":"Coolheaded","floor":15.0,"key":"SMITH"},{"data":"Chaos","floor":23.0,"key":"SMITH"},{"floor":25.0,"key":"REST"},{"data":"Turbo","floor":28.0,"key":"SMITH"},{"floor":32.0,"key":"REST"},{"data":"Normality","floor":41.0,"key":"PURGE"},{"data":"Blizzard","floor":47.0,"key":"SMITH"},{"floor":49.0,"key":"RECALL"},{"data":"Heatsinks","floor":53.0,"key":"SMITH"}],"neow_cost":"NONE","seed_source_timestamp":0,"circlet_count":0,"master_deck":["AscendersBane","Strike_B+1","Defend_B","Defend_B","Defend_B","Defend_B+1","Zap+1","Dualcast+1","Cold Snap","Ball Lightning","Turbo+1","Coolheaded+1","Steam","Ball Lightning","Undo","Echo Form","Compile Driver+1","Conserve Battery","Hologram+1","Chaos+1","Reboot+1","Stack+1","Heatsinks","All For One","Coolheaded+1","Meteor Strike","Reinforced Body+1","Double Energy+1","Electrodynamics","Redo+1","Undo+1","Skim+1","Chaos+1","Turbo+1","Recycle+1","Glacier+1","Coolheaded+1","Heatsinks+1","Loop","Capacitor+1","Fission+1","Blizzard+1","Go for the Eyes+1","Coolheaded+1","Tempest+1","BootSequence+1"],"special_seed":0,"relics":["Cracked Core","NeowsBlessing","Pen Nib","Shuriken","PreservedInsect","Potion Belt","Nunchaku","Runic Dome","Membership Card","Toxic Egg 2","The Courier","Dodecahedron","OrangePellets","Eternal Feather","Chemical X","Sundial","Happy Flower","Blood Vial","Juzu Bracelet","Peace Pipe","Boot","Matryoshka","Art of War","Mummified Hand","War Paint","Ancient Tea Set","Centennial Puzzle","Bag of Preparation"],"potions_floor_usage":[56,56],"damage_taken":[{"damage":0.0,"enemies":"2 Louse","floor":1.0,"turns":1.0},{"damage":0.0,"enemies":"Cultist","floor":3.0,"turns":1.0},{"damage":0.0,"enemies":"Small Slimes","floor":5.0,"turns":1.0},{"damage":6.0,"enemies":"Gremlin Nob","floor":7.0,"turns":3.0},{"damage":11.0,"enemies":"3 Sentries","floor":10.0,"turns":5.0},{"damage":9.0,"enemies":"Red Slaver","floor":11.0,"turns":2.0},{"damage":8.0,"enemies":"Large Slime","floor":12.0,"turns":5.0},{"damage":2.0,"enemies":"Lagavulin","floor":13.0,"turns":5.0},{"damage":0.0,"enemies":"Slime Boss","floor":16.0,"turns":6.0},{"damage":12.0,"enemies":"Shell Parasite","floor":18.0,"turns":4.0},{"damage":8.0,"enemies":"3 Byrds","floor":21.0,"turns":5.0},{"damage":21.0,"enemies":"Slavers","floor":24.0,"turns":4.0},{"damage":14.0,"enemies":"Book of Stabbing","floor":27.0,"turns":3.0},{"damage":12.0,"enemies":"Snake Plant","floor":31.0,"turns":4.0},{"damage":18.0,"enemies":"Automaton","floor":33.0,"turns":9.0},{"damage":10.0,"enemies":"3 Darklings","floor":35.0,"turns":7.0},{"damage":5.0,"enemies":"Orb Walker","floor":36.0,"turns":3.0},{"damage":10.0,"enemies":"Spire Growth","floor":38.0,"turns":5.0},{"damage":19.0,"enemies":"Reptomancer","floor":40.0,"turns":4.0},{"damage":0.0,"enemies":"Giant Head","floor":44.0,"turns":5.0},{"damage":0.0,"enemies":"Jaw Worm Horde","floor":45.0,"turns":3.0},{"damage":2.0,"enemies":"Sphere and 2 Shapes","floor":48.0,"turns":4.0},{"damage":37.0,"enemies":"Time Eater","floor":50.0,"turns":12.0},{"damage":0.0,"enemies":"Donu and Deca","floor":51.0,"turns":6.0},{"damage":42.0,"enemies":"Shield and Spear","floor":55.0,"turns":4.0},{"damage":25,"enemies":"The Heart","floor":56,"turns":8}],"seed_played":"-184700062310960433","potions_obtained":[{"floor":3.0,"key":"GamblersBrew"},{"floor":7.0,"key":"GamblersBrew"},{"floor":11.0,"key":"GamblersBrew"},{"floor":12.0,"key":"FocusPotion"},{"floor":13.0,"key":"EntropicBrew"},{"floor":21.0,"key":"Ancient Potion"},{"floor":35.0,"key":"SteroidPotion"},{"floor":36.0,"key":"Dexterity Potion"},{"floor":44.0,"key":"GamblersBrew"}],"is_trial":false,"path_per_floor":["M","?","M","?","M","R","E","R","T","E","M","M","E","?","R","B",null,"M","?","?","M","$","R","E","R","T","E","R","$","?","M","R","B",null,"M","M","?","M","$","E","R","?","T","E","M","$","R","M","R","B","B",null,"R","$","E","B",null],"character_chosen":"DEFECT","items_purchased":["Membership Card","Hologram","Chaos","OrangePellets","Heatsinks","Chemical X","Sundial","Happy Flower","Blood Vial","Juzu Bracelet","Peace Pipe","Boot","Matryoshka","Art of War","Mummified Hand","Redo+1","Undo+1","Skim+1","Chaos+1","Turbo+1","Recycle+1","Glacier+1","Coolheaded+1","Heatsinks","Loop","Blizzard","FocusPotion","Coolheaded+1","Tempest+1","Energy Potion"],"campfire_rested":2,"item_purchase_floors":[22,22,22,29,29,39,39,39,39,39,39,39,39,39,39,39,39,39,39,39,39,39,39,39,39,46,54,54,54,54],"current_hp_per_floor":[64,43,43,43,43,43,37,37,37,26,17,9,7,7,7,7,55,43,43,43,35,35,35,14,35,35,21,21,21,21,9,30,12,56,46,41,41,31,31,14,38,38,38,40,42,42,66,65,67,30,32,58,67,67,25,2],"gold":39,"neow_bonus":"THREE_ENEMY_KILL","is_prod":false,"is_daily":false,"chose_seed":false,"campfire_upgraded":7,"win_rate":0,"timestamp":1556977073,"path_taken":["M","?","M","?","?","R","E","R","T","E","M","M","E","?","R","BOSS","M","?","?","?","$","R","E","R","T","E","R","$","?","?","R","BOSS","M","?","?","M","$","E","R","?","T","E","M","$","R","M","R","BOSS","BOSS","R","$","E","BOSS"],"build_version":"2019-01-23","purchased_purges":2,"victory":true,"max_hp_per_floor":[71,71,71,71,71,71,71,71,71,71,71,71,71,71,71,71,71,71,71,71,71,71,71,71,71,71,71,71,71,71,71,71,71,71,71,71,71,71,71,71,71,67,67,67,67,67,67,67,67,67,67,67,67,67,67,67],"card_choices":[{"not_picked":["Hologram","Static Discharge"],"picked":"Cold Snap","floor":1.0},{"not_picked":["Sweeping Beam","Reinforced Body"],"picked":"Cold Snap","floor":3.0},{"not_picked":["Gash","Turbo"],"picked":"Ball Lightning","floor":5.0},{"not_picked":["Reboot","FTL"],"picked":"Turbo","floor":7.0},{"not_picked":["Conserve Battery","Leap"],"picked":"Coolheaded","floor":10.0},{"not_picked":["Turbo","Scrape"],"picked":"Steam","floor":11.0},{"not_picked":["Redo","Chill"],"picked":"Ball Lightning","floor":12.0},{"not_picked":["Streamline","Machine Learning"],"picked":"Undo","floor":13.0},{"not_picked":["Rainbow","All For One"],"picked":"Echo Form","floor":16.0},{"not_picked":["Storm","Sweeping Beam"],"picked":"Compile Driver+1","floor":18.0},{"not_picked":["Cold Snap","Turbo"],"picked":"Conserve Battery","floor":21.0},{"not_picked":["Beam Cell","Undo"],"picked":"Reboot","floor":24.0},{"not_picked":["Beam Cell","Loop+1"],"picked":"Stack+1","floor":27.0},{"not_picked":["Go for the Eyes","Streamline+1"],"picked":"Coolheaded+1","floor":31.0},{"not_picked":["Electrodynamics","Amplify+1"],"picked":"Meteor Strike","floor":33.0},{"not_picked":["Leap+1","Ball Lightning"],"picked":"Reinforced Body+1","floor":35.0},{"not_picked":["Leap+1","Gash"],"picked":"Double Energy+1","floor":36.0},{"not_picked":["Fusion+1","Stack+1"],"picked":"Electrodynamics","floor":38.0},{"not_picked":["Ball Lightning","Aggregate+1"],"picked":"Capacitor+1","floor":40.0},{"not_picked":["All For One","Sunder+1"],"picked":"Fission+1","floor":44.0},{"not_picked":["Conserve Battery+1","Rebound","Rip and Tear"],"picked":"SKIP","floor":45.0},{"not_picked":["Darkness+1","Fusion+1"],"picked":"Go for the Eyes+1","floor":48.0},{"not_picked":["Tempest+1","Capacitor"],"picked":"BootSequence+1","floor":55.0}],"player_experience":1549781,"relics_obtained":[{"floor":7.0,"key":"Shuriken"},{"floor":9.0,"key":"PreservedInsect"},{"floor":10.0,"key":"Potion Belt"},{"floor":13.0,"key":"Nunchaku"},{"floor":24.0,"key":"Toxic Egg 2"},{"floor":26.0,"key":"The Courier"},{"floor":27.0,"key":"Dodecahedron"},{"floor":40.0,"key":"War Paint"},{"floor":43.0,"key":"Ancient Tea Set"},{"floor":44.0,"key":"Centennial Puzzle"},{"floor":55.0,"key":"Bag of Preparation"}],"event_choices":[{"damage_healed":0.0,"max_hp_gain":0.0,"max_hp_loss":0.0,"gold_gain":0.0,"event_name":"Shining Light","player_choice":"Entered Light","floor":2.0,"gold_loss":0.0,"damage_taken":21.0,"cards_upgraded":["Strike_B","Strike_B"]},{"cards_removed":["Cold Snap"],"damage_healed":0.0,"max_hp_gain":0.0,"max_hp_loss":0.0,"gold_gain":0.0,"event_name":"WeMeetAgain","player_choice":"Gave Card","floor":4.0,"gold_loss":0.0,"damage_taken":0.0,"relics_obtained":["Pen Nib"]},{"damage_healed":0.0,"max_hp_gain":0.0,"max_hp_loss":0.0,"gold_gain":50.0,"event_name":"Golden Shrine","player_choice":"Pray","floor":14.0,"gold_loss":0.0,"damage_taken":0.0},{"cards_removed":["Strike_B"],"damage_healed":0.0,"max_hp_gain":0.0,"max_hp_loss":0.0,"gold_gain":0.0,"event_name":"Beggar","player_choice":"Gave Gold","floor":19.0,"gold_loss":75.0,"damage_taken":0.0},{"damage_healed":0.0,"max_hp_gain":0.0,"max_hp_loss":0.0,"gold_gain":100.0,"event_name":"The Joust","player_choice":"Bet on Murderer","floor":20.0,"gold_loss":50.0,"damage_taken":0.0},{"damage_healed":0.0,"max_hp_gain":0.0,"max_hp_loss":0.0,"gold_gain":0.0,"cards_transformed":["Strike_B"],"event_name":"Transmorgrifier","player_choice":"Transformed","floor":30.0,"gold_loss":0.0,"damage_taken":0.0,"cards_obtained":["All For One"]},{"damage_healed":0.0,"max_hp_gain":0.0,"max_hp_loss":0.0,"gold_gain":999.0,"event_name":"MindBloom","player_choice":"Gold","floor":37.0,"gold_loss":0.0,"damage_taken":0.0,"cards_obtained":["Normality","Normality"]},{"damage_healed":0.0,"max_hp_gain":0.0,"max_hp_loss":4.0,"gold_gain":0.0,"event_name":"Winding Halls","player_choice":"Max HP","floor":42.0,"gold_loss":0.0,"damage_taken":0.0}],"is_beta":false,"boss_relics":[{"not_picked":["White Beast Statue","Snecko Eye"],"picked":"Runic Dome"},{"not_picked":["Velvet Choker","Fusion Hammer"],"picked":"Eternal Feather"}],"items_purged_floors":[22,39],"is_endless":false,"potions_floor_spawned":[3,7,11,12,13,21,35,36,44,48,55],"ascension_level":20}