{"gold_per_floor":[99,99,99,99,49,49,49,49,49,49,49,49,49,49,49,49],"floor_reached":16,"playtime":509,"items_purged":[],"score":127,"play_id":"0cb17095-3328-4da8-bc41-80744086d17e","local_time":"20180731015536","is_ascension_mode":true,"campfire_choices":[{"data":"Zap","floor":6,"key":"SMITH"},{"floor":8,"key":"REST"},{"data":"Dualcast","floor":10,"key":"SMITH"},{"floor":15,"key":"REST"}],"neow_cost":"NONE","seed_source_timestamp":1650811569109951,"circlet_count":0,"master_deck":["Strike_B","Strike_B","Strike_B","Defend_B+1","Defend_B+1","Zap+1","Dualcast+1","Steam","BootSequence"],"relics":["Ectoplasm","War Paint","Centennial Puzzle","Art of War"],"potions_floor_usage":[7,16,16],"damage_taken":[{"damage":0,"enemies":"2 Louse","floor":1,"turns":2},{"damage":7,"enemies":"Jaw Worm","floor":2,"turns":3},{"damage":7,"enemies":"Small Slimes","floor":4,"turns":3},{"damage":19,"enemies":"Lagavulin","floor":7,"turns":7},{"damage":0,"enemies":"Blue Slaver","floor":12,"turns":3},{"damage":26,"enemies":"Gremlin Nob","floor":13,"turns":4},{"damage":0,"enemies":"Exordium Wildlife","floor":14,"turns":5},{"damage":54,"enemies":"Hexaghost","floor":16,"turns":11}],"seed_played":"5217284252750483237","potions_obtained":[{"floor":1,"key":"Strength Potion"},{"floor":4,"key":"SteroidPotion"},{"floor":7,"key":"Block Potion"}],"is_trial":false,"path_per_floor":["M","M","?","M","?","R","E","R","T","R","?","M","E","M","R"],"character_chosen":"DEFECT","items_purchased":[],"campfire_rested":2,"item_purchase_floors":[],"current_hp_per_floor":[75,68,61,54,54,54,35,57,57,57,57,57,31,31,53,0],"gold":49,"neow_bonus":"BOSS_RELIC","is_prod":false,"is_daily":false,"chose_seed":false,"campfire_upgraded":2,"win_rate":0,"timestamp":1532994936,"path_taken":["M","M","?","M","?","R","E","R","T","R","?","M","E","M","R","BOSS"],"build_version":"2018-07-26","purchased_purges":0,"victory":false,"max_hp_per_floor":[75,75,75,75,75,75,75,75,75,75,75,75,75,75,75,75],"card_choices":[{"not_picked":["Hello World","Cold Snap","Redo"],"picked":"SKIP","floor":1},{"not_picked":["Steam","Reinforced Body","Coolheaded"],"picked":"SKIP","floor":2},{"not_picked":["Melter","Turbo"],"picked":"Steam","floor":4},{"not_picked":["Hello World","Sweeping Beam","Sunder"],"picked":"SKIP","floor":7},{"not_picked":["Hologram","Doom and Gloom","Go for the Eyes"],"picked":"SKIP","floor":12},{"not_picked":["Rip and Tear","Seek"],"picked":"BootSequence","floor":13},{"not_picked":["Rebound","Steam","Conserve Battery"],"picked":"SKIP","floor":14}],"player_experience":353366,"relics_obtained":[{"floor":7,"key":"War Paint"},{"floor":9,"key":"Centennial Puzzle"},{"floor":13,"key":"Art of War"}],"event_choices":[{"event_name":"Golden Wing","player_choice":"Card Removal","floor":3,"damage_taken":0},{"event_name":"The Cleric","player_choice":"Card Removal","floor":5,"damage_taken":0},{"event_name":"Living Wall","player_choice":"Forget","floor":11,"damage_taken":0}],"is_beta":false,"boss_relics":[],"items_purged_floors":[],"is_endless":false,"potions_floor_spawned":[1,4,7],"killed_by":"Hexaghost","ascension_level":3}