{"gold_per_floor":[118,118,69,69,94,164,164,499,524,524,537,550,569,612,612,740,740,760,775,390,390],"floor_reached":21,"playtime":1595,"items_purged":[],"score":269,"play_id":"1808ca9a-0156-423c-9c63-630452c543ae","local_time":"20190119140620","is_ascension_mode":true,"campfire_choices":[{"floor":7.0,"key":"REST"},{"floor":15.0,"key":"REST"}],"neow_cost":"NONE","seed_source_timestamp":0,"circlet_count":0,"master_deck":["Strike_R","Strike_R","Strike_R","Strike_R","Strike_R+1","Defend_R","Defend_R","Defend_R","Defend_R+1","Bash","Panacea","Armaments","Injury","Flex","Headbutt","Reaper","Rampage","Pommel Strike","Impervious","Shrug It Off","Exhume","Spot Weakness+1","Iron Wave"],"special_seed":0,"relics":["Black Blood","Golden Idol","Tiny Chest","Old Coin","Bag of Preparation","Juzu Bracelet","Gambling Chip"],"potions_floor_usage":[21],"damage_taken":[{"damage":4.0,"enemies":"2 Louse","floor":1.0,"turns":3.0},{"damage":1.0,"enemies":"Small Slimes","floor":5.0,"turns":4.0},{"damage":29.0,"enemies":"Gremlin Nob","floor":6.0,"turns":4.0},{"damage":17.0,"enemies":"3 Sentries","floor":8.0,"turns":6.0},{"damage":0.0,"enemies":"Jaw Worm","floor":11.0,"turns":3.0},{"damage":7.0,"enemies":"2 Fungi Beasts","floor":12.0,"turns":3.0},{"damage":18.0,"enemies":"Blue Slaver","floor":13.0,"turns":4.0},{"damage":37.0,"enemies":"Lagavulin","floor":14.0,"turns":7.0},{"damage":42.0,"enemies":"Hexaghost","floor":16.0,"turns":13.0},{"damage":50,"enemies":"3 Byrds","floor":18,"turns":10},{"damage":26,"enemies":"Spheric Guardian","floor":19,"turns":5},{"damage":17,"enemies":"Snecko","floor":21,"turns":3}],"seed_played":"1889595944904095661","potions_obtained":[{"floor":6.0,"key":"AttackPotion"},{"floor":8.0,"key":"Swift Potion"},{"floor":12.0,"key":"Swift Potion"},{"floor":14.0,"key":"SkillPotion"},{"floor":18,"key":"SpeedPotion"}],"is_trial":false,"path_per_floor":["M","?","$","?","M","E","R","E","T","?","M","M","M","E","R","B",null,"M","M","$","M"],"character_chosen":"IRONCLAD","items_purchased":["Fire Potion","Gambling Chip","Fire Potion","FearPotion"],"campfire_rested":2,"item_purchase_floors":[3,20,20,20],"current_hp_per_floor":[74,58,58,58,63,40,64,53,53,53,59,64,61,30,54,18,65,31,15,15,0],"gold":390,"neow_bonus":"RANDOM_COLORLESS","is_prod":false,"is_daily":false,"chose_seed":false,"campfire_upgraded":0,"win_rate":0,"timestamp":1547903180,"path_taken":["M","?","$","?","?","E","R","E","T","?","M","M","M","E","R","BOSS","M","M","$","M"],"build_version":"2019-01-17v2","purchased_purges":0,"victory":false,"max_hp_per_floor":[80,80,80,80,80,80,80,80,80,80,80,80,80,80,80,80,80,80,80,80,80],"card_choices":[{"not_picked":["Body Slam","Bloodletting"],"picked":"Armaments","floor":1.0},{"not_picked":["Disarm","Body Slam"],"picked":"Flex","floor":5.0},{"not_picked":["Fiend Fire","Heavy Blade"],"picked":"Headbutt","floor":6.0},{"not_picked":["Ghostly Armor","Clothesline"],"picked":"Reaper","floor":8.0},{"not_picked":["Perfected Strike","Headbutt"],"picked":"Rampage","floor":11.0},{"not_picked":["Battle Trance","Clash"],"picked":"Pommel Strike","floor":12.0},{"not_picked":["Rupture","Clothesline"],"picked":"Impervious","floor":13.0},{"not_picked":["Warcry","Power Through"],"picked":"Shrug It Off","floor":14.0},{"not_picked":["Berserk","Immolate"],"picked":"Exhume","floor":16.0},{"not_picked":["Anger+1","Battle Trance"],"picked":"Spot Weakness+1","floor":18},{"not_picked":["Rage","Headbutt"],"picked":"Iron Wave","floor":19}],"player_experience":329903,"relics_obtained":[{"floor":6.0,"key":"Tiny Chest"},{"floor":8.0,"key":"Old Coin"},{"floor":9.0,"key":"Bag of Preparation"},{"floor":14.0,"key":"Juzu Bracelet"}],"event_choices":[{"damage_healed":0.0,"max_hp_gain":0.0,"max_hp_loss":0.0,"gold_gain":0.0,"event_name":"Shining Light","player_choice":"Entered Light","floor":2.0,"gold_loss":0.0,"damage_taken":16.0,"cards_upgraded":["Defend_R","Strike_R"]},{"damage_healed":0.0,"max_hp_gain":0.0,"max_hp_loss":0.0,"gold_gain":0.0,"event_name":"Golden Idol","player_choice":"Take Wound","floor":4.0,"gold_loss":0.0,"damage_taken":0.0,"relics_obtained":["Golden Idol"],"cards_obtained":["Injury"]},{"damage_healed":0.0,"max_hp_gain":0.0,"max_hp_loss":0.0,"gold_gain":0.0,"event_name":"Liars Game","player_choice":"Ignored","floor":10.0,"gold_loss":0.0,"damage_taken":0.0}],"is_beta":false,"boss_relics":[{"not_picked":["Runic Cube","Black Star"],"picked":"Black Blood"}],"items_purged_floors":[],"is_endless":false,"potions_floor_spawned":[6,8,12,14,18],"killed_by":"Snecko","ascension_level":7}