{"gold_per_floor":[109,109,126,301,301,321,351,331,331,360,376,394,409,427,427,427],"floor_reached":16,"playtime":1075,"items_purged":[],"score":114,"play_id":"92ef0931-4d78-4459-8d83-ffa92260fdc2","local_time":"20190228071954","is_ascension_mode":false,"campfire_choices":[{"floor":15,"key":"REST"}],"neow_cost":"NONE","seed_source_timestamp":997206478970961,"circlet_count":0,"master_deck":["Strike_B","Strike_B","Strike_B","Strike_B","Defend_B","Defend_B","Defend_B","Defend_B","Zap","Dualcast","Darkness","Chrysalis","Rip and Tear","Doubt","Sweeping Beam","Conserve Battery","Streamline","Ball Lightning","Stack","Hologram","Ball Lightning"],"relics":["Cracked Core","Bag of Marbles","Sundial","Ginger"],"potions_floor_usage":[7,10,14,16],"damage_taken":[{"damage":1,"enemies":"2 Louse","floor":1,"turns":2},{"damage":9,"enemies":"Cultist","floor":3,"turns":4},{"damage":6,"enemies":"Jaw Worm","floor":6,"turns":3},{"damage":25,"enemies":"3 Sentries","floor":7,"turns":8},{"damage":31,"enemies":"Gremlin Nob","floor":10,"turns":5},{"damage":8,"enemies":"2 Fungi Beasts","floor":11,"turns":4},{"damage":4,"enemies":"Red Slaver","floor":12,"turns":3},{"damage":20,"enemies":"Exordium Thugs","floor":13,"turns":3},{"damage":3,"enemies":"Lots of Slimes","floor":14,"turns":2},{"damage":33,"enemies":"Hexaghost","floor":16,"turns":8}],"seed_played":"6289248085514396992","potions_obtained":[{"floor":3,"key":"Regen Potion"},{"floor":7,"key":"Regen Potion"},{"floor":8,"key":"FairyPotion"},{"floor":10,"key":"Fire Potion"},{"floor":12,"key":"Strength Potion"}],"is_trial":false,"path_per_floor":["M","?","M","?","?","M","E","?","T","E","M","M","M","M","R","B"],"character_chosen":"DEFECT","items_purchased":[],"campfire_rested":1,"item_purchase_floors":[],"current_hp_per_floor":[74,74,65,65,65,59,49,49,49,32,24,20,7,4,26,0],"gold":427,"neow_bonus":"RANDOM_COLORLESS","is_prod":false,"is_daily":false,"chose_seed":false,"campfire_upgraded":0,"win_rate":0.0,"timestamp":1551359994,"path_taken":["M","?","?","?","?","M","E","?","T","E","M","M","?","M","R","BOSS"],"build_version":"2019-01-23","purchased_purges":0,"victory":false,"max_hp_per_floor":[75,75,75,75,75,75,75,75,75,75,75,75,75,75,75,75],"card_choices":[{"not_picked":["Reinforced Body","Redo"],"picked":"Darkness","floor":1},{"not_picked":["Blizzard","Scrape"],"picked":"Rip and Tear","floor":3},{"not_picked":["Redo","Steam"],"picked":"Sweeping Beam","floor":6},{"not_picked":["Doom and Gloom","Reprogram"],"picked":"Conserve Battery","floor":7},{"not_picked":["Glacier","Rebound"],"picked":"Streamline","floor":10},{"not_picked":["Coolheaded","All For One"],"picked":"Ball Lightning","floor":11},{"not_picked":["Doom and Gloom","Streamline"],"picked":"Stack","floor":12},{"not_picked":["Leap","Darkness"],"picked":"Hologram","floor":13},{"not_picked":["Beam Cell","Go for the Eyes"],"picked":"Ball Lightning","floor":14}],"player_experience":102914,"relics_obtained":[{"floor":7,"key":"Bag of Marbles"},{"floor":9,"key":"Sundial"},{"floor":10,"key":"Ginger"}],"event_choices":[{"damage_healed":0,"gold_gain":0,"cards_transformed":["Trip"],"player_choice":"Transformed","damage_taken":0,"max_hp_gain":0,"max_hp_loss":0,"event_name":"Transmorgrifier","floor":2,"gold_loss":0,"cards_obtained":["Chrysalis"]},{"damage_healed":0,"gold_gain":175,"player_choice":"AGREE","damage_taken":0,"max_hp_gain":0,"max_hp_loss":0,"event_name":"Liars Game","floor":4,"gold_loss":0,"cards_obtained":["Doubt"]},{"damage_healed":0,"gold_gain":0,"player_choice":"Leave","damage_taken":0,"max_hp_gain":0,"max_hp_loss":0,"event_name":"The Cleric","floor":5,"gold_loss":0},{"damage_healed":0,"gold_gain":0,"player_choice":"Bought 1 Potion","damage_taken":0,"max_hp_gain":0,"max_hp_loss":0,"event_name":"The Woman in Blue","floor":8,"gold_loss":0}],"is_beta":false,"boss_relics":[],"items_purged_floors":[],"is_endless":false,"potions_floor_spawned":[3,7,10,12],"killed_by":"Hexaghost","ascension_level":0}