{"gold_per_floor":[117,144,154,174,174,205,205,232,303,321,471,471,471,491,491,562,562,577,577,592,603,619,619,647,647,716,256,256,256,336,286,286,362,392,405,419,118,118],"floor_reached":38,"playtime":1289,"items_purged":["Writhe"],"score":804,"play_id":"f5cfed14-85ac-4254-9088-c320b9309e1d","local_time":"20190421084640","is_ascension_mode":true,"campfire_choices":[{"floor":7.0,"key":"REST"},{"floor":15.0,"key":"REST"},{"floor":23.0,"key":"REST"},{"data":"Static Discharge","floor":25.0,"key":"SMITH"},{"data":"Beam Cell","floor":28.0,"key":"SMITH"},{"data":"Biased Cognition","floor":32.0,"key":"SMITH"}],"neow_cost":"NONE","seed_source_timestamp":0,"circlet_count":0,"master_deck":["AscendersBane","Zap","Dualcast","Multi-Cast","Doom and Gloom","Consume","Ball Lightning","Genetic Algorithm","Chill","Rip and Tear","Biased Cognition+1","Core Surge","Static Discharge+1","Ball Lightning","Beam Cell+1","Skim","FTL","Thunder Strike","Undo","Cold Snap+1","Darkness+1","Core Surge","Glacier","Self Repair","Echo Form","Regret","Decay","Go for the Eyes+1","Biased Cognition+1"],"special_seed":0,"relics":["Cracked Core","Bag of Preparation","Emotion Chip","Bronze Scales","Mercury Hourglass","Nloth\u0027s Gift","Singing Bowl","Shuriken","Cables","Kunai","Calling Bell","Tiny Chest","Pantograph","Du-Vu Doll","DollysMirror"],"potions_floor_usage":[],"damage_taken":[{"damage":11.0,"enemies":"Cultist","floor":1.0,"turns":4.0},{"damage":3.0,"enemies":"2 Louse","floor":3.0,"turns":2.0},{"damage":2.0,"enemies":"Jaw Worm","floor":4.0,"turns":3.0},{"damage":39.0,"enemies":"Gremlin Nob","floor":6.0,"turns":4.0},{"damage":20.0,"enemies":"Lagavulin","floor":8.0,"turns":5.0},{"damage":0.0,"enemies":"2 Fungi Beasts","floor":10.0,"turns":4.0},{"damage":1.0,"enemies":"Exordium Thugs","floor":14.0,"turns":4.0},{"damage":10.0,"enemies":"The Guardian","floor":16.0,"turns":7.0},{"damage":0.0,"enemies":"Spheric Guardian","floor":18.0,"turns":3.0},{"damage":12.0,"enemies":"Chosen","floor":20.0,"turns":3.0},{"damage":12.0,"enemies":"Centurion and Healer","floor":21.0,"turns":6.0},{"damage":8.0,"enemies":"Chosen and Byrds","floor":22.0,"turns":3.0},{"damage":14.0,"enemies":"Slavers","floor":24.0,"turns":4.0},{"damage":20.0,"enemies":"Collector","floor":33.0,"turns":5.0},{"damage":13.0,"enemies":"3 Shapes","floor":35.0,"turns":4.0},{"damage":24.0,"enemies":"3 Darklings","floor":36.0,"turns":3.0},{"damage":38,"enemies":"Jaw Worm Horde","floor":38,"turns":2}],"seed_played":"-4389102442364399856","potions_obtained":[{"floor":1.0,"key":"Swift Potion"},{"floor":8.0,"key":"Regen Potion"},{"floor":10.0,"key":"Swift Potion"},{"floor":13.0,"key":"EssenceOfSteel"},{"floor":14.0,"key":"Block Potion"},{"floor":16.0,"key":"Ancient Potion"},{"floor":18.0,"key":"GamblersBrew"},{"floor":22.0,"key":"Regen Potion"},{"floor":35.0,"key":"EssenceOfSteel"}],"is_trial":false,"path_per_floor":["M","T","M","M","$","E","R","E","T","M","?","?","?","M","R","B",null,"M","?","M","M","M","R","E","R","T","$","R","?","T","?","R","B",null,"M","M","$","M"],"character_chosen":"DEFECT","items_purchased":["Glacier","Cables","Self Repair","DollysMirror"],"campfire_rested":3,"item_purchase_floors":[27,27,27,37],"current_hp_per_floor":[53,53,50,48,48,9,30,10,10,22,22,15,15,14,35,25,60,60,60,48,36,28,49,47,47,47,47,47,61,61,61,61,41,64,51,29,29,0],"gold":118,"neow_bonus":"ONE_RANDOM_RARE_CARD","is_prod":false,"is_daily":false,"chose_seed":false,"campfire_upgraded":3,"win_rate":0,"timestamp":1555850800,"path_taken":["M","?","M","M","$","E","R","E","T","M","?","?","?","?","R","BOSS","M","?","M","M","?","R","E","R","T","$","R","?","?","?","R","BOSS","M","M","$","M"],"build_version":"2019-01-23","purchased_purges":1,"victory":false,"max_hp_per_floor":[71,71,71,71,71,71,71,71,71,71,71,71,71,71,71,71,71,71,71,71,71,71,71,71,71,71,71,71,71,71,71,71,71,71,71,73,73,73],"card_choices":[{"not_picked":["Chill","Leap"],"picked":"Doom and Gloom","floor":1.0},{"not_picked":["Compile Driver","Conserve Battery"],"picked":"Consume","floor":3.0},{"not_picked":["Auto Shields","Compile Driver"],"picked":"Ball Lightning","floor":4.0},{"not_picked":["Blizzard","Chaos"],"picked":"Genetic Algorithm","floor":6.0},{"not_picked":["Conserve Battery","Fusion"],"picked":"Chill","floor":8.0},{"not_picked":["Conserve Battery","Barrage","Hello World"],"picked":"SKIP","floor":10.0},{"not_picked":["Rebound","Conserve Battery"],"picked":"Rip and Tear","floor":14.0},{"not_picked":["Echo Form","Fission"],"picked":"Biased Cognition","floor":16.0},{"not_picked":["Doom and Gloom","Go for the Eyes","Sweeping Beam"],"picked":"SKIP","floor":18.0},{"not_picked":["Redo","Streamline","Hologram"],"picked":"SKIP","floor":20.0},{"not_picked":["Rebound","Sweeping Beam"],"picked":"Cold Snap+1","floor":21.0},{"not_picked":["Sweeping Beam","Hologram"],"picked":"Darkness+1","floor":22.0},{"not_picked":["Hyperbeam","Hologram"],"picked":"Core Surge","floor":24.0},{"not_picked":["Core Surge","Thunder Strike"],"picked":"Echo Form","floor":33.0},{"not_picked":["Stack","Steam Power"],"picked":"Go for the Eyes+1","floor":35.0},{"not_picked":["Go for the Eyes","Conserve Battery","Sweeping Beam"],"picked":"Singing Bowl","floor":36.0}],"player_experience":919262,"relics_obtained":[{"floor":2.0,"key":"Bag of Preparation"},{"floor":6.0,"key":"Emotion Chip"},{"floor":8.0,"key":"Bronze Scales"},{"floor":9.0,"key":"Mercury Hourglass"},{"floor":24.0,"key":"Singing Bowl"},{"floor":26.0,"key":"Shuriken"},{"floor":30.0,"key":"Kunai"},{"floor":34.0,"key":"Tiny Chest"},{"floor":34.0,"key":"Pantograph"},{"floor":34.0,"key":"Du-Vu Doll"}],"event_choices":[{"damage_healed":0.0,"max_hp_gain":0.0,"max_hp_loss":0.0,"gold_gain":150.0,"event_name":"Liars Game","player_choice":"AGREE","floor":11.0,"gold_loss":0.0,"damage_taken":0.0,"cards_obtained":["Doubt"]},{"cards_removed":["Doubt"],"damage_healed":0.0,"max_hp_gain":0.0,"max_hp_loss":0.0,"gold_gain":0.0,"event_name":"Golden Wing","player_choice":"Card Removal","floor":12.0,"gold_loss":0.0,"damage_taken":7.0},{"damage_healed":0.0,"max_hp_gain":0.0,"max_hp_loss":0.0,"gold_gain":0.0,"event_name":"Lab","player_choice":"Got Potions","floor":13.0,"gold_loss":0.0,"damage_taken":0.0},{"damage_healed":0.0,"max_hp_gain":0.0,"max_hp_loss":0.0,"gold_gain":0.0,"event_name":"N\u0027loth","player_choice":"Traded Relic","floor":19.0,"relics_lost":["Pandora\u0027s Box"],"gold_loss":0.0,"damage_taken":0.0,"relics_obtained":["Nloth\u0027s Gift"]},{"damage_healed":14.0,"max_hp_gain":0.0,"max_hp_loss":0.0,"gold_gain":0.0,"event_name":"The Library","player_choice":"Heal","floor":29.0,"gold_loss":0.0,"damage_taken":0.0},{"damage_healed":0.0,"max_hp_gain":0.0,"max_hp_loss":0.0,"gold_gain":0.0,"event_name":"The Joust","player_choice":"Bet on Murderer","floor":31.0,"gold_loss":50.0,"damage_taken":0.0}],"is_beta":false,"boss_relics":[{"not_picked":["Orrery","Philosopher\u0027s Stone"],"picked":"Pandora\u0027s Box"},{"not_picked":["Fusion Hammer","FrozenCore"],"picked":"Calling Bell"}],"items_purged_floors":[37],"is_endless":false,"potions_floor_spawned":[1,8,10,14,16,18,21,22,35],"killed_by":"Jaw Worm Horde","ascension_level":20}