{"gold_per_floor":[117,130,142,142,152,179,179,193,193,193,214,228,240,165,165,260,260,244,264,364,379,294,325,325,325],"floor_reached":25,"playtime":1071,"items_purged":["Strike_G"],"score":250,"play_id":"fb009ba3-08a7-4543-ae3f-e9b0434bb8a6","local_time":"20190412150521","is_ascension_mode":false,"campfire_choices":[{"floor":7,"key":"RECALL"},{"floor":15,"key":"REST"},{"floor":24,"key":"REST"}],"neow_cost":"NONE","seed_source_timestamp":109951596614400,"circlet_count":0,"master_deck":["Defend_G","Defend_G","Defend_G","Defend_G","Defend_G","Strike_G","Strike_G","Strike_G","Strike_G","Survivor","Neutralize+1","Sucker Punch","Poisoned Stab","Catalyst","After Image","Calculated Gamble","Prepared","Doppelganger","Poisoned Stab","Wraith Form v2","Eviscerate+1","Acrobatics+1"],"relics":["Fusion Hammer","Juzu Bracelet","Thread and Needle","Odd Mushroom","Black Star","Letter Opener","Peace Pipe","Mango"],"potions_floor_usage":[5,6,6,16,19,23,23],"damage_taken":[{"damage":3,"enemies":"Small Slimes","floor":1,"turns":5},{"damage":0,"enemies":"Cultist","floor":2,"turns":4},{"damage":0,"enemies":"2 Louse","floor":3,"turns":3},{"damage":22,"enemies":"Large Slime","floor":5,"turns":6},{"damage":34,"enemies":"Gremlin Nob","floor":6,"turns":7},{"damage":12,"enemies":"Gremlin Gang","floor":8,"turns":7},{"damage":0,"enemies":"The Mushroom Lair","floor":11,"turns":6},{"damage":0,"enemies":"Looter","floor":12,"turns":3},{"damage":1,"enemies":"2 Fungi Beasts","floor":13,"turns":3},{"damage":15,"enemies":"The Guardian","floor":16,"turns":16},{"damage":15,"enemies":"2 Thieves","floor":18,"turns":4},{"damage":0,"enemies":"Chosen","floor":19,"turns":6},{"damage":10,"enemies":"Shelled Parasite and Fungi","floor":21,"turns":10},{"damage":45,"enemies":"Slavers","floor":23,"turns":10},{"damage":43,"enemies":"Gremlin Leader","floor":25,"turns":6}],"seed_played":"8020075295350987769","potions_obtained":[{"floor":1,"key":"Ancient Potion"},{"floor":2,"key":"Fruit Juice"},{"floor":5,"key":"Block Potion"},{"floor":12,"key":"SteroidPotion"},{"floor":16,"key":"Ancient Potion"},{"floor":18,"key":"Dexterity Potion"},{"floor":19,"key":"SteroidPotion"},{"floor":23,"key":"Ancient Potion"}],"is_trial":false,"path_per_floor":["M","M","M","?","M","E","R","M","T","?","?","M","M","$","R","B",null,"M","M","?","M","?","E","R","E"],"character_chosen":"THE_SILENT","items_purchased":[],"campfire_rested":2,"item_purchase_floors":[],"current_hp_per_floor":[67,67,67,67,50,16,16,4,4,29,29,29,28,28,50,35,75,60,60,60,50,50,19,45,2],"gold":325,"neow_bonus":"BOSS_RELIC","is_prod":false,"is_daily":false,"chose_seed":false,"campfire_upgraded":0,"win_rate":0,"timestamp":1555052721,"path_taken":["M","M","M","?","M","E","R","M","T","?","?","M","M","$","R","BOSS","M","M","?","M","?","E","R","E"],"build_version":"2019-01-23","purchased_purges":1,"victory":false,"max_hp_per_floor":[70,70,70,70,75,75,75,75,75,75,75,75,75,75,75,75,75,75,75,75,75,75,89,89,89],"card_choices":[{"not_picked":["Concentrate","Slice","Dodge and Roll"],"picked":"SKIP","floor":1},{"not_picked":["Flechettes","Underhanded Strike"],"picked":"Sucker Punch","floor":2},{"not_picked":["Catalyst","Flying Knee"],"picked":"Poisoned Stab","floor":3},{"not_picked":["Predator","Backflip"],"picked":"Catalyst","floor":5},{"not_picked":["Tactician","Deflect","Dagger Spray"],"picked":"SKIP","floor":6},{"not_picked":["Prepared","Expertise"],"picked":"After Image","floor":8},{"not_picked":["Riddle With Holes","Blade Dance"],"picked":"Calculated Gamble","floor":11},{"not_picked":["Dagger Spray","All Out Attack"],"picked":"Prepared","floor":12},{"not_picked":["Choke","Infinite Blades","Bane"],"picked":"SKIP","floor":13},{"not_picked":["Wraith Form v2","Unload"],"picked":"Doppelganger","floor":16},{"not_picked":["Acrobatics+1","Dodge and Roll"],"picked":"Poisoned Stab","floor":18},{"not_picked":["Quick Slash","All Out Attack","Wraith Form v2"],"picked":"SKIP","floor":19},{"not_picked":["Quick Slash","All Out Attack"],"picked":"Wraith Form v2","floor":19},{"not_picked":["Reflex+1","Bane+1"],"picked":"Eviscerate+1","floor":21},{"not_picked":["Sucker Punch","Backstab"],"picked":"Acrobatics+1","floor":23}],"player_experience":478486,"relics_obtained":[{"floor":6,"key":"Juzu Bracelet"},{"floor":9,"key":"Thread and Needle"},{"floor":11,"key":"Odd Mushroom"},{"floor":23,"key":"Peace Pipe"},{"floor":23,"key":"Mango"}],"event_choices":[{"damage_healed":0,"gold_gain":0,"player_choice":"Upgraded","damage_taken":0,"max_hp_gain":0,"max_hp_loss":0,"event_name":"Upgrade Shrine","floor":4,"gold_loss":0,"cards_upgraded":["Neutralize"]},{"damage_healed":25,"gold_gain":0,"player_choice":"Banana","damage_taken":0,"max_hp_gain":0,"max_hp_loss":0,"event_name":"Big Fish","floor":10,"gold_loss":0},{"damage_healed":0,"gold_gain":0,"player_choice":"Fought Mushrooms","damage_taken":0,"max_hp_gain":0,"max_hp_loss":0,"event_name":"Mushrooms","floor":11,"gold_loss":0},{"damage_healed":0,"gold_gain":100,"player_choice":"Pray","damage_taken":0,"max_hp_gain":0,"max_hp_loss":0,"event_name":"Golden Shrine","floor":20,"gold_loss":0},{"damage_healed":0,"gold_gain":0,"player_choice":"Obtained Relic","damage_taken":0,"relics_obtained":["Letter Opener"],"max_hp_gain":0,"max_hp_loss":0,"event_name":"Addict","floor":22,"gold_loss":85}],"is_beta":false,"boss_relics":[{"not_picked":["Velvet Choker","Lizard Tail"],"picked":"Black Star"}],"items_purged_floors":[14],"is_endless":false,"potions_floor_spawned":[1,2,5,12,16,18,19,23],"killed_by":"Gremlin Leader","ascension_level":0}