{"path_per_floor":["M","M","?","$","M","E","R","M","T","M","E","R","$","M","R","B",null,"M","?","?","M","M","R","M","R","T","E","R","M","M","?","R","B",null,"M","?","?","M","?","R","E","M","T","$","M","$","E","M","R","B"],"character_chosen":"IRONCLAD","items_purchased":["Limit Break","Happy Flower","Regen Potion","Bandage Up","Medical Kit","Regen Potion","Strength Potion"],"gold_per_floor":[115,130,380,72,92,123,123,135,135,148,177,177,28,43,43,115,115,135,235,235,247,266,266,279,279,333,361,361,376,394,394,394,471,471,490,490,490,508,508,508,540,552,552,74,86,37,70,81,81,81],"floor_reached":51,"campfire_rested":5,"playtime":1944,"current_hp_per_floor":[67,72,72,72,71,51,51,36,36,45,30,52,52,55,55,27,61,42,42,42,26,12,48,37,72,72,35,35,36,32,32,68,18,59,46,46,46,50,50,50,44,35,35,35,62,62,47,42,72,44],"items_purged":["Regret","Parasite","Writhe"],"gold":81,"score":1009,"play_id":"d723dcbf-6051-406a-b1f0-537d94371d86","local_time":"20180307142343","is_prod":false,"is_daily":false,"is_ascension_mode":true,"campfire_upgraded":4,"timestamp":1520450623,"path_taken":["M","M","?","$","M","E","R","M","T","M","E","R","?","M","R","BOSS","M","?","?","M","?","R","M","R","T","E","R","M","?","?","R","BOSS","M","?","?","?","?","R","E","?","T","?","M","$","E","M","R","BOSS"],"build_version":"2018-03-01-PROD1","purchased_purges":3,"victory":true,"master_deck":["Strike_R","Strike_R","Strike_R","Strike_R","Strike_R","Defend_R","Defend_R","Bash","Double Tap","Rampage+1","Thunderclap","Limit Break","Shockwave","Cleave","Twin Strike","Perfected Strike+1","Offering","Flex+1","True Grit+1","Whirlwind","Impervious","Flex+1","Shrug It Off+1","Offering","Heavy Blade+1","Limit Break","Pain","Bandage Up","Battle Trance"],"max_hp_per_floor":[75,75,75,75,75,75,75,75,75,75,75,75,72,72,72,72,72,72,72,72,72,72,72,72,72,72,72,72,72,72,72,72,72,72,72,72,72,72,72,72,72,72,72,72,72,72,72,72,72,72],"relics":["Burning Blood","Happy Flower","Red Skull","Magic Flower","Ancient Tea Set","Cursed Key","Regal Pillow","Prayer Wheel","Bottled Flame","Runic Cube","Meat on the Bone","Frozen Eye","Medical Kit","Letter Opener"],"card_choices":[{"not_picked":["Burning Pact","Wild Strike"],"picked":"Rampage"},{"not_picked":["Fire Breathing","Armaments"],"picked":"Thunderclap"},{"not_picked":["Combust","Anger"],"picked":"Shockwave"},{"not_picked":["Bloodletting","Clothesline"],"picked":"Cleave"},{"not_picked":["Brutality","Wild Strike"],"picked":"Twin Strike"},{"not_picked":["Entrench","Cleave"],"picked":"Perfected Strike"},{"not_picked":["Demon Form","Impervious"],"picked":"Offering"},{"not_picked":["Havoc","Shockwave"],"picked":"Flex"},{"not_picked":["Wild Strike","Combust"],"picked":"True Grit"},{"not_picked":["Warcry","Uppercut"],"picked":"Whirlwind"},{"not_picked":["Rampage","Warcry"],"picked":"Impervious"},{"not_picked":["True Grit","Wild Strike"],"picked":"Flex"},{"not_picked":["Sword Boomerang","Headbutt"],"picked":"Shrug It Off"},{"not_picked":["Shrug It Off","Dual Wield"],"picked":"Heavy Blade"},{"not_picked":["Sword Boomerang","Thunderclap"],"picked":"Limit Break"},{"not_picked":["Headbutt","Rampage"],"picked":"Battle Trance"}],"player_experience":421280,"potions_floor_usage":[50],"damage_taken":[{"damage":7.0,"enemies":"2 Louse","floor":1.0,"turns":3.0},{"damage":1.0,"enemies":"Cultist","floor":2.0,"turns":3.0},{"damage":7.0,"enemies":"Small Slimes","floor":5.0,"turns":3.0},{"damage":38.0,"enemies":"3 Sentries","floor":6.0,"turns":8.0},{"damage":21.0,"enemies":"Exordium Thugs","floor":8.0,"turns":4.0},{"damage":0.0,"enemies":"2 Fungi Beasts","floor":10.0,"turns":2.0},{"damage":24.0,"enemies":"Gremlin Nob","floor":11.0,"turns":4.0},{"damage":6.0,"enemies":"Red Slaver","floor":14.0,"turns":4.0},{"damage":57.0,"enemies":"The Guardian","floor":16.0,"turns":8.0},{"damage":28.0,"enemies":"Shell Parasite","floor":18.0,"turns":3.0},{"damage":25.0,"enemies":"Chosen","floor":21.0,"turns":3.0},{"damage":23.0,"enemies":"Centurion and Healer","floor":22.0,"turns":3.0},{"damage":20.0,"enemies":"Snake Plant","floor":24.0,"turns":3.0},{"damage":46.0,"enemies":"Gremlin Leader","floor":27.0,"turns":4.0},{"damage":8.0,"enemies":"Slaver and Parasite","floor":29.0,"turns":2.0},{"damage":13.0,"enemies":"Centurion and Healer","floor":30.0,"turns":5.0},{"damage":59.0,"enemies":"Automaton","floor":33.0,"turns":7.0},{"damage":22.0,"enemies":"3 Darklings","floor":35.0,"turns":4.0},{"damage":5.0,"enemies":"3 Shapes","floor":38.0,"turns":3.0},{"damage":30.0,"enemies":"2 Orb Walkers","floor":41.0,"turns":4.0},{"damage":36.0,"enemies":"Maw","floor":42.0,"turns":4.0},{"damage":21.0,"enemies":"4 Shapes","floor":45.0,"turns":4.0},{"damage":48.0,"enemies":"Giant Head","floor":47.0,"turns":6.0},{"damage":32.0,"enemies":"3 Darklings","floor":48.0,"turns":2.0},{"damage":61,"enemies":"Time Eater","floor":50,"turns":6}],"event_choices":[{"event_name":"Golden Shrine","player_choice":"Desecrate","floor":3.0,"damage_taken":0.0},{"event_name":"Golden Shrine","player_choice":"Pray","floor":19.0,"damage_taken":0.0},{"event_name":"The Mausoleum","player_choice":"Yes","floor":20.0,"damage_taken":0.0},{"event_name":"Transmorgrifier","player_choice":"Transform","floor":31.0,"damage_taken":0.0},{"event_name":"Mysterious Sphere","player_choice":"Ignore","floor":37.0,"damage_taken":0.0},{"event_name":"The Lab","player_choice":"Got Potions","floor":39.0,"damage_taken":0.0}],"boss_relics":[],"potions_floor_spawned":[1,5,11,14,22,27,29,30,33,35,41,45],"seed_played":"3505808167587962044","ascension_level":14,"is_trial":false}