{"gold_per_floor":[118,118,136,147,0,0,15,15,15,15,15,28,38,56,56,152,152,172,189,206,128,145,145,174,174],"floor_reached":25,"playtime":962,"items_purged":[],"score":271,"play_id":"5dd99e38-b9c2-4551-bb66-5254004985c3","local_time":"20180904190228","is_ascension_mode":true,"campfire_choices":[{"data":"1","floor":6,"key":"LIFT"},{"data":"2","floor":8,"key":"LIFT"},{"data":"Beam Cell","floor":10,"key":"SMITH"},{"floor":15,"key":"REST"},{"floor":23,"key":"REST"}],"neow_cost":"NONE","seed_source_timestamp":0,"circlet_count":0,"master_deck":["Strike_B","Strike_B","Defend_B+1","Defend_B","Defend_B","Zap+1","Dualcast","Sweeping Beam+1","BootSequence","Consume","Beam Cell+1","Creative AI","Streamline","Biased Cognition","Beam Cell+1","Chill+1","Storm+1","Self Repair","Sweeping Beam+1","Tempest","Hologram+1","Double Energy+1"],"special_seed":0,"relics":["Cracked Core","Girya","Oddly Smooth Stone","Unceasing Top","Astrolabe","Toxic Egg 2"],"potions_floor_usage":[16,20,24,24],"damage_taken":[{"damage":7.0,"enemies":"Small Slimes","floor":1.0,"turns":3.0},{"damage":2,"enemies":"Jaw Worm","floor":3,"turns":3},{"damage":1,"enemies":"Cultist","floor":4,"turns":3},{"damage":0,"enemies":"Large Slime","floor":7,"turns":4},{"damage":0,"enemies":"Looter","floor":12,"turns":2},{"damage":0,"enemies":"Blue Slaver","floor":13,"turns":2},{"damage":0,"enemies":"Exordium Thugs","floor":14,"turns":3},{"damage":30,"enemies":"The Guardian","floor":16,"turns":7},{"damage":11,"enemies":"2 Thieves","floor":18,"turns":4},{"damage":6,"enemies":"Shell Parasite","floor":19,"turns":5},{"damage":9,"enemies":"Chosen and Byrds","floor":20,"turns":5},{"damage":9,"enemies":"Centurion and Healer","floor":22,"turns":4},{"damage":25,"enemies":"Gremlin Leader","floor":24,"turns":8},{"damage":39,"enemies":"Snecko","floor":25,"turns":5}],"seed_played":"8454343223503314330","potions_obtained":[{"floor":4,"key":"SpeedPotion"},{"floor":13,"key":"GamblersBrew"},{"floor":14,"key":"PowerPotion"},{"floor":20,"key":"Explosive Potion"},{"floor":22,"key":"Fire Potion"}],"is_trial":false,"path_per_floor":["M","?","M","M","$","R","M","R","T","R","?","M","M","M","R","B",null,"M","M","M","$","M","R","E"],"character_chosen":"DEFECT","items_purchased":["Oddly Smooth Stone","Tempest"],"campfire_rested":2,"item_purchase_floors":[5,21],"current_hp_per_floor":[68,50,48,47,47,47,47,47,47,47,32,32,32,32,54,24,62,51,45,43,43,41,63,38,0],"gold":174,"neow_bonus":"UPGRADE_CARD","is_prod":false,"is_daily":false,"chose_seed":false,"campfire_upgraded":1,"win_rate":0,"timestamp":1536102148,"path_taken":["M","?","M","M","$","R","M","R","T","R","?","M","?","?","R","BOSS","M","M","M","$","?","R","E","M"],"build_version":"2018-08-30","purchased_purges":0,"victory":false,"max_hp_per_floor":[75,75,75,75,75,75,75,75,75,75,75,75,75,75,75,75,75,75,75,75,75,75,75,75,75],"card_choices":[{"not_picked":["Reinforced Body","Rebound"],"picked":"Sweeping Beam","floor":1},{"not_picked":["Double Energy","Heatsinks"],"picked":"BootSequence","floor":3},{"not_picked":["Coolheaded","Sweeping Beam"],"picked":"Consume","floor":4},{"not_picked":["Ball Lightning","Sunder"],"picked":"Beam Cell","floor":7},{"not_picked":["Ball Lightning","Redo"],"picked":"Creative AI","floor":12},{"not_picked":["Steam","Stack"],"picked":"Streamline","floor":13},{"not_picked":["Streamline","Coolheaded","Barrage"],"picked":"SKIP","floor":14},{"not_picked":["Hyperbeam","All For One"],"picked":"Biased Cognition","floor":16},{"not_picked":["White Noise","Coolheaded","Fusion"],"picked":"SKIP","floor":18},{"not_picked":["Turbo","Scrape+1"],"picked":"Self Repair","floor":19},{"not_picked":["Consume","Hello World"],"picked":"Sweeping Beam+1","floor":20},{"not_picked":["Turbo","Doom and Gloom"],"picked":"Hologram+1","floor":22},{"not_picked":["Conserve Battery","Cold Snap"],"picked":"Double Energy","floor":24}],"player_experience":507788,"relics_obtained":[{"floor":9,"key":"Unceasing Top"},{"floor":24,"key":"Toxic Egg 2"}],"event_choices":[{"event_name":"Scrap Ooze","player_choice":"success","floor":2,"damage_taken":18},{"event_name":"Shining Light","player_choice":"Entered Light","floor":11,"damage_taken":0}],"is_beta":false,"boss_relics":[{"not_picked":["FrozenCore","Fusion Hammer"],"picked":"Astrolabe"}],"items_purged_floors":[],"is_endless":false,"potions_floor_spawned":[4,13,14,20,22],"killed_by":"Snecko","ascension_level":5}