{"gold_per_floor":[119,64,214,289,305,305,319,319,373,373,406,406,417,433,433,507,507,520,215,215,225,225,225],"floor_reached":23,"playtime":575,"items_purged":[],"score":369,"play_id":"51858c54-5d87-4163-8485-bfe8a1a4ad20","local_time":"20190122145949","is_ascension_mode":true,"campfire_choices":[{"data":"Endless Agony","floor":6,"key":"SMITH"},{"data":"Neutralize","floor":10,"key":"SMITH"},{"floor":12,"key":"REST"},{"floor":15,"key":"REST"}],"neow_cost":"CURSE","seed_source_timestamp":373021011735562,"circlet_count":0,"master_deck":["AscendersBane","Defend_G","Defend_G","Defend_G","Defend_G","Defend_G","Strike_G","Strike_G","Strike_G","Strike_G","Strike_G+1","Survivor","Neutralize+1","Regret","Slice+1","Blade Dance+1","Doubt","Endless Agony+1","Corpse Explosion","Dash","Envenom","Blade Dance","Blade Dance","Backflip+1"],"relics":["Ring of the Snake","Du-Vu Doll","Potion Belt","Whetstone","Eternal Feather","Bottled Lightning"],"potions_floor_usage":[11,16,18,23],"damage_taken":[{"damage":7,"enemies":"Cultist","floor":1,"turns":4},{"damage":2,"enemies":"2 Louse","floor":5,"turns":3},{"damage":2,"enemies":"Small Slimes","floor":7,"turns":2},{"damage":18,"enemies":"Lagavulin","floor":11,"turns":6},{"damage":6,"enemies":"Blue Slaver","floor":13,"turns":2},{"damage":4,"enemies":"Exordium Wildlife","floor":14,"turns":2},{"damage":28,"enemies":"Slime Boss","floor":16,"turns":8},{"damage":0,"enemies":"Chosen","floor":18,"turns":3},{"damage":12,"enemies":"Shell Parasite","floor":21,"turns":2},{"damage":43,"enemies":"Snake Plant","floor":23,"turns":4}],"seed_played":"-4217587047121467915","potions_obtained":[{"floor":5,"key":"PowerPotion"},{"floor":11,"key":"Weak Potion"},{"floor":14,"key":"PowerPotion"},{"floor":16,"key":"GamblersBrew"}],"is_trial":false,"path_per_floor":["M","$","?","?","M","R","M","?","T","R","E","R","M","M","R","B",null,"M","$","?","M","$","M"],"character_chosen":"THE_SILENT","items_purchased":["Blade Dance","Blade Dance","Bottled Lightning"],"campfire_rested":2,"item_purchase_floors":[2,19,19],"current_hp_per_floor":[52,52,52,41,39,39,37,37,37,37,19,38,32,28,47,19,54,54,54,54,42,42,0],"gold":225,"neow_bonus":"ONE_RARE_RELIC","is_prod":false,"is_daily":false,"chose_seed":false,"campfire_upgraded":2,"win_rate":0,"timestamp":1548187189,"path_taken":["M","$","?","?","M","R","M","?","T","R","E","R","M","?","R","BOSS","M","$","?","M","$","M"],"build_version":"2019-01-17v2","purchased_purges":0,"victory":false,"max_hp_per_floor":[66,66,66,66,66,66,66,66,66,66,66,66,66,66,66,66,66,66,66,66,66,66,66],"card_choices":[{"not_picked":["PiercingWail","Setup"],"picked":"Slice","floor":1},{"not_picked":["Acrobatics","Masterful Stab"],"picked":"Endless Agony","floor":5},{"not_picked":["Poisoned Stab","Slice","Blur"],"picked":"SKIP","floor":7},{"not_picked":["Finisher","Flying Knee"],"picked":"Corpse Explosion","floor":11},{"not_picked":["Outmaneuver","Bane"],"picked":"Dash","floor":13},{"not_picked":["Poisoned Stab","Dash","Caltrops"],"picked":"SKIP","floor":14},{"not_picked":["Die Die Die","Malaise"],"picked":"Envenom","floor":16},{"not_picked":["Flying Knee","Quick Slash+1","Bane"],"picked":"SKIP","floor":18},{"not_picked":["Predator","Cloak And Dagger"],"picked":"Backflip+1","floor":21}],"player_experience":803801,"relics_obtained":[{"floor":9,"key":"Potion Belt"},{"floor":11,"key":"Whetstone"}],"event_choices":[{"damage_healed":0,"gold_gain":150,"player_choice":"AGREE","damage_taken":0,"max_hp_gain":0,"max_hp_loss":0,"event_name":"Liars Game","floor":3,"gold_loss":0,"cards_obtained":["Doubt"]},{"damage_healed":0,"gold_gain":75,"player_choice":"Gather Gold","damage_taken":11,"max_hp_gain":0,"max_hp_loss":0,"event_name":"World of Goop","floor":4,"gold_loss":0},{"damage_healed":0,"gold_gain":0,"player_choice":"Forge","damage_taken":0,"max_hp_gain":0,"max_hp_loss":0,"event_name":"Accursed Blacksmith","floor":8,"gold_loss":0,"cards_upgraded":["Blade Dance"]},{"damage_healed":0,"gold_gain":0,"player_choice":"Read","damage_taken":0,"max_hp_gain":0,"max_hp_loss":0,"event_name":"The Library","floor":20,"gold_loss":0,"cards_obtained":["Blade Dance"]}],"is_beta":false,"boss_relics":[{"not_picked":["Runic Dome","Busted Crown"],"picked":"Eternal Feather"}],"items_purged_floors":[],"is_endless":false,"potions_floor_spawned":[5,11,14,16],"killed_by":"Snake Plant","ascension_level":19}