{"gold_per_floor":[116,27,27,38,188,188,24,24,24,57,76,94,123,123,123,123],"floor_reached":16,"playtime":323,"items_purged":["Doubt"],"score":266,"play_id":"8cbdb102-6022-4f42-95db-b3383b05921b","local_time":"20190317085022","is_ascension_mode":true,"campfire_choices":[{"data":"Noxious Fumes","floor":6,"key":"SMITH"},{"data":"Cloak And Dagger","floor":8,"key":"SMITH"},{"floor":15,"key":"REST"}],"neow_cost":"NONE","seed_source_timestamp":399846603950578,"circlet_count":0,"master_deck":["AscendersBane","Defend_G","Defend_G","Defend_G","Defend_G","Defend_G","Strike_G","Strike_G","Strike_G","Strike_G","Strike_G","Survivor","Neutralize","Noxious Fumes+1","Accuracy","Cloak And Dagger+1","Accuracy","Noxious Fumes","Catalyst"],"relics":["Ring of the Snake","NeowsBlessing","Bag of Marbles","Lantern","Letter Opener"],"potions_floor_usage":[13,13],"damage_taken":[{"damage":0,"enemies":"Jaw Worm","floor":1,"turns":1},{"damage":0,"enemies":"Small Slimes","floor":4,"turns":1},{"damage":0,"enemies":"Gremlin Nob","floor":10,"turns":1},{"damage":1,"enemies":"2 Louse","floor":11,"turns":2},{"damage":18,"enemies":"Large Slime","floor":12,"turns":4},{"damage":27,"enemies":"Lagavulin","floor":13,"turns":5},{"damage":34,"enemies":"Slime Boss","floor":16,"turns":8}],"seed_played":"6256588951662795288","potions_obtained":[{"floor":4,"key":"FearPotion"},{"floor":11,"key":"EssenceOfSteel"},{"floor":12,"key":"Explosive Potion"}],"is_trial":false,"path_per_floor":["M","$","?","M","?","R","$","R","T","E","M","M","E","?","R","B"],"character_chosen":"THE_SILENT","items_purchased":["Accuracy","Accuracy"],"campfire_rested":1,"item_purchase_floors":[2,7],"current_hp_per_floor":[59,59,59,59,59,59,59,59,59,59,58,40,13,13,32,0],"gold":123,"neow_bonus":"THREE_ENEMY_KILL","is_prod":false,"is_daily":false,"chose_seed":false,"campfire_upgraded":2,"win_rate":0,"timestamp":1552827022,"path_taken":["M","$","?","M","?","R","?","R","T","E","M","M","E","?","R","BOSS"],"build_version":"2019-01-23","purchased_purges":1,"victory":false,"max_hp_per_floor":[66,66,66,66,66,66,66,66,66,66,66,66,66,66,66,66],"card_choices":[{"not_picked":["Dodge and Roll","Slice"],"picked":"Noxious Fumes","floor":1},{"not_picked":["Acrobatics","Prepared"],"picked":"Cloak And Dagger","floor":4},{"not_picked":["Prepared","Quick Slash","Sucker Punch"],"picked":"SKIP","floor":10},{"not_picked":["Accuracy","Dash"],"picked":"Noxious Fumes","floor":11},{"not_picked":["Expertise","Quick Slash"],"picked":"Catalyst","floor":12},{"not_picked":["Slice","Underhanded Strike","Dagger Spray"],"picked":"SKIP","floor":13}],"player_experience":872886,"relics_obtained":[{"floor":9,"key":"Bag of Marbles"},{"floor":10,"key":"Lantern"},{"floor":13,"key":"Letter Opener"}],"event_choices":[{"damage_healed":0,"gold_gain":0,"player_choice":"Fled","damage_taken":0,"max_hp_gain":0,"max_hp_loss":0,"event_name":"Scrap Ooze","floor":3,"gold_loss":0},{"damage_healed":0,"gold_gain":150,"player_choice":"AGREE","damage_taken":0,"max_hp_gain":0,"max_hp_loss":0,"event_name":"Liars Game","floor":5,"gold_loss":0,"cards_obtained":["Doubt"]},{"damage_healed":0,"gold_gain":0,"player_choice":"Ignored","damage_taken":0,"max_hp_gain":0,"max_hp_loss":0,"event_name":"Golden Wing","floor":14,"gold_loss":0}],"is_beta":false,"boss_relics":[],"items_purged_floors":[7],"is_endless":false,"potions_floor_spawned":[4,11,12],"killed_by":"Slime Boss","ascension_level":20}