{"gold_per_floor":[365,16,91,22,37,37,55,55,55,55,89,101,288,315,327,469,481,516,553,565,577],"floor_reached":21,"playtime":1096,"items_purged":[],"score":248,"play_id":"0d49e73c-f9c6-4e4d-bc3c-5da7ae5549cf","local_time":"20190401222808","is_ascension_mode":true,"campfire_choices":[{"floor":6,"key":"REST"},{"data":"Mayhem","floor":8,"key":"SMITH"},{"data":"Caltrops","floor":12,"key":"SMITH"},{"floor":15,"key":"REST"}],"neow_cost":"PERCENT_DAMAGE","seed_source_timestamp":1690426467576428,"circlet_count":0,"master_deck":["Defend_G","Defend_G","Defend_G","Defend_G","Defend_G","Strike_G","Strike_G","Strike_G","Strike_G","Strike_G","Survivor","Neutralize","Caltrops+1","Mayhem+1","Infinite Blades","Dash","Dagger Spray","Caltrops","Injury","Endless Agony","Doubt","Setup","Tools of the Trade","Underhanded Strike+1","Underhanded Strike+1"],"relics":["Ring of the Serpent","Lantern","Golden Idol","MawBank","Regal Pillow"],"potions_floor_usage":[11,16,16,21],"damage_taken":[{"damage":8,"enemies":"Small Slimes","floor":1,"turns":5},{"damage":0,"enemies":"2 Louse","floor":5,"turns":3},{"damage":1,"enemies":"Jaw Worm","floor":7,"turns":4},{"damage":7,"enemies":"Lagavulin","floor":11,"turns":10},{"damage":12,"enemies":"Exordium Wildlife","floor":14,"turns":4},{"damage":30,"enemies":"Slime Boss","floor":16,"turns":9},{"damage":10,"enemies":"Chosen","floor":18,"turns":5},{"damage":20,"enemies":"Shell Parasite","floor":19,"turns":6},{"damage":28,"enemies":"Snake Plant","floor":21,"turns":3}],"seed_played":"-7446768400776190072","potions_obtained":[{"floor":5,"key":"EssenceOfSteel"},{"floor":7,"key":"AttackPotion"},{"floor":14,"key":"Energy Potion"},{"floor":19,"key":"PowerPotion"}],"is_trial":false,"path_per_floor":["M","$","?","$","M","R","M","R","T","?","E","R","?","M","R","B",null,"M","M","?","M"],"character_chosen":"THE_SILENT","items_purchased":["Lantern","Mayhem","Infinite Blades","Dash"],"campfire_rested":2,"item_purchase_floors":[2,2,2,4],"current_hp_per_floor":[37,37,26,26,26,47,46,46,46,46,39,39,39,27,48,18,57,47,27,27,0],"gold":577,"neow_bonus":"TWO_FIFTY_GOLD","is_prod":false,"is_daily":false,"chose_seed":false,"campfire_upgraded":2,"win_rate":0,"timestamp":1554182888,"path_taken":["M","$","?","$","M","R","M","R","T","?","E","R","?","M","R","BOSS","M","M","?","M"],"build_version":"2019-01-23","purchased_purges":0,"victory":false,"max_hp_per_floor":[70,70,70,70,70,70,70,70,70,70,70,70,70,70,70,70,70,70,70,70,70],"card_choices":[{"not_picked":["Blade Dance","Deflect"],"picked":"Caltrops","floor":1},{"not_picked":["Slice","Leg Sweep"],"picked":"Dagger Spray","floor":5},{"not_picked":["Prepared","Eviscerate"],"picked":"Caltrops","floor":7},{"not_picked":["Dagger Spray","Poisoned Stab"],"picked":"Endless Agony","floor":11},{"not_picked":["Reflex","Acrobatics"],"picked":"Setup","floor":14},{"not_picked":["Doppelganger","Die Die Die"],"picked":"Tools of the Trade","floor":16},{"not_picked":["Reflex","Acrobatics"],"picked":"Underhanded Strike+1","floor":18},{"not_picked":["Blade Dance","Prepared"],"picked":"Underhanded Strike+1","floor":19}],"player_experience":443775,"relics_obtained":[{"floor":11,"key":"MawBank"}],"event_choices":[{"damage_healed":0,"gold_gain":75,"player_choice":"Gather Gold","damage_taken":11,"max_hp_gain":0,"max_hp_loss":0,"event_name":"World of Goop","floor":3,"gold_loss":0},{"damage_healed":0,"gold_gain":0,"player_choice":"Take Wound","damage_taken":0,"relics_obtained":["Golden Idol"],"max_hp_gain":0,"max_hp_loss":0,"event_name":"Golden Idol","floor":10,"gold_loss":0,"cards_obtained":["Injury"]},{"damage_healed":0,"gold_gain":175,"player_choice":"AGREE","damage_taken":0,"max_hp_gain":0,"max_hp_loss":0,"event_name":"Liars Game","floor":13,"gold_loss":0,"cards_obtained":["Doubt"]},{"damage_healed":0,"gold_gain":0,"player_choice":"Opened","damage_taken":0,"relics_obtained":["Regal Pillow"],"max_hp_gain":0,"max_hp_loss":0,"event_name":"The Mausoleum","floor":20,"gold_loss":0}],"is_beta":false,"boss_relics":[{"not_picked":["Lizard Tail","Eternal Feather"],"picked":"Ring of the Serpent"}],"items_purged_floors":[],"is_endless":false,"potions_floor_spawned":[5,7,14,19],"killed_by":"Snake Plant","ascension_level":8}