{"gold_per_floor":[113,113,113,129,129,129,141,141,168,194,209,219,219,64,64,138,138,155,155,155,169,169],"floor_reached":22,"playtime":654,"items_purged":[],"score":368,"play_id":"6317849d-46e4-46b4-9c46-c7e68ed4666e","local_time":"20190423074447","is_ascension_mode":true,"campfire_choices":[{"data":"Tempest","floor":6,"key":"SMITH"},{"data":"Hologram","floor":8,"key":"SMITH"},{"data":"Dualcast","floor":13,"key":"SMITH"},{"data":"Thunder Strike","floor":15,"key":"SMITH"}],"neow_cost":"NONE","seed_source_timestamp":258876418467416,"circlet_count":0,"master_deck":["AscendersBane","Strike_B","Strike_B","Strike_B","Strike_B","Defend_B","Defend_B","Defend_B","Defend_B","Zap+1","Dualcast+1","Deep Breath","Conserve Battery","Tempest+1","Hologram+1","Glacier","Thunder Strike+1","Machine Learning","Capacitor","Beam Cell","Core Surge","FTL"],"relics":["Cracked Core","Boot","Pantograph","Orrery"],"potions_floor_usage":[10,12,16,22],"damage_taken":[{"damage":8,"enemies":"Small Slimes","floor":1,"turns":3},{"damage":0,"enemies":"Jaw Worm","floor":4,"turns":4},{"damage":0,"enemies":"Cultist","floor":7,"turns":3},{"damage":11,"enemies":"Gremlin Nob","floor":10,"turns":3},{"damage":5,"enemies":"Blue Slaver","floor":11,"turns":3},{"damage":0,"enemies":"3 Louse","floor":12,"turns":1},{"damage":50,"enemies":"Hexaghost","floor":16,"turns":8},{"damage":3,"enemies":"Chosen","floor":18,"turns":4},{"damage":31,"enemies":"Shell Parasite","floor":21,"turns":8},{"damage":37,"enemies":"Centurion and Healer","floor":22,"turns":5}],"seed_played":"407209070056757528","potions_obtained":[{"floor":1,"key":"FocusPotion"},{"floor":10,"key":"Explosive Potion"},{"floor":12,"key":"LiquidBronze"},{"floor":21,"key":"PowerPotion"}],"is_trial":false,"path_per_floor":["M","?","?","M","$","R","M","R","T","E","M","M","R","$","R","B",null,"M","?","$","M","M"],"character_chosen":"DEFECT","items_purchased":["Thunder Strike"],"campfire_rested":0,"item_purchase_floors":[14],"current_hp_per_floor":[56,56,56,56,56,56,56,56,56,45,40,40,40,40,40,15,57,54,54,54,23,0],"gold":169,"neow_bonus":"RANDOM_COLORLESS","is_prod":false,"is_daily":false,"chose_seed":false,"campfire_upgraded":4,"win_rate":0,"timestamp":1556019887,"path_taken":["M","?","?","M","$","R","M","R","T","E","M","M","R","$","R","BOSS","M","?","$","?","M"],"build_version":"2019-01-23","purchased_purges":0,"victory":false,"max_hp_per_floor":[71,71,71,71,71,71,71,71,71,71,71,71,71,71,71,71,71,71,71,71,71,71],"card_choices":[{"not_picked":["Stack","Steam"],"picked":"Conserve Battery","floor":1},{"not_picked":["Steam Power","Turbo"],"picked":"Tempest","floor":4},{"not_picked":["Turbo","Redo"],"picked":"Hologram","floor":7},{"not_picked":["Multi-Cast","Stack"],"picked":"Glacier","floor":10},{"not_picked":["Rebound","Redo","Force Field"],"picked":"SKIP","floor":11},{"not_picked":["Steam Power","Blizzard","Redo"],"picked":"SKIP","floor":12},{"not_picked":["Hyperbeam","Meteor Strike"],"picked":"Machine Learning","floor":16},{"not_picked":["Conserve Battery","Rebound"],"picked":"Capacitor","floor":17},{"not_picked":["Stack","Redo"],"picked":"Beam Cell","floor":17},{"not_picked":["Cold Snap","Coolheaded"],"picked":"Core Surge","floor":17},{"not_picked":["Streamline","Storm"],"picked":"FTL","floor":18},{"not_picked":["Rebound","Streamline+1","Hologram"],"picked":"SKIP","floor":21}],"player_experience":922812,"relics_obtained":[{"floor":9,"key":"Boot"},{"floor":10,"key":"Pantograph"}],"event_choices":[{"damage_healed":0,"gold_gain":0,"player_choice":"Grow","damage_taken":0,"max_hp_gain":0,"max_hp_loss":0,"event_name":"Living Wall","floor":2,"gold_loss":0,"cards_upgraded":["Zap"]},{"damage_healed":0,"gold_gain":0,"player_choice":"Leave","damage_taken":0,"max_hp_gain":0,"max_hp_loss":0,"event_name":"The Cleric","floor":3,"gold_loss":0},{"damage_healed":0,"gold_gain":0,"player_choice":"Leave","damage_taken":0,"max_hp_gain":0,"max_hp_loss":0,"event_name":"FaceTrader","floor":19,"gold_loss":0}],"is_beta":false,"boss_relics":[{"not_picked":["Cursed Key","Black Star"],"picked":"Orrery"}],"items_purged_floors":[],"is_endless":false,"potions_floor_spawned":[1,10,12,21],"killed_by":"Centurion and Healer","ascension_level":20}