{"gold_per_floor":[114,114,124,15,35,35,70,70,96,96,171,189,189,40,40,137,137,147,22,33,49,49,49,77,77,77,94,94,119,137,149,149,251,251,264,94,113,162,175,175,190,190,190,201,221,221,221,221,221,221],"floor_reached":51,"playtime":2772,"items_purged":["Strike_B","Strike_B","Defend_B"],"score":1052,"play_id":"51667696-c16e-4ed1-b4fd-6e652993fb2f","local_time":"20180819105130","is_ascension_mode":true,"campfire_choices":[{"data":"Redo","floor":6.0,"key":"SMITH"},{"data":"Coolheaded","floor":8.0,"key":"SMITH"},{"data":"Zap","floor":10.0,"key":"SMITH"},{"floor":15.0,"key":"REST"},{"data":"Streamline","floor":23.0,"key":"SMITH"},{"data":"Dualcast","floor":25.0,"key":"SMITH"},{"floor":28.0,"key":"REST"},{"floor":32.0,"key":"REST"},{"data":"Defragment","floor":40,"key":"SMITH"},{"floor":42,"key":"REST"},{"data":"Capacitor","floor":46,"key":"SMITH"},{"floor":49,"key":"REST"}],"neow_cost":"TEN_PERCENT_HP_LOSS","seed_source_timestamp":215204394663794,"circlet_count":0,"master_deck":["Strike_B","Defend_B+1","Defend_B","Zap+1","Dualcast+1","Redo+1","Blizzard","Streamline+1","Cold Snap","Capacitor+1","Coolheaded+1","Go for the Eyes+1","FTL","Echo Form","Steam+1","Scrape","Beam Cell+1","Impatience","Defragment+1","Loop+1","Double Energy+1","Ball Lightning","Fusion+1"],"special_seed":0,"relics":["Cracked Core","Orichalcum","Juzu Bracelet","Runic Dome","Regal Pillow","Potion Belt","Unceasing Top","Sozu","Bronze Scales","Incense Burner","Ice Cream"],"potions_floor_usage":[50],"damage_taken":[{"damage":7.0,"enemies":"Jaw Worm","floor":1.0,"turns":3.0},{"damage":5.0,"enemies":"2 Louse","floor":3.0,"turns":3.0},{"damage":4.0,"enemies":"Cultist","floor":5.0,"turns":4.0},{"damage":24.0,"enemies":"Lagavulin","floor":7.0,"turns":5.0},{"damage":2.0,"enemies":"2 Fungi Beasts","floor":12.0,"turns":3.0},{"damage":8.0,"enemies":"Hexaghost","floor":16.0,"turns":11.0},{"damage":2.0,"enemies":"Chosen","floor":18.0,"turns":5.0},{"damage":0.0,"enemies":"Shell Parasite","floor":20.0,"turns":5.0},{"damage":23.0,"enemies":"Sentry and Sphere","floor":21.0,"turns":6.0},{"damage":4.0,"enemies":"Book of Stabbing","floor":24.0,"turns":6.0},{"damage":13.0,"enemies":"Snake Plant","floor":27.0,"turns":4.0},{"damage":32.0,"enemies":"Gremlin Leader","floor":29.0,"turns":5.0},{"damage":17.0,"enemies":"Centurion and Healer","floor":30.0,"turns":5.0},{"damage":6.0,"enemies":"Sentry and Sphere","floor":31.0,"turns":4.0},{"damage":10.0,"enemies":"Champ","floor":33.0,"turns":8.0},{"damage":17.0,"enemies":"Flame Bruiser 1 Orb","floor":35.0,"turns":5.0},{"damage":9,"enemies":"Orb Walker","floor":37,"turns":4},{"damage":0,"enemies":"Maw","floor":39,"turns":5},{"damage":14,"enemies":"Flame Bruiser 2 Orb","floor":41,"turns":3},{"damage":26,"enemies":"4 Shapes","floor":44,"turns":3},{"damage":0,"enemies":"Maw","floor":45,"turns":5},{"damage":1,"floor":47,"turns":5},{"damage":13,"enemies":"Awakened One","floor":50,"turns":7}],"seed_played":"-969444885137887528","potions_obtained":[{"floor":5.0,"key":"Poison Potion"},{"floor":7.0,"key":"Weak Potion"},{"floor":18.0,"key":"Fruit Juice"},{"floor":21.0,"key":"Regen Potion"},{"floor":30.0,"key":"PowerPotion"},{"floor":31.0,"key":"GamblersBrew"},{"floor":33.0,"key":"Dexterity Potion"}],"is_trial":false,"path_per_floor":["M","?","M","$","M","R","E","R","T","R","?","M","?","$","R","B",null,"M","$","M","M","?","R","E","R","T","M","R","E","M","M","R","B",null,"M","$","M","T","M","R","M","R","T","M","M","R","?","?","R","B"],"character_chosen":"DEFECT","items_purchased":["Capacitor","Block Potion","Impatience","Defragment"],"campfire_rested":5,"item_purchase_floors":[4,14,36,36],"current_hp_per_floor":[61,66,61,61,57,57,33,33,33,33,26,24,9,9,30,22,60,58,58,58,40,33,33,44,44,44,31,69,37,20,14,52,42,69,52,52,43,43,43,43,29,67,67,41,41,41,40,40,78,65],"gold":221,"neow_bonus":"TRANSFORM_TWO_CARDS","is_prod":false,"is_daily":false,"chose_seed":false,"campfire_upgraded":7,"win_rate":0,"timestamp":1534647090,"path_taken":["M","?","M","$","M","R","E","R","T","R","?","M","?","$","R","BOSS","M","$","M","M","?","R","E","R","T","M","R","E","M","M","R","BOSS","M","$","M","?","M","R","M","R","T","M","M","R","?","?","R","BOSS"],"build_version":"2018-08-16","purchased_purges":3,"victory":true,"max_hp_per_floor":[68,73,73,73,73,73,73,73,73,73,73,73,73,73,73,73,73,73,73,73,78,78,78,78,78,78,78,78,78,78,78,78,78,78,78,78,78,78,78,78,78,78,78,78,78,78,78,78,78,78],"card_choices":[{"not_picked":["Sweeping Beam","Force Field"],"picked":"Streamline","floor":1.0},{"not_picked":["Genetic Algorithm","Redo"],"picked":"Cold Snap","floor":3.0},{"not_picked":["Cold Snap","Steam"],"picked":"Coolheaded","floor":5.0},{"not_picked":["Tempest","Compile Driver"],"picked":"Go for the Eyes","floor":7.0},{"not_picked":["Steam","Thunder Strike"],"picked":"FTL","floor":12.0},{"not_picked":["Buffer","Thunder Strike"],"picked":"Echo Form","floor":16.0},{"not_picked":["Barrage+1","Streamline+1"],"picked":"Steam+1","floor":18.0},{"not_picked":["Steam+1","Streamline","Cold Snap+1"],"picked":"SKIP","floor":20.0},{"not_picked":["Hologram","Creative AI","Leap"],"picked":"SKIP","floor":21.0},{"not_picked":["Genetic Algorithm","Consume"],"picked":"Scrape","floor":24.0},{"not_picked":["Go for the Eyes","Hello World"],"picked":"Beam Cell+1","floor":27.0},{"not_picked":["Biased Cognition","Recycle+1","Rebound"],"picked":"SKIP","floor":29.0},{"not_picked":["Heatsinks+1","Compile Driver","Sweeping Beam"],"picked":"SKIP","floor":30.0},{"not_picked":["Coolheaded","Blizzard+1","Cold Snap"],"picked":"SKIP","floor":31.0},{"not_picked":["Aggregate+1","Go for the Eyes","Genetic Algorithm"],"picked":"SKIP","floor":35.0},{"not_picked":["Skim","Hologram+1"],"picked":"Loop+1","floor":37},{"not_picked":["Barrage+1","Genetic Algorithm+1"],"picked":"Double Energy+1","floor":39},{"not_picked":["Blizzard+1","Consume","Go for the Eyes+1"],"picked":"SKIP","floor":41},{"not_picked":["Steam Power+1","Hologram+1","Leap"],"picked":"SKIP","floor":44},{"not_picked":["Coolheaded+1","Lockon"],"picked":"Ball Lightning","floor":45},{"not_picked":["Genetic Algorithm+1","Go for the Eyes"],"picked":"Fusion+1","floor":47}],"player_experience":347360,"relics_obtained":[{"floor":7.0,"key":"Orichalcum"},{"floor":9.0,"key":"Juzu Bracelet"},{"floor":24.0,"key":"Regal Pillow"},{"floor":26.0,"key":"Potion Belt"},{"floor":29.0,"key":"Unceasing Top"},{"floor":38,"key":"Bronze Scales"},{"floor":43,"key":"Incense Burner"},{"floor":47,"key":"Ice Cream"}],"event_choices":[{"event_name":"Big Fish","player_choice":"Donut","floor":2.0,"damage_taken":0.0},{"event_name":"FaceTrader","player_choice":"Touch","floor":11.0,"damage_taken":0.0},{"event_name":"Shining Light","player_choice":"Entered Light","floor":13.0,"damage_taken":0.0},{"event_name":"Knowing Skull","player_choice":"","floor":22.0,"damage_taken":0.0},{"event_name":"MindBloom","player_choice":"Fight","floor":47,"damage_taken":0},{"event_name":"The Lab","player_choice":"Got Potions","floor":48,"damage_taken":0}],"is_beta":false,"boss_relics":[{"not_picked":["Calling Bell","Runic Pyramid"],"picked":"Runic Dome"},{"not_picked":["White Beast Statue","Astrolabe"],"picked":"Sozu"}],"items_purged_floors":[4,14,19],"is_endless":false,"potions_floor_spawned":[5,7,18,21,30,31,33,41,45],"ascension_level":8}