{"gold_per_floor":[116,116,116,116,131,158,173,173,173,173,60,60,60,70,70,145,145,156,156,171,188,188,188,188],"floor_reached":24,"playtime":558,"items_purged":["Strike_G"],"score":383,"play_id":"e105c90b-9508-4ee2-9345-aa5ffae28749","local_time":"20190304174553","is_ascension_mode":true,"campfire_choices":[{"data":"Neutralize","floor":8,"key":"SMITH"},{"data":"Acrobatics","floor":10,"key":"SMITH"},{"data":"Skewer","floor":12,"key":"SMITH"},{"data":"Backstab","floor":15,"key":"SMITH"},{"data":"Phantasmal Killer","floor":23,"key":"SMITH"}],"neow_cost":"NONE","seed_source_timestamp":168926283401891,"circlet_count":0,"master_deck":["AscendersBane","Defend_G","Defend_G","Defend_G","Defend_G+1","Defend_G","Strike_G","Strike_G","Strike_G","Survivor","Neutralize+1","Acrobatics+1","Backstab+1","Backflip+1","Skewer+1","Phantasmal Killer+1","Concentrate+1"],"relics":["Ring of the Snake","NeowsBlessing","Dodecahedron","Busted Crown"],"potions_floor_usage":[16,24],"damage_taken":[{"damage":0,"enemies":"2 Louse","floor":1,"turns":1},{"damage":0,"enemies":"Small Slimes","floor":5,"turns":1},{"damage":0,"enemies":"Lagavulin","floor":6,"turns":1},{"damage":0,"enemies":"Cultist","floor":7,"turns":5},{"damage":0,"enemies":"Looter","floor":14,"turns":4},{"damage":25,"enemies":"The Guardian","floor":16,"turns":19},{"damage":4,"enemies":"Spheric Guardian","floor":18,"turns":4},{"damage":14,"enemies":"2 Thieves","floor":20,"turns":3},{"damage":10,"enemies":"Shelled Parasite and Fungi","floor":21,"turns":8},{"damage":29,"enemies":"3 Cultists","floor":24,"turns":5}],"seed_played":"807048896716803841","potions_obtained":[{"floor":5,"key":"EssenceOfSteel"},{"floor":7,"key":"AttackPotion"},{"floor":19,"key":"AttackPotion"}],"is_trial":false,"path_per_floor":["M","?","?","?","M","E","M","R","T","R","$","R","?","M","R","B",null,"M","?","M","M","?","R","M"],"character_chosen":"THE_SILENT","items_purchased":["Skewer"],"campfire_rested":0,"item_purchase_floors":[11],"current_hp_per_floor":[59,59,52,57,57,57,57,57,57,57,57,57,36,36,36,11,56,52,52,38,28,28,28,0],"gold":188,"neow_bonus":"THREE_ENEMY_KILL","is_prod":false,"is_daily":false,"chose_seed":false,"campfire_upgraded":5,"win_rate":0,"timestamp":1551692753,"path_taken":["M","?","?","?","M","E","M","R","T","R","$","R","?","M","R","BOSS","M","?","?","M","?","R","M"],"build_version":"2019-01-23","purchased_purges":1,"victory":false,"max_hp_per_floor":[66,66,66,71,71,71,71,71,71,71,71,71,71,71,71,71,71,71,71,71,71,71,71,71],"card_choices":[{"not_picked":["Cloak And Dagger","Dagger Spray"],"picked":"Acrobatics","floor":1},{"not_picked":["Outmaneuver","Acrobatics"],"picked":"Backstab","floor":5},{"not_picked":["Caltrops","Heel Hook","Quick Slash"],"picked":"SKIP","floor":6},{"not_picked":["Choke","PiercingWail"],"picked":"Backflip","floor":7},{"not_picked":["Blade Dance","PiercingWail","Cloak And Dagger"],"picked":"SKIP","floor":14},{"not_picked":["After Image","Bullet Time"],"picked":"Phantasmal Killer","floor":16},{"not_picked":["Dodge and Roll"],"picked":"SKIP","floor":18},{"not_picked":[],"picked":"Concentrate+1","floor":20},{"not_picked":["Accuracy"],"picked":"SKIP","floor":21}],"player_experience":1109361,"relics_obtained":[{"floor":6,"key":"Dodecahedron"}],"event_choices":[{"damage_healed":0,"gold_gain":0,"player_choice":"Ignored","damage_taken":0,"max_hp_gain":0,"max_hp_loss":0,"event_name":"Liars Game","floor":2,"gold_loss":0},{"cards_removed":["Strike_G"],"damage_healed":0,"gold_gain":0,"player_choice":"Card Removal","damage_taken":7,"max_hp_gain":0,"max_hp_loss":0,"event_name":"Golden Wing","floor":3,"gold_loss":0},{"damage_healed":0,"gold_gain":0,"player_choice":"Donut","damage_taken":0,"max_hp_gain":5,"max_hp_loss":0,"event_name":"Big Fish","floor":4,"gold_loss":0},{"damage_healed":0,"gold_gain":0,"player_choice":"Entered Light","damage_taken":21,"max_hp_gain":0,"max_hp_loss":0,"event_name":"Shining Light","floor":13,"gold_loss":0,"cards_upgraded":["Backflip","Defend_G"]},{"damage_healed":0,"gold_gain":0,"player_choice":"Got Potions","damage_taken":0,"max_hp_gain":0,"max_hp_loss":0,"event_name":"Lab","floor":19,"gold_loss":0},{"damage_healed":0,"gold_gain":0,"player_choice":"Ignored","damage_taken":0,"max_hp_gain":0,"max_hp_loss":0,"event_name":"Ghosts","floor":22,"gold_loss":0}],"is_beta":false,"boss_relics":[{"not_picked":["Fusion Hammer","Velvet Choker"],"picked":"Busted Crown"}],"items_purged_floors":[11],"is_endless":false,"potions_floor_spawned":[5,7,20],"killed_by":"3 Cultists","ascension_level":15}