{"gold_per_floor":[115,115,130,130,145,181,181,212,212,68,88,88,132,151,151,280,280,301,301,400,14,37,70,70,114,114,44,60,76,95,10,10,131,131,144,157,157,177,177,177],"floor_reached":40,"playtime":2041,"items_purged":["Strike_B"],"score":580,"play_id":"4e92cf04-637a-4d7f-85fa-369a5c31f89f","local_time":"20180821105847","is_ascension_mode":true,"campfire_choices":[{"floor":7,"key":"REST"},{"floor":12,"key":"REST"},{"floor":15,"key":"REST"},{"floor":32,"key":"REST"}],"neow_cost":"","seed_source_timestamp":55316512114918,"circlet_count":0,"master_deck":["Strike_B+1","Strike_B+1","Defend_B","Defend_B","Defend_B","Zap","Dualcast","Glacier","Go for the Eyes","BootSequence","Sunder","Trip","Storm","Loop","White Noise","Core Surge+1","Conserve Battery","Recycle","Fission","Consume","Turbo+1","Defragment","Amplify","Go for the Eyes+1","Auto Shields+1","Coolheaded+1","Consume+1","Ball Lightning+1","Writhe"],"relics":["FrozenCore","Golden Idol","Happy Flower","Cables","Anchor","Molten Egg 2","StoneCalendar","Mercury Hourglass","Question Card","Torii","Gremlin Horn","Regal Pillow","Astrolabe","Emotion Chip"],"potions_floor_usage":[6,16,18,22,23,23,23,25,25,25,25,28,29,35],"damage_taken":[{"damage":0,"enemies":"2 Louse","floor":1,"turns":2},{"damage":0,"enemies":"Small Slimes","floor":3,"turns":3},{"damage":0,"enemies":"Cultist","floor":5,"turns":3},{"damage":3,"enemies":"3 Sentries","floor":6,"turns":9},{"damage":18,"enemies":"Lagavulin","floor":8,"turns":9},{"damage":1,"enemies":"Looter","floor":11,"turns":3},{"damage":14,"enemies":"3 Sentries","floor":13,"turns":8},{"damage":4,"enemies":"3 Louse","floor":14,"turns":2},{"damage":28,"enemies":"Hexaghost","floor":16,"turns":6},{"damage":0,"enemies":"3 Byrds","floor":18,"turns":2},{"damage":14,"enemies":"Spheric Guardian","floor":22,"turns":4},{"damage":29,"enemies":"Book of Stabbing","floor":23,"turns":6},{"damage":9,"enemies":"Gremlin Leader","floor":25,"turns":7},{"damage":1,"enemies":"Snecko","floor":28,"turns":5},{"damage":7,"enemies":"Shelled Parasite and Fungi","floor":29,"turns":6},{"damage":1,"enemies":"Snake Plant","floor":30,"turns":4},{"damage":15,"enemies":"Collector","floor":33,"turns":17},{"damage":11,"enemies":"3 Shapes","floor":35,"turns":6},{"damage":10,"enemies":"Flame Bruiser 1 Orb","floor":36,"turns":7},{"damage":1,"floor":37,"turns":9},{"damage":34,"enemies":"Spire Growth","floor":38,"turns":6},{"damage":41,"enemies":"Giant Head","floor":40,"turns":13}],"seed_played":"2241241880519672337","potions_obtained":[{"floor":5,"key":"Fire Potion"},{"floor":8,"key":"LiquidBronze"},{"floor":13,"key":"PowerPotion"},{"floor":19,"key":"Regen Potion"},{"floor":19,"key":"EntropicBrew"},{"floor":19,"key":"EntropicBrew"},{"floor":25,"key":"PowerPotion"},{"floor":28,"key":"Explosive Potion"},{"floor":33,"key":"Explosive Potion"},{"floor":37,"key":"Dexterity Potion"}],"is_trial":false,"path_per_floor":["M","?","M","?","M","E","R","E","T","$","M","R","E","M","R","B",null,"M","?","?","$","M","E","T","E","T","$","M","M","M","?","R","B",null,"M","M","?","M","?"],"character_chosen":"DEFECT","items_purchased":["Sunder","Trip","StoneCalendar","Consume"],"campfire_rested":4,"item_purchase_floors":[10,10,21,27],"current_hp_per_floor":[68,50,50,35,35,32,54,36,36,36,35,57,43,39,61,33,65,65,65,65,65,56,27,27,18,18,18,17,10,9,9,46,31,64,53,43,42,8,27,0],"gold":177,"neow_bonus":"","is_prod":false,"is_daily":false,"chose_seed":false,"campfire_upgraded":0,"win_rate":0,"timestamp":1534841927,"path_taken":["M","?","M","?","?","E","R","E","T","$","?","R","E","M","R","BOSS","M","?","?","$","?","E","?","E","T","?","M","?","?","?","R","BOSS","M","M","?","M","?","E"],"build_version":"2018-08-16","purchased_purges":1,"victory":false,"max_hp_per_floor":[75,75,75,75,75,75,75,75,75,75,75,75,75,75,75,75,75,75,75,75,75,75,75,75,75,75,75,75,75,75,75,75,75,75,75,75,75,75,75,75],"card_choices":[{"not_picked":["Beam Cell","Reprogram"],"picked":"Glacier","floor":1},{"not_picked":["Coolheaded","Turbo"],"picked":"Go for the Eyes","floor":3},{"not_picked":["Compile Driver","Stack"],"picked":"BootSequence","floor":5},{"not_picked":["Turbo","Gash"],"picked":"Sweeping Beam","floor":6},{"not_picked":["Streamline","Steam","Compile Driver"],"picked":"SKIP","floor":8},{"not_picked":["Hologram","Cold Snap"],"picked":"Storm","floor":11},{"not_picked":["Fission","Conserve Battery"],"picked":"Loop","floor":13},{"not_picked":["BootSequence","Leap"],"picked":"White Noise","floor":14},{"not_picked":["Buffer","Biased Cognition"],"picked":"Core Surge+1","floor":16},{"not_picked":["Gash+1","Rebound+1"],"picked":"Conserve Battery","floor":18},{"not_picked":["Go for the Eyes+1","Streamline+1","Undo"],"picked":"SKIP","floor":22},{"not_picked":["Heatsinks","Compile Driver+1"],"picked":"Recycle","floor":23},{"not_picked":["Static Discharge","Gash+1","Lockon+1"],"picked":"Fission","floor":25},{"not_picked":["Stack","Sunder+1","Gash+1"],"picked":"Turbo+1","floor":28},{"not_picked":["Cold Snap+1","Sunder+1","Lockon+1","Ball Lightning+1"],"picked":"SKIP","floor":29},{"not_picked":["Lockon+1","Sweeping Beam+1","Scrape+1"],"picked":"Defragment","floor":30},{"not_picked":["Multi-Cast","Machine Learning","Seek"],"picked":"Amplify","floor":33},{"not_picked":["Steam","Beam Cell+1","Glacier"],"picked":"Consume+1","floor":35},{"not_picked":["Go for the Eyes+1","Hello World","Reprogram"],"picked":"Ball Lightning+1","floor":36},{"not_picked":["Streamline+1","Cold Snap+1","Rebound+1","Beam Cell+1"],"picked":"SKIP","floor":38}],"player_experience":90014,"relics_obtained":[{"floor":6,"key":"Happy Flower"},{"floor":8,"key":"Cables"},{"floor":9,"key":"Anchor"},{"floor":13,"key":"Molten Egg 2"},{"floor":23,"key":"Mercury Hourglass"},{"floor":24,"key":"Question Card"},{"floor":25,"key":"Torii"},{"floor":26,"key":"Gremlin Horn"},{"floor":37,"key":"Emotion Chip"}],"event_choices":[{"event_name":"Golden Idol","player_choice":"Take Damage","floor":2,"damage_taken":0},{"event_name":"Shining Light","player_choice":"Entered Light","floor":4,"damage_taken":0},{"event_name":"The Lab","player_choice":"Got Potions","floor":19,"damage_taken":0},{"event_name":"Nest","player_choice":"Stole From Cult","floor":20,"damage_taken":0},{"event_name":"Addict","player_choice":"Obtained Relic","floor":31,"damage_taken":0},{"event_name":"MindBloom","player_choice":"Fight","floor":37,"damage_taken":0},{"event_name":"Winding Halls","player_choice":"Writhe","floor":39,"damage_taken":0}],"is_beta":true,"boss_relics":[{"not_picked":["Snecko Eye","Coffee Dripper"],"picked":"FrozenCore"},{"not_picked":["Calling Bell","Cursed Key"],"picked":"Astrolabe"}],"items_purged_floors":[21],"is_endless":false,"potions_floor_spawned":[5,8,13,25,28,33,37],"killed_by":"Giant Head","ascension_level":6}