{"gold_per_floor":[444,619,679,709,787,865,865,913,913,913,1000,175,259,209,209,503,503,542,542,98,128,188,266,266,371,371,461,461,503,599,635,635,920,920,974,1016,1061,631,796,892,892,934,934,1039,1039,1117,1166,771,771,771,771,771,328,418,418],"floor_reached":56,"playtime":2967,"items_purged":[],"score":1931,"play_id":"3fb14a54-4ddc-4bcf-9f0e-eb0b5b8f4609","local_time":"20190405233724","daily_mods":["Hoarder","Insanity","Chimera","Vintage","ControlledChaos","Allstar","Diverse","Heirloom","Time Dilation","Flight","DeadlyEvents","Binary","Cursed Run","Elite Swarm","Lethality","Midas","Night Terrors","Terminal","Uncertain Future","Binary"],"is_ascension_mode":false,"campfire_choices":[{"floor":7,"key":"RECALL"},{"floor":10,"key":"REST"},{"floor":15,"key":"REST"},{"floor":24,"key":"REST"},{"floor":28,"key":"REST"},{"floor":32,"key":"REST"},{"floor":41,"key":"REST"},{"data":"1","floor":45,"key":"LIFT"},{"data":"2","floor":49,"key":"LIFT"},{"data":"3","floor":52,"key":"LIFT"}],"neow_cost":"","seed_source_timestamp":0,"circlet_count":0,"master_deck":["Demon Form","Wraith Form v2","Echo Form","Bash","Survivor","Zap","Strike_R","Strike_G","Strike_B","Defend_R","Defend_G","Defend_B","Rebound","White Noise","Thunderclap","Slice","Prepared","Anger","Redo","Heavy Blade","Thunderclap","Anger","Predator","Body Slam","Carnage","Slice","Clash","Cold Snap","Streamline","Dagger Throw","Wild Strike","Poisoned Stab","Body Slam","Skim","Static Discharge","Beam Cell","Slice","True Grit","Backflip","Sucker Punch","Havoc","Ball Lightning","Choke","Deadly Poison","Feel No Pain","Dash+1","PiercingWail","True Grit","Deflect","Twin Strike","Riddle With Holes","Cold Snap","Auto Shields","Slice","Barrage","Bouncing Flask","Ball Lightning","Footwork","Sweeping Beam","Evolve","Prepared","Anger","Apotheosis","Apotheosis","Apotheosis","Finesse","Finesse","Finesse","Good Instincts","Good Instincts","Good Instincts+1","Sadistic Nature","Sadistic Nature","Sadistic Nature","Metamorphosis","Metamorphosis","Metamorphosis","Doubt","Doubt","Corruption","Corruption","Corruption","Riddle With Holes","Riddle With Holes","Riddle With Holes","Enlightenment","Enlightenment","Enlightenment","Machine Learning","Machine Learning","Machine Learning","Shame","Shame","Shame","Barricade","Barricade","Barricade","Double Energy","Double Energy","Double Energy","Well Laid Plans","Well Laid Plans","Well Laid Plans","Aggregate","Aggregate","Aggregate+1","Immolate","Immolate+1","Immolate","Normality","Normality","Normality","Metallicize","Metallicize","Metallicize","Clumsy","Clumsy","Clumsy","Wraith Form v2","Wraith Form v2","Wraith Form v2","Parasite","Parasite","Parasite"],"relics":["Snecko Eye","Unceasing Top","Busted Crown","Old Coin","Prayer Wheel","Calipers","Singing Bowl","Incense Burner","Mercury Hourglass","Torii","Bag of Marbles","Question Card","Sling","Red Skull","Thread and Needle","Sozu","Strawberry","Oddly Smooth Stone","Ancient Tea Set","Blood Vial","Kunai","Ornamental Fan","Bottled Tornado","Mummified Hand","Matryoshka","Bird Faced Urn","Sundial","Philosopher\u0027s Stone","Whetstone","Orichalcum","Shuriken","Membership Card","StoneCalendar","Centennial Puzzle","Magic Flower","Letter Opener","Gremlin Horn","Anchor","Girya","War Paint","Turnip","Vajra","Lantern","Pear","ClockworkSouvenir","Pantograph","Paper Frog","Ginger","HandDrill","Pen Nib"],"potions_floor_usage":[50,50,55],"damage_taken":[{"damage":0,"enemies":"2 Louse","floor":1,"turns":2},{"damage":0,"enemies":"Small Slimes","floor":3,"turns":2},{"damage":0,"enemies":"Jaw Worm","floor":4,"turns":1},{"damage":0,"enemies":"Lagavulin","floor":6,"turns":4},{"damage":0,"enemies":"Blue Slaver","floor":8,"turns":1},{"damage":0,"enemies":"3 Sentries","floor":11,"turns":2},{"damage":0,"enemies":"Lagavulin","floor":13,"turns":4},{"damage":1,"enemies":"The Guardian","floor":16,"turns":5},{"damage":0,"enemies":"Shell Parasite","floor":18,"turns":2},{"damage":0,"enemies":"Spheric Guardian","floor":21,"turns":2},{"damage":0,"enemies":"Snake Plant","floor":22,"turns":1},{"damage":0,"enemies":"Slavers","floor":23,"turns":2},{"damage":0,"enemies":"Gremlin Leader","floor":25,"turns":2},{"damage":0,"enemies":"Slavers","floor":27,"turns":2},{"damage":0,"enemies":"Chosen and Byrds","floor":29,"turns":2},{"damage":0,"enemies":"Gremlin Leader","floor":30,"turns":2},{"damage":0,"enemies":"Centurion and Healer","floor":31,"turns":1},{"damage":8,"enemies":"Champ","floor":33,"turns":3},{"damage":0,"enemies":"3 Shapes","floor":35,"turns":3},{"damage":0,"enemies":"Orb Walker","floor":36,"turns":2},{"damage":0,"enemies":"Sphere and 2 Shapes","floor":37,"turns":2},{"damage":0,"enemies":"2 Orb Walkers","floor":39,"turns":2},{"damage":0,"enemies":"Reptomancer","floor":40,"turns":2},{"damage":0,"enemies":"Writhing Mass","floor":42,"turns":1},{"damage":0,"enemies":"Giant Head","floor":44,"turns":3},{"damage":0,"enemies":"Reptomancer","floor":46,"turns":1},{"damage":28,"enemies":"Time Eater","floor":50,"turns":5},{"damage":0,"enemies":"Shield and Spear","floor":54,"turns":2},{"damage":6,"enemies":"The Heart","floor":55,"turns":7}],"seed_played":"-410472624821194459","potions_obtained":[{"floor":3,"key":"Ancient Potion"},{"floor":4,"key":"Fire Potion"},{"floor":13,"key":"Regen Potion"},{"floor":16,"key":"Strength Potion"}],"is_trial":true,"path_per_floor":["M","?","M","M","?","E","R","M","T","R","E","$","E","?","R","B",null,"M","?","$","M","M","E","R","E","T","E","R","M","E","M","R","B",null,"M","M","M","$","?","E","R","M","T","E","R","E","T","$","R","B",null,"R","$","E","B",null],"character_chosen":"IRONCLAD","items_purchased":["Question Card","Sling","Red Skull","Corruption","Riddle With Holes","Enlightenment","Oddly Smooth Stone","Ancient Tea Set","Well Laid Plans","Aggregate","Membership Card","StoneCalendar","Centennial Puzzle","Pear","ClockworkSouvenir","Pantograph","Metallicize","Wraith Form v2","Paper Frog","Ginger","HandDrill"],"campfire_rested":6,"item_purchase_floors":[12,12,12,12,12,12,20,20,20,20,38,38,38,48,48,48,48,53,53,53,53],"current_hp_per_floor":[78,77,76,75,74,73,72,71,70,64,63,62,61,60,54,53,52,58,57,56,55,54,55,49,48,47,48,42,41,42,41,35,36,35,34,33,32,31,32,33,27,26,25,26,25,26,25,34,33,17,31,30,29,30,29],"gold":418,"neow_bonus":"","is_prod":false,"is_daily":false,"chose_seed":false,"campfire_upgraded":0,"win_rate":0,"timestamp":1554521844,"path_taken":["M","?","M","M","?","E","R","M","T","R","E","$","E","?","R","BOSS","M","?","$","M","M","E","R","E","T","E","R","?","?","M","R","BOSS","M","M","M","$","?","E","R","M","T","E","R","E","?","?","R","BOSS","R","$","E","BOSS"],"build_version":"2019-01-23","purchased_purges":0,"victory":true,"max_hp_per_floor":[78,77,76,75,74,73,72,71,70,64,63,62,61,60,54,53,52,58,57,56,55,54,55,49,48,47,48,42,41,42,41,35,36,35,34,33,32,31,32,33,27,26,25,26,25,26,25,34,33,32,31,30,29,30,29],"card_choices":[{"not_picked":[],"picked":"Machine Learning","floor":13},{"not_picked":[],"picked":"Barricade","floor":16},{"not_picked":["Multi-Cast"],"picked":"Singing Bowl","floor":23},{"not_picked":[],"picked":"Immolate","floor":25},{"not_picked":["Juggernaut"],"picked":"Singing Bowl","floor":27},{"not_picked":["Demon Form"],"picked":"Singing Bowl","floor":30},{"not_picked":["Rainbow"],"picked":"Singing Bowl","floor":33},{"not_picked":["Wild Strike"],"picked":"Singing Bowl","floor":39},{"not_picked":["Reboot"],"picked":"Singing Bowl","floor":40},{"not_picked":["Phantasmal Killer"],"picked":"Singing Bowl","floor":44},{"not_picked":["Dark Embrace"],"picked":"Singing Bowl","floor":46},{"not_picked":["Rainbow"],"picked":"Singing Bowl","floor":54}],"player_experience":276726,"relics_obtained":[{"floor":1,"key":"Prayer Wheel"},{"floor":3,"key":"Calipers"},{"floor":4,"key":"Singing Bowl"},{"floor":6,"key":"Incense Burner"},{"floor":8,"key":"Mercury Hourglass"},{"floor":9,"key":"Torii"},{"floor":11,"key":"Bag of Marbles"},{"floor":13,"key":"Thread and Needle"},{"floor":18,"key":"Strawberry"},{"floor":21,"key":"Blood Vial"},{"floor":22,"key":"Kunai"},{"floor":23,"key":"Ornamental Fan"},{"floor":25,"key":"Bottled Tornado"},{"floor":27,"key":"Mummified Hand"},{"floor":29,"key":"Matryoshka"},{"floor":30,"key":"Bird Faced Urn"},{"floor":31,"key":"Sundial"},{"floor":35,"key":"Whetstone"},{"floor":36,"key":"Orichalcum"},{"floor":37,"key":"Shuriken"},{"floor":39,"key":"Magic Flower"},{"floor":40,"key":"Letter Opener"},{"floor":42,"key":"Gremlin Horn"},{"floor":43,"key":"Anchor"},{"floor":43,"key":"Girya"},{"floor":44,"key":"War Paint"},{"floor":46,"key":"Turnip"},{"floor":47,"key":"Vajra"},{"floor":47,"key":"Lantern"},{"floor":54,"key":"Pen Nib"}],"event_choices":[{"damage_healed":0,"gold_gain":175,"player_choice":"AGREE","damage_taken":0,"max_hp_gain":0,"max_hp_loss":0,"event_name":"Liars Game","floor":2,"gold_loss":0,"cards_obtained":["Doubt"]},{"damage_healed":0,"gold_gain":78,"player_choice":"Gained Gold","damage_taken":0,"max_hp_gain":0,"max_hp_loss":0,"event_name":"Golden Wing","floor":5,"gold_loss":0},{"cards_removed":["Doubt"],"damage_healed":0,"gold_gain":0,"player_choice":"Card Removal","damage_taken":0,"max_hp_gain":0,"max_hp_loss":0,"event_name":"The Cleric","floor":14,"gold_loss":50},{"damage_healed":0,"gold_gain":0,"player_choice":"Read","damage_taken":0,"max_hp_gain":0,"max_hp_loss":0,"event_name":"The Library","floor":19,"gold_loss":0,"cards_obtained":["Double Energy"]},{"damage_healed":0,"gold_gain":0,"player_choice":"Fight","damage_taken":0,"max_hp_gain":0,"max_hp_loss":0,"event_name":"Mysterious Sphere","floor":39,"gold_loss":0}],"is_beta":false,"boss_relics":[{"not_picked":["Ectoplasm","Velvet Choker"],"picked":"Sozu"},{"not_picked":["Tiny House","Runic Pyramid"],"picked":"Philosopher\u0027s Stone"}],"items_purged_floors":[],"is_endless":false,"potions_floor_spawned":[3,4,13,16,18,25,29,31,36,40,42,46],"ascension_level":0}