{"gold_per_floor":[112,112,129,204,134,169,169,198,198,198,273,42,42,42,42,141,141,152,152,152,165,87,116,133,145,145,145,55,55,73,92,92,194,244,262,272,292,292,40,40,60,73,152,152,172,172,172,182,182,182],"floor_reached":50,"playtime":3374,"items_purged":[],"score":545,"play_id":"c0f20ea9-a5c3-4368-b565-14bf0439e999","local_time":"20190429093041","is_ascension_mode":false,"campfire_choices":[{"floor":7,"key":"REST"},{"floor":15,"key":"REST"},{"data":"Capacitor","floor":27,"key":"SMITH"},{"data":"Bandage Up","floor":29,"key":"SMITH"},{"data":"Biased Cognition","floor":32,"key":"SMITH"},{"floor":40,"key":"REST"},{"floor":47,"key":"REST"},{"data":"Buffer","floor":49,"key":"SMITH"}],"neow_cost":"NONE","seed_source_timestamp":306406540228500,"circlet_count":0,"master_deck":["Strike_B+1","Strike_B+1","Strike_B+1","Strike_B+1","Defend_B+1","Defend_B+1","Defend_B+1","Zap","Dualcast+1","Doom and Gloom","Static Discharge","Reinforced Body","Buffer+1","Capacitor+1","Zap","Electrodynamics","Steam+1","Storm","Self Repair","Barrage+1","Stack","Biased Cognition+1","Bandage Up+1","Beam Cell","Thunder Strike","Buffer+1","Barrage","Heatsinks+1","Ball Lightning+1","Streamline","Ball Lightning","Rebound+1","Parasite","Gash+1","Madness","Madness","Sunder+1","Zap","Chill","Echo Form","Thunder Strike+1"],"relics":["Cracked Core","Juzu Bracelet","Thread and Needle","Meat on the Bone","Mango","Ancient Tea Set","Black Star","Anchor","Strawberry","Darkstone Periapt","Tiny House","OrangePellets","Molten Egg 2"],"potions_floor_usage":[23,23,33,36,36,50,50],"damage_taken":[{"damage":0,"enemies":"2 Louse","floor":1,"turns":2},{"damage":9,"enemies":"Cultist","floor":3,"turns":4},{"damage":35,"enemies":"3 Sentries","floor":6,"turns":5},{"damage":19,"enemies":"Lagavulin","floor":8,"turns":7},{"damage":5,"enemies":"Hexaghost","floor":16,"turns":9},{"damage":26,"enemies":"2 Thieves","floor":18,"turns":4},{"damage":0,"enemies":"Chosen","floor":21,"turns":6},{"damage":19,"enemies":"Book of Stabbing","floor":23,"turns":8},{"damage":0,"enemies":"Centurion and Healer","floor":24,"turns":7},{"damage":3,"enemies":"Snecko","floor":25,"turns":5},{"damage":16,"enemies":"Shelled Parasite and Fungi","floor":30,"turns":6},{"damage":0,"enemies":"Centurion and Healer","floor":31,"turns":5},{"damage":71,"enemies":"Collector","floor":33,"turns":10},{"damage":32,"enemies":"Orb Walker","floor":35,"turns":5},{"damage":24,"enemies":"3 Darklings","floor":36,"turns":6},{"damage":14,"enemies":"Sphere and 2 Shapes","floor":37,"turns":6},{"damage":23,"enemies":"Spire Growth","floor":41,"turns":7},{"damage":55,"enemies":"Writhing Mass","floor":42,"turns":7},{"damage":9,"enemies":"Maw","floor":45,"turns":7},{"damage":30,"enemies":"Sphere and 2 Shapes","floor":48,"turns":6},{"damage":85,"enemies":"Donu and Deca","floor":50,"turns":8}],"seed_played":"4418909194719880014","potions_obtained":[{"floor":1,"key":"Weak Potion"},{"floor":8,"key":"SkillPotion"},{"floor":16,"key":"GamblersBrew"},{"floor":18,"key":"SpeedPotion"},{"floor":23,"key":"SneckoOil"},{"floor":25,"key":"FearPotion"},{"floor":33,"key":"Energy Potion"},{"floor":34,"key":"Weak Potion"},{"floor":41,"key":"EssenceOfSteel"},{"floor":45,"key":"Energy Potion"}],"is_trial":false,"path_per_floor":["M","?","M","?","$","E","R","E","T","?","?","$","?","$","R","B",null,"M","?","?","M","$","E","M","M","T","R","$","R","M","M","R","B",null,"M","M","M","?","$","R","M","M","T","?","M","?","R","M","R","B"],"character_chosen":"DEFECT","items_purchased":["Static Discharge","Capacitor","Ancient Tea Set","Self Repair","Bandage Up","OrangePellets","Ball Lightning"],"campfire_rested":4,"item_purchase_floors":[5,12,12,22,28,39,39],"current_hp_per_floor":[75,75,66,55,55,20,42,23,37,37,29,29,29,29,55,50,89,63,63,63,63,63,70,77,74,74,74,74,74,71,77,77,24,101,76,65,64,64,64,94,84,60,60,47,63,63,95,78,78,0],"gold":182,"neow_bonus":"RANDOM_COMMON_RELIC","is_prod":false,"is_daily":false,"chose_seed":false,"campfire_upgraded":4,"win_rate":0.0,"timestamp":1556544641,"path_taken":["M","?","M","?","$","E","R","E","T","?","?","$","?","?","R","BOSS","M","?","?","M","$","E","M","M","T","R","$","R","M","M","R","BOSS","M","M","M","?","$","R","M","M","T","?","M","?","R","M","R","BOSS"],"build_version":"2019-01-23","purchased_purges":0,"victory":false,"max_hp_per_floor":[75,75,75,75,75,75,75,75,89,89,89,89,89,89,89,89,89,89,89,89,89,89,96,96,96,96,96,96,96,96,96,96,96,101,101,101,101,101,101,101,101,107,107,107,107,107,107,107,107,107],"card_choices":[{"not_picked":["Hologram","Cold Snap"],"picked":"Auto Shields","floor":1},{"not_picked":["Go for the Eyes","Barrage"],"picked":"Doom and Gloom","floor":3},{"not_picked":["Rebound","Rip and Tear"],"picked":"Reinforced Body","floor":6},{"not_picked":["Loop","Gash"],"picked":"Buffer","floor":8},{"not_picked":["Rainbow","Buffer"],"picked":"Electrodynamics","floor":16},{"not_picked":["Stack","White Noise"],"picked":"Steam+1","floor":18},{"not_picked":["Leap","Steam"],"picked":"Storm","floor":21},{"not_picked":["Turbo","Rip and Tear+1"],"picked":"Barrage+1","floor":23},{"not_picked":["Steam Power","Hologram"],"picked":"Stack","floor":24},{"not_picked":["Coolheaded","Chaos+1"],"picked":"Biased Cognition","floor":25},{"not_picked":["Hologram","Go for the Eyes"],"picked":"Beam Cell","floor":30},{"not_picked":["Streamline","Aggregate"],"picked":"Thunder Strike","floor":31},{"not_picked":["Multi-Cast","All For One"],"picked":"Buffer","floor":33},{"not_picked":["Steam","Chill+1"],"picked":"Barrage","floor":34},{"not_picked":["Skim+1","Conserve Battery+1"],"picked":"Heatsinks+1","floor":35},{"not_picked":["Auto Shields+1","Gash+1"],"picked":"Ball Lightning+1","floor":36},{"not_picked":["Coolheaded+1","Conserve Battery"],"picked":"Streamline","floor":37},{"not_picked":["Go for the Eyes+1","Beam Cell"],"picked":"Rebound+1","floor":41},{"not_picked":["Steam Power","Auto Shields"],"picked":"Gash+1","floor":42},{"not_picked":["Cold Snap+1","Heatsinks+1"],"picked":"Sunder+1","floor":45},{"not_picked":["FTL+1","Turbo"],"picked":"Thunder Strike+1","floor":48}],"player_experience":21048,"relics_obtained":[{"floor":6,"key":"Thread and Needle"},{"floor":8,"key":"Meat on the Bone"},{"floor":9,"key":"Mango"},{"floor":23,"key":"Anchor"},{"floor":23,"key":"Strawberry"},{"floor":26,"key":"Darkstone Periapt"},{"floor":43,"key":"Molten Egg 2"}],"event_choices":[{"cards_removed":["Auto Shields"],"damage_healed":0,"gold_gain":0,"player_choice":"Offered Uncommon","damage_taken":0,"max_hp_gain":0,"max_hp_loss":0,"event_name":"Bonfire Elementals","floor":2,"gold_loss":0},{"damage_healed":0,"gold_gain":75,"player_choice":"Gather Gold","damage_taken":11,"max_hp_gain":0,"max_hp_loss":0,"event_name":"World of Goop","floor":4,"gold_loss":0},{"damage_healed":0,"gold_gain":0,"player_choice":"Grow","damage_taken":0,"max_hp_gain":0,"max_hp_loss":0,"event_name":"Living Wall","floor":10,"gold_loss":0,"cards_upgraded":["Buffer"]},{"damage_healed":0,"gold_gain":75,"player_choice":"Touch","damage_taken":8,"max_hp_gain":0,"max_hp_loss":0,"event_name":"FaceTrader","floor":11,"gold_loss":0},{"damage_healed":0,"gold_gain":0,"player_choice":"1 cards matched","damage_taken":0,"max_hp_gain":0,"max_hp_loss":0,"event_name":"Match and Keep!","floor":13,"gold_loss":0,"cards_obtained":["Zap"]},{"damage_healed":0,"gold_gain":0,"player_choice":"Simplicity","damage_taken":0,"max_hp_gain":0,"max_hp_loss":0,"event_name":"Back to Basics","floor":19,"gold_loss":0,"cards_upgraded":["Strike_B","Strike_B","Strike_B","Strike_B","Defend_B","Defend_B","Defend_B","Defend_B"]},{"damage_healed":0,"gold_gain":0,"player_choice":"Ignored","damage_taken":0,"max_hp_gain":0,"max_hp_loss":0,"event_name":"Vampires","floor":20,"gold_loss":0},{"cards_removed":["Defend_B"],"damage_healed":0,"gold_gain":0,"player_choice":"Removed Skill","damage_taken":0,"max_hp_gain":0,"max_hp_loss":0,"event_name":"Falling","floor":38,"gold_loss":0},{"damage_healed":0,"gold_gain":0,"player_choice":"Embrace Madness","damage_taken":13,"max_hp_gain":0,"max_hp_loss":0,"event_name":"Winding Halls","floor":44,"gold_loss":0,"cards_obtained":["Madness","Madness"]},{"damage_healed":0,"gold_gain":0,"player_choice":"3 cards matched","damage_taken":0,"max_hp_gain":0,"max_hp_loss":0,"event_name":"Match and Keep!","floor":46,"gold_loss":0,"cards_obtained":["Zap","Chill","Echo Form"]}],"is_beta":false,"boss_relics":[{"not_picked":["Empty Cage","Calling Bell"],"picked":"Black Star"},{"not_picked":["Philosopher\u0027s Stone","Runic Pyramid"],"picked":"Tiny House"}],"items_purged_floors":[],"is_endless":false,"potions_floor_spawned":[1,8,16,18,23,25,33,41,45],"killed_by":"Donu and Deca","ascension_level":0}