{"path_per_floor":["M","M","$","M","M","E","M","?","T","M","M","R","M","M","R","B",null,"M","M","$","M","?","E","R","?","T","M","R","M","?","M","R","B",null,"M","M","$","?","?","E","R","E","T","R","M","M","M","T","R","B"],"character_chosen":"THE_SILENT","items_purchased":["Underhanded Strike","Prepared","Lee\u0027s Waffle","Mummified Hand"],"gold_per_floor":[219,233,88,107,127,159,176,126,126,144,161,161,177,194,194,298,298,314,332,26,39,39,69,69,69,69,81,81,91,91,109,109,204,234,244,259,9,0,100,125,125,158,232,232,244,256,270,570,570,570],"floor_reached":51,"campfire_rested":2,"playtime":5624,"current_hp_per_floor":[62,60,60,58,47,22,18,18,18,12,12,12,12,12,33,2,70,48,40,77,70,70,52,52,52,52,47,47,29,20,17,41,35,87,74,68,68,68,68,61,61,70,70,70,70,74,73,73,73,72],"items_purged":["Strike_G","Strike_G"],"gold":570,"play_id":"b078c5c8-9967-4b87-981b-6f80cdc6832e","is_prod":false,"is_daily":false,"is_ascension_mode":false,"campfire_upgraded":6,"path_taken":["M","M","$","M","M","E","M","?","T","?","?","R","M","M","R","BOSS","M","M","$","M","?","E","R","?","T","M","R","M","?","?","R","BOSS","M","M","$","?","?","E","R","E","T","R","M","M","M","?","R","BOSS"],"build_version":"2018-01-25-PROD3","purchased_purges":2,"victory":true,"master_deck":["Defend_G","Defend_G","Defend_G","Defend_G","Defend_G","Strike_G","Strike_G","Survivor","Neutralize","Acrobatics+1","Tools of the Trade+1","Underhanded Strike","Prepared+1","Reflex+1","Underhanded Strike","Blur","Adrenaline","Prepared","A Thousand Cuts+1","Underhanded Strike+1","Prepared","Tools of the Trade","Distraction+1","Heel Hook+1","Reflex+1","After Image+1","Acrobatics+1","Prepared+1","Prepared+1","Heel Hook+1","Blur","Blade Dance+1"],"max_hp_per_floor":[70,70,70,70,70,70,70,70,70,70,70,70,70,70,70,70,70,70,70,77,77,77,77,77,77,77,77,77,77,82,82,82,82,87,87,87,87,87,87,87,87,87,87,87,87,87,87,87,87,87],"relics":["Ring of the Snake","Ancient Tea Set","Tingsha","Question Card","Lee\u0027s Waffle","Bottled Tornado","Unceasing Top","Tiny House","Mummified Hand","Red Mask","Matryoshka","Bag of Marbles","Frozen Egg","Toolbox","Prayer Wheel","Old Coin"],"card_choices":[{"not_picked":["Dagger Spray","Dodge and Roll"],"picked":"Acrobatics"},{"not_picked":["Sucker Punch","PiercingWail"],"picked":"Tools of the Trade"},{"not_picked":["Skewer","Poisoned Stab"],"picked":"Reflex"},{"not_picked":["Bouncing Flask","Dagger Spray"],"picked":"Underhanded Strike"},{"not_picked":["Heel Hook","Slice"],"picked":"Blur"},{"not_picked":["Backflip","Flechettes"],"picked":"Adrenaline"},{"not_picked":["Acrobatics","Deflect"],"picked":"Prepared"},{"not_picked":["Corpse Explosion","Wraith Form"],"picked":"A Thousand Cuts"},{"not_picked":["Noxious Fumes","Outmaneuver","Leg Sweep"],"picked":"Underhanded Strike"},{"not_picked":["Noxious Fumes","Poisoned Stab","Deflect"],"picked":"Prepared"},{"not_picked":["Acrobatics","Poisoned Stab","Prepared"],"picked":"Tools of the Trade"},{"not_picked":["PiercingWail","Flying Knee","Backstab"],"picked":"Distraction"},{"not_picked":["PiercingWail","Dagger Spray","Flying Knee"],"picked":"Heel Hook"},{"not_picked":["Bane","Dagger Spray","Burst"],"picked":"Reflex"},{"not_picked":["Unload","Venomology","Die Die Die"],"picked":"After Image"},{"not_picked":["Finisher","All Out Attack","Backflip"],"picked":"Acrobatics"},{"not_picked":["Unload","Bouncing Flask","Dagger Spray"],"picked":"Prepared"},{"not_picked":["Bouncing Flask","Caltrops","Catalyst"],"picked":"Prepared"},{"not_picked":["Deflect","All Out Attack","Dodge and Roll"],"picked":"Heel Hook"},{"not_picked":["Finisher","Leg Sweep","Dagger Throw"],"picked":"Blur"},{"not_picked":["Predator","Quick Slash","Caltrops"],"picked":"Blade Dance"}],"player_experience":97195,"potions_floor_usage":[6,7,16,16,23,33,35,40,42,42,50],"damage_taken":[{"damage":8,"enemies":"Jaw Worm","floor":1,"turns":6},{"damage":2,"enemies":"2 Louse","floor":2,"turns":2},{"damage":2,"enemies":"Blue Slaver","floor":4,"turns":5},{"damage":11,"enemies":"Lots of Slimes","floor":5,"turns":5},{"damage":25,"enemies":"Lagavulin","floor":6,"turns":8},{"damage":4,"enemies":"Exordium Wildlife","floor":7,"turns":5},{"damage":6,"enemies":"Large Slime","floor":10,"turns":7},{"damage":0,"enemies":"Looter","floor":11,"turns":3},{"damage":0,"enemies":"3 Louse","floor":13,"turns":3},{"damage":0,"enemies":"Large Slime","floor":14,"turns":5},{"damage":31,"enemies":"Hexaghost","floor":16,"turns":12},{"damage":22,"enemies":"Chosen","floor":18,"turns":6},{"damage":8,"enemies":"Spheric Guardian","floor":19,"turns":4},{"damage":7,"enemies":"Centurion and Healer","floor":21,"turns":7},{"damage":18,"enemies":"Book of Stabbing","floor":23,"turns":4},{"damage":5,"enemies":"Chosen and Byrds","floor":27,"turns":4},{"damage":18,"enemies":"Snecko","floor":29,"turns":5},{"damage":3,"enemies":"3 Cultists","floor":31,"turns":3},{"damage":6,"enemies":"Champ","floor":33,"turns":9},{"damage":13,"enemies":"3 Shapes","floor":35,"turns":3},{"damage":6,"enemies":"Orb Walker","floor":36,"turns":3},{"damage":7,"enemies":"2 Orb Walkers","floor":40,"turns":3},{"damage":0,"enemies":"Nemesis","floor":42,"turns":4},{"damage":0,"enemies":"3 Darklings","floor":45,"turns":2},{"damage":0,"enemies":"Maw","floor":46,"turns":3},{"damage":1,"enemies":"4 Shapes","floor":47,"turns":2},{"damage":1,"enemies":"Awakened One","floor":50,"turns":9}],"event_choices":[{"event_name":"The Cleric","player_choice":"Card Removal","floor":8,"damage_taken":0},{"event_name":"Cursed Tome","player_choice":"Ignored","floor":22,"damage_taken":0},{"event_name":"Addict","player_choice":"Ignored","floor":25,"damage_taken":0},{"event_name":"Forgotten Altar","player_choice":"Shed Blood","floor":30,"damage_taken":0},{"event_name":"Tomb of Lord Red Mask","player_choice":"Paid","floor":38,"damage_taken":0},{"event_name":"Golden Shrine","player_choice":"Pray","floor":39,"damage_taken":0}],"boss_relics":[{"not_picked":["The Specimen","Sozu"],"picked":"Question Card"},{"not_picked":["Eternal Feather","Runic Pyramid"],"picked":"Tiny House"}],"potions_floor_spawned":[4,6,7,13,16,19,21,23,35,40,47],"seed_played":"-1122867603560635449","ascension_level":0,"is_trial":false}