{"gold_per_floor":[115,115,115,131,13,30,30,205,286,286,286,211,211,224,224,320,320,333,333,87,97,108,108,119,119,193,205,220,239,239,239,239,335,335,354,354,354,19,37,47,47,47,47,47,58,85,97,21,21,21],"floor_reached":51,"playtime":1694,"items_purged":["Strike_R","Strike_R","Strike_R"],"score":817,"play_id":"a4e3ec3c-8099-456e-8fbc-974fbf966c22","local_time":"20180814205046","is_ascension_mode":false,"campfire_choices":[{"data":"Entrench","floor":7,"key":"SMITH"},{"data":"Barricade","floor":15,"key":"SMITH"},{"data":"Impervious","floor":23,"key":"SMITH"},{"data":"Brutality","floor":25,"key":"SMITH"},{"data":"Body Slam","floor":32,"key":"SMITH"},{"data":"Reaper","floor":41,"key":"SMITH"},{"data":"Shrug It Off","floor":44,"key":"SMITH"},{"data":"Master of Strategy","floor":49,"key":"SMITH"}],"neow_cost":"NONE","seed_source_timestamp":675149183920410,"circlet_count":0,"master_deck":["Defend_R","Defend_R","Defend_R","Defend_R","Bash","Shrug It Off+1","Body Slam+1","Entrench+1","Body Slam","Barricade+1","Brutality+1","Impervious+1","Thunderclap","Entrench+1","Reaper+1","Master of Strategy+1","Writhe","Feed","Flame Barrier"],"relics":["Coffee Dripper"],"potions_floor_usage":[16,22,22,29,29,33,35,45,47,47,50,50,50],"damage_taken":[{"damage":1,"enemies":"Jaw Worm","floor":1,"turns":3},{"damage":4,"enemies":"Cultist","floor":4,"turns":4},{"damage":1,"enemies":"2 Louse","floor":6,"turns":2},{"damage":4,"enemies":"Exordium Thugs","floor":14,"turns":5},{"damage":0,"enemies":"Slime Boss","floor":16,"turns":8},{"damage":2,"enemies":"Chosen","floor":18,"turns":4},{"damage":1,"enemies":"Spheric Guardian","floor":21,"turns":3},{"damage":3,"enemies":"3 Cultists","floor":22,"turns":6},{"damage":5,"enemies":"Snake Plant","floor":24,"turns":3},{"damage":4,"enemies":"Centurion and Healer","floor":27,"turns":5},{"damage":5,"enemies":"Sentry and Sphere","floor":28,"turns":6},{"damage":3,"enemies":"Cultist and Chosen","floor":29,"turns":4},{"damage":6,"enemies":"Collector","floor":33,"turns":7},{"damage":8,"enemies":"3 Darklings","floor":35,"turns":9},{"damage":36,"enemies":"Orb Walker","floor":39,"turns":6},{"damage":15,"enemies":"Sphere and 2 Shapes","floor":40,"turns":5},{"damage":3,"enemies":"Flame Bruiser 2 Orb","floor":45,"turns":2},{"damage":16,"enemies":"Giant Head","floor":46,"turns":4},{"damage":27,"enemies":"4 Shapes","floor":47,"turns":3},{"damage":12,"enemies":"Time Eater","floor":50,"turns":5}],"seed_played":"5220154001823456707","potions_obtained":[{"floor":6,"key":"PowerPotion"},{"floor":14,"key":"Explosive Potion"},{"floor":16,"key":"Poison Potion"},{"floor":18,"key":"SteroidPotion"},{"floor":22,"key":"Poison Potion"},{"floor":28,"key":"Fire Potion"},{"floor":29,"key":"SpeedPotion"},{"floor":33,"key":"EssenceOfSteel"},{"floor":35,"key":"Swift Potion"},{"floor":45,"key":"SteroidPotion"},{"floor":46,"key":"Explosive Potion"},{"floor":47,"key":"EssenceOfSteel"}],"is_trial":false,"path_per_floor":["M","?","T","M","$","M","R","?","T","?","T","$","?","M","R","B",null,"M","?","$","M","M","R","M","R","T","M","M","M","?","?","R","B",null,"M","?","?","$","M","M","R","?","T","R","M","E","M","$","R","B"],"character_chosen":"IRONCLAD","items_purchased":["Entrench","Body Slam","Impervious","Master of Strategy","EssenceOfSteel"],"campfire_rested":0,"item_purchase_floors":[5,5,20,38,48],"current_hp_per_floor":[79,79,79,75,75,74,74,74,74,74,74,74,74,70,70,70,80,78,78,78,77,74,74,69,69,69,65,60,57,57,57,57,51,80,74,74,74,74,44,37,37,57,57,57,54,42,15,15,15,8],"gold":21,"neow_bonus":"BOSS_RELIC","is_prod":false,"is_daily":false,"chose_seed":false,"campfire_upgraded":8,"win_rate":0,"timestamp":1534251046,"path_taken":["M","?","?","M","$","M","R","?","T","?","?","$","?","M","R","BOSS","M","?","$","M","M","R","M","R","T","M","M","?","?","?","R","BOSS","M","?","?","$","M","?","R","?","T","R","M","E","M","?","R","BOSS"],"build_version":"2018-08-09","purchased_purges":3,"victory":true,"max_hp_per_floor":[80,80,80,80,80,80,80,80,80,80,80,80,80,80,80,80,80,80,80,80,80,80,80,80,80,80,80,80,80,80,80,80,80,80,80,80,80,80,80,80,80,80,80,80,80,80,80,80,80,80],"card_choices":[{"not_picked":["Armaments","Flex"],"picked":"Shrug It Off","floor":1},{"not_picked":["True Grit","Iron Wave"],"picked":"Body Slam","floor":4},{"not_picked":["Metallicize","Clash"],"picked":"Barricade","floor":6},{"not_picked":["Warcry","Ghostly Armor","Reckless Charge"],"picked":"SKIP","floor":14},{"not_picked":["Double Tap","Immolate"],"picked":"Brutality","floor":16},{"not_picked":["Heavy Blade+1","Entrench","Body Slam"],"picked":"SKIP","floor":18},{"not_picked":["Clothesline+1","Burning Pact","Inflame"],"picked":"SKIP","floor":21},{"not_picked":["Corruption","Body Slam+1"],"picked":"Thunderclap","floor":22},{"not_picked":["Iron Wave","Anger+1","Wild Strike"],"picked":"SKIP","floor":24},{"not_picked":["Clash","Headbutt+1","Pommel Strike"],"picked":"SKIP","floor":27},{"not_picked":["Exhume","Armaments","Perfected Strike+1"],"picked":"SKIP","floor":28},{"not_picked":["Warcry+1","Pommel Strike+1","Feel No Pain"],"picked":"SKIP","floor":29},{"not_picked":["Offering","Demon Form"],"picked":"Reaper","floor":33},{"not_picked":["Flex+1","Seeing Red+1","Havoc"],"picked":"SKIP","floor":35},{"not_picked":["Searing Blow+1","Twin Strike","Metallicize+1"],"picked":"SKIP","floor":39},{"not_picked":["Inflame+1","Thunderclap","Havoc"],"picked":"SKIP","floor":40},{"not_picked":["Sword Boomerang+1","Anger","Combust"],"picked":"SKIP","floor":45},{"not_picked":["Body Slam+1","Corruption"],"picked":"Feed","floor":46},{"not_picked":["Body Slam+1","Headbutt+1"],"picked":"Flame Barrier","floor":47}],"player_experience":334704,"relics_obtained":[],"event_choices":[{"event_name":"Bonfire Elementals","player_choice":"BASIC","floor":2,"damage_taken":0},{"event_name":"Liars Game","player_choice":"agreed","floor":8,"damage_taken":0},{"event_name":"Fountain of Cleansing","player_choice":"Removed Curse","floor":10,"damage_taken":0},{"event_name":"Dead Adventurer","player_choice":"Searched \u00270\u0027 times","floor":13,"damage_taken":0},{"event_name":"Cursed Tome","player_choice":"Ignored","floor":19,"damage_taken":0},{"event_name":"The Mausoleum","player_choice":"No","floor":30,"damage_taken":0},{"event_name":"Duplicator","player_choice":"One dupe","floor":31,"damage_taken":0},{"event_name":"Falling","player_choice":"Removed Attack","floor":36,"damage_taken":0},{"event_name":"SensoryStone","player_choice":"Memory 1","floor":37,"damage_taken":0},{"event_name":"Winding Halls","player_choice":"Writhe","floor":42,"damage_taken":0}],"is_beta":false,"boss_relics":[{"not_picked":["Snecko Eye","Ectoplasm","Black Star"]},{"not_picked":["Snecko Eye","Ectoplasm","Black Star"]}],"items_purged_floors":[12,20,38],"is_endless":false,"potions_floor_spawned":[6,14,16,18,22,28,29,33,35,45,46,47],"ascension_level":0}