{"gold_per_floor":[369,349,363,10,20,20,52,52,98,110,122,134,190,65,65,65],"floor_reached":16,"playtime":404,"items_purged":["Decay"],"score":212,"play_id":"747428f7-8f40-43eb-939e-44e4295365a2","local_time":"20190207115450","is_ascension_mode":true,"campfire_choices":[{"data":"Noxious Fumes","floor":6,"key":"SMITH"},{"floor":8,"key":"REST"},{"data":"Bane","floor":10,"key":"SMITH"},{"floor":15,"key":"REST"}],"neow_cost":"CURSE","seed_source_timestamp":233744680645925,"circlet_count":0,"master_deck":["AscendersBane","Defend_G","Defend_G","Defend_G","Defend_G","Defend_G","Strike_G","Strike_G","Strike_G","Strike_G","Strike_G","Survivor","Neutralize","Noxious Fumes+1","Backstab","Master of Strategy","Finesse","Bane+1","Unload","Injury","Blade Dance","Accuracy","Cloak And Dagger"],"relics":["Ring of the Snake","Potion Belt","MawBank","Golden Idol","PreservedInsect"],"potions_floor_usage":[7,7,13],"damage_taken":[{"damage":9,"enemies":"Small Slimes","floor":1,"turns":4},{"damage":1,"enemies":"Cultist","floor":3,"turns":4},{"damage":2,"enemies":"Jaw Worm","floor":5,"turns":4},{"damage":23,"enemies":"Lagavulin","floor":7,"turns":5},{"damage":28,"enemies":"3 Sentries","floor":13,"turns":8},{"damage":35,"enemies":"The Guardian","floor":16,"turns":8}],"seed_played":"5665663208508817465","potions_obtained":[{"floor":1,"key":"AttackPotion"},{"floor":2,"key":"Block Potion"},{"floor":7,"key":"EssenceOfSteel"}],"is_trial":false,"path_per_floor":["M","?","M","$","M","R","E","R","T","R","$","?","E","$","R","B"],"character_chosen":"THE_SILENT","items_purchased":["Master of Strategy","Finesse","Accuracy","Cloak And Dagger"],"campfire_rested":2,"item_purchase_floors":[4,4,14,14],"current_hp_per_floor":[50,50,49,49,47,47,24,43,43,43,43,43,15,15,34,0],"gold":65,"neow_bonus":"TWO_FIFTY_GOLD","is_prod":false,"is_daily":false,"chose_seed":false,"campfire_upgraded":2,"win_rate":0,"timestamp":1549558490,"path_taken":["M","?","?","$","M","R","E","R","T","R","$","?","E","$","R","BOSS"],"build_version":"2019-01-23","purchased_purges":1,"victory":false,"max_hp_per_floor":[66,66,66,66,66,66,66,66,66,66,66,66,66,66,66,66],"card_choices":[{"not_picked":["Deadly Poison","Slice"],"picked":"Noxious Fumes","floor":1},{"not_picked":["Outmaneuver","Dagger Spray"],"picked":"Backstab","floor":3},{"not_picked":["Quick Slash","PiercingWail"],"picked":"Bane","floor":5},{"not_picked":["Quick Slash","Outmaneuver"],"picked":"Unload","floor":7},{"not_picked":["Caltrops","Acrobatics"],"picked":"Blade Dance","floor":13}],"player_experience":834358,"relics_obtained":[{"floor":7,"key":"Potion Belt"},{"floor":9,"key":"MawBank"},{"floor":13,"key":"PreservedInsect"}],"event_choices":[{"damage_healed":0,"gold_gain":0,"player_choice":"Bought 1 Potion","damage_taken":0,"max_hp_gain":0,"max_hp_loss":0,"event_name":"The Woman in Blue","floor":2,"gold_loss":0},{"damage_healed":0,"gold_gain":0,"player_choice":"Take Wound","damage_taken":0,"relics_obtained":["Golden Idol"],"max_hp_gain":0,"max_hp_loss":0,"event_name":"Golden Idol","floor":12,"gold_loss":0,"cards_obtained":["Injury"]}],"is_beta":false,"boss_relics":[],"items_purged_floors":[4],"is_endless":false,"potions_floor_spawned":[1,7],"killed_by":"The Guardian","ascension_level":20}