{"gold_per_floor":[117,36,36,36,36,65,78,78,78,78,96,96,168,168,168,264,264,274,289,146,61,71,71,82,110,133,143,160,160,190,43,43,43],"floor_reached":33,"playtime":2117,"items_purged":["Wraith Form v2","Wraith Form v2"],"score":297,"play_id":"07da8169-7eef-41cb-ae47-217f1e427e51","local_time":"20190503134815","is_ascension_mode":true,"campfire_choices":[{"floor":8.0,"key":"REST"},{"data":"Noxious Fumes","floor":10.0,"key":"SMITH"},{"data":"Catalyst","floor":15.0,"key":"SMITH"},{"floor":23,"key":"REST"},{"floor":29,"key":"REST"},{"floor":32,"key":"REST"}],"neow_cost":"NONE","seed_source_timestamp":0,"circlet_count":0,"master_deck":["Survivor","Neutralize+1","All Out Attack+1","Noxious Fumes+1","Catalyst+1","Terror","Corpse Explosion","Bouncing Flask","Underhanded Strike","Heel Hook","Backflip","Flying Knee","Sucker Punch","Predator","Poisoned Stab","Noxious Fumes","Footwork","Deadly Poison","Grand Finale","Leg Sweep+1"],"special_seed":0,"relics":["Ring of the Snake","Pocketwatch","Vajra","Peace Pipe","Question Card","Pandora\u0027s Box","Dream Catcher","Smiling Mask","Bag of Preparation","Omamori"],"potions_floor_usage":[24,25,30,33,33],"damage_taken":[{"damage":2.0,"enemies":"Cultist","floor":1.0,"turns":4.0},{"damage":27.0,"enemies":"Lagavulin","floor":6.0,"turns":7.0},{"damage":0.0,"enemies":"Jaw Worm","floor":7.0,"turns":4.0},{"damage":0.0,"enemies":"Small Slimes","floor":11.0,"turns":3.0},{"damage":29.0,"enemies":"Slime Boss","floor":16.0,"turns":7.0},{"damage":2.0,"enemies":"Chosen","floor":18.0,"turns":3.0},{"damage":5.0,"enemies":"Spheric Guardian","floor":19.0,"turns":3.0},{"damage":6,"enemies":"Cultist and Chosen","floor":22,"turns":4},{"damage":16,"enemies":"3 Cultists","floor":24,"turns":3},{"damage":23,"enemies":"Gremlin Leader","floor":25,"turns":5},{"damage":22,"enemies":"Centurion and Healer","floor":27,"turns":4},{"damage":0,"enemies":"Snecko","floor":28,"turns":3},{"damage":28,"enemies":"Slavers","floor":30,"turns":2},{"damage":37,"enemies":"Collector","floor":33,"turns":4}],"seed_played":"-7970936857603015230","potions_obtained":[{"floor":1.0,"key":"AttackPotion"},{"floor":7.0,"key":"SteroidPotion"},{"floor":16.0,"key":"GhostInAJar"},{"floor":19.0,"key":"PowerPotion"},{"floor":27,"key":"FairyPotion"},{"floor":28,"key":"Poison Potion"}],"is_trial":false,"path_per_floor":["M","$","?","?","?","E","M","R","T","R","M","?","T","?","R","B",null,"M","M","$","?","M","R","M","E","T","M","M","R","E","$","R","B"],"character_chosen":"THE_SILENT","items_purchased":["Noxious Fumes","Noxious Fumes","Dexterity Potion","SkillPotion"],"campfire_rested":4,"item_purchase_floors":[2,20,31,31],"current_hp_per_floor":[68,68,54,70,70,43,43,64,64,64,64,61,61,61,61,32,70,68,63,63,63,57,70,54,31,31,9,9,30,2,2,23,0],"gold":43,"neow_bonus":"TRANSFORM_CARD","is_prod":false,"is_daily":false,"chose_seed":false,"campfire_upgraded":2,"win_rate":0,"timestamp":1556905695,"path_taken":["M","$","?","?","?","E","M","R","T","R","?","?","?","?","R","BOSS","M","M","$","?","M","R","M","E","T","M","M","R","E","$","R","BOSS"],"build_version":"2019-01-23","purchased_purges":2,"victory":false,"max_hp_per_floor":[70,70,70,70,70,70,70,70,70,70,70,70,70,70,70,70,70,70,70,70,70,70,70,70,70,70,70,70,70,70,70,70,70],"card_choices":[{"not_picked":["Deflect","Accuracy","Bane"],"picked":"SKIP","floor":1.0},{"not_picked":["Unload","Dash"],"picked":"Catalyst","floor":6.0},{"not_picked":["Riddle With Holes","Acrobatics"],"picked":"Terror","floor":7.0},{"not_picked":["Slice","Flying Knee","Bane"],"picked":"SKIP","floor":11.0},{"not_picked":["Venomology","Tools of the Trade","Grand Finale"],"picked":"Corpse Explosion","floor":16.0},{"not_picked":["Dagger Throw","Choke","Deflect+1","Underhanded Strike"],"picked":"SKIP","floor":18.0},{"not_picked":["Distraction+1","PiercingWail","Masterful Stab+1"],"picked":"Poisoned Stab","floor":19.0},{"not_picked":["Eviscerate","Backflip","Caltrops","Skewer+1"],"picked":"SKIP","floor":22},{"not_picked":["Deflect","All Out Attack","Expertise+1"],"picked":"Footwork","floor":23},{"not_picked":["Concentrate","Prepared","Caltrops+1","Skewer"],"picked":"SKIP","floor":24},{"not_picked":["Tactician+1","Riddle With Holes","Blade Dance+1","All Out Attack"],"picked":"SKIP","floor":25},{"not_picked":["Catalyst","Blur","Cloak And Dagger"],"picked":"Deadly Poison","floor":27},{"not_picked":["Cloak And Dagger+1","Underhanded Strike","Distraction+1"],"picked":"Grand Finale","floor":28},{"not_picked":["Backflip","Outmaneuver+1","Dagger Spray","Catalyst"],"picked":"SKIP","floor":30},{"not_picked":["Dash","Poisoned Stab","Night Terror"],"picked":"Leg Sweep+1","floor":32}],"player_experience":76491,"relics_obtained":[{"floor":6.0,"key":"Pocketwatch"},{"floor":9.0,"key":"Vajra"},{"floor":13.0,"key":"Question Card"},{"floor":25,"key":"Smiling Mask"},{"floor":26,"key":"Bag of Preparation"},{"floor":30,"key":"Omamori"}],"event_choices":[{"damage_healed":0.0,"max_hp_gain":0.0,"max_hp_loss":0.0,"gold_gain":0.0,"event_name":"Shining Light","player_choice":"Entered Light","floor":3.0,"gold_loss":0.0,"damage_taken":14.0,"cards_upgraded":["Defend_G","All Out Attack"]},{"damage_healed":23.0,"max_hp_gain":0.0,"max_hp_loss":0.0,"gold_gain":0.0,"event_name":"Big Fish","player_choice":"Banana","floor":4.0,"gold_loss":0.0,"damage_taken":0.0},{"damage_healed":0.0,"max_hp_gain":0.0,"max_hp_loss":0.0,"gold_gain":0.0,"event_name":"The Cleric","player_choice":"Leave","floor":5.0,"gold_loss":0.0,"damage_taken":0.0},{"damage_healed":0.0,"max_hp_gain":0.0,"max_hp_loss":0.0,"gold_gain":0.0,"event_name":"Scrap Ooze","player_choice":"Success","floor":12.0,"gold_loss":0.0,"damage_taken":3.0,"relics_obtained":["Peace Pipe"]},{"damage_healed":0.0,"max_hp_gain":0.0,"max_hp_loss":0.0,"gold_gain":0.0,"event_name":"Living Wall","player_choice":"Grow","floor":14.0,"gold_loss":0.0,"damage_taken":0.0,"cards_upgraded":["Neutralize"]},{"damage_healed":0,"gold_gain":0,"player_choice":"Obtained Relic","damage_taken":0,"relics_obtained":["Dream Catcher"],"max_hp_gain":0,"max_hp_loss":0,"event_name":"Addict","floor":21,"gold_loss":85}],"is_beta":false,"boss_relics":[{"not_picked":["Lizard Tail","Velvet Choker"],"picked":"Pandora\u0027s Box"}],"items_purged_floors":[20,31],"is_endless":false,"potions_floor_spawned":[1,7,16,19,27,28],"killed_by":"Collector","ascension_level":1}