{"gold_per_floor":[117,36,36,49,49,82,96,121,148,148,148,179,202,216,216,342,342,342,342,342,34,34,34,34,34,34,34,34,34,34,34,34,34],"floor_reached":33,"playtime":3731,"items_purged":["Injury"],"score":279,"play_id":"190c6a8c-7503-42ec-8714-d6c7e6ae39ac","local_time":"20180706003417","is_ascension_mode":false,"campfire_choices":[{"floor":11,"key":"REST"},{"floor":15,"key":"REST"},{"floor":23,"key":"REST"},{"floor":25,"key":"REST"},{"data":"Metallicize","floor":27,"key":"SMITH"},{"floor":32,"key":"REST"}],"neow_cost":"NONE","seed_source_timestamp":192320455306679,"circlet_count":0,"master_deck":["Strike_R","Strike_R","Strike_R","Strike_R","Strike_R","Defend_R","Defend_R","Defend_R","Defend_R","Bash","Flex","Impervious","Doubt","Metallicize","Inflame","Shrug It Off","True Grit","Inflame","Dropkick","Limit Break","Demon Form","Pommel Strike","Rupture","Body Slam+1","Metallicize+1","Armaments","Burning Pact","Second Wind+1","Rage"],"relics":["Lizard Tail","Golden Idol","Orichalcum","Strawberry","Happy Flower","Ectoplasm","Bronze Scales","Boot","Oddly Smooth Stone","Lantern"],"potions_floor_usage":[6,28,28,31,31,31],"damage_taken":[{"damage":1,"enemies":"Cultist","floor":1,"turns":3},{"damage":15,"enemies":"Jaw Worm","floor":4,"turns":6},{"damage":63,"enemies":"Gremlin Nob","floor":6,"turns":6},{"damage":0,"enemies":"Small Slimes","floor":7,"turns":5},{"damage":7,"enemies":"Red Slaver","floor":8,"turns":3},{"damage":1,"enemies":"3 Sentries","floor":12,"turns":13},{"damage":0,"enemies":"3 Louse","floor":13,"turns":5},{"damage":7,"enemies":"2 Fungi Beasts","floor":14,"turns":4},{"damage":41,"enemies":"The Guardian","floor":16,"turns":13},{"damage":12,"enemies":"Spheric Guardian","floor":18,"turns":5},{"damage":14,"enemies":"Chosen","floor":19,"turns":7},{"damage":30,"enemies":"Snake Plant","floor":20,"turns":7},{"damage":2,"enemies":"Centurion and Healer","floor":24,"turns":5},{"damage":41,"enemies":"Book of Stabbing","floor":28,"turns":6},{"damage":12,"enemies":"Chosen and Byrds","floor":29,"turns":8},{"damage":14,"enemies":"Cultist and Chosen","floor":31,"turns":8},{"damage":63,"enemies":"Automaton","floor":33,"turns":6}],"seed_played":"-6454709765427532890","potions_obtained":[{"floor":1,"key":"Poison Potion"},{"floor":12,"key":"Weak Potion"},{"floor":14,"key":"PowerPotion"},{"floor":16,"key":"SkillPotion"},{"floor":28,"key":"Swift Potion"},{"floor":29,"key":"Regen Potion"}],"is_trial":false,"path_per_floor":["M","$","?","M","?","E","M","M","T","?","R","E","M","M","R","B",null,"M","M","M","$","?","R","M","R","T","R","E","M","T","M","R"],"character_chosen":"IRONCLAD","items_purchased":["Impervious","Bronze Scales","Metallicize"],"campfire_rested":5,"item_purchase_floors":[2,21,21],"current_hp_per_floor":[79,79,79,64,64,1,1,40,47,44,70,69,69,62,87,46,87,75,61,31,31,31,57,55,81,81,81,40,28,28,28,54,0],"gold":34,"neow_bonus":"BOSS_RELIC","is_prod":false,"is_daily":false,"chose_seed":false,"campfire_upgraded":1,"win_rate":0.0,"timestamp":1530830057,"path_taken":["M","?","?","?","?","E","M","M","T","?","R","E","M","M","R","BOSS","M","M","M","$","?","R","M","R","T","R","E","?","?","M","R","BOSS"],"build_version":"2018-06-28","purchased_purges":1,"victory":false,"max_hp_per_floor":[80,80,80,80,80,80,80,80,87,87,87,87,87,87,87,87,87,87,87,87,87,87,87,87,87,87,87,87,87,87,87,87,87],"card_choices":[{"not_picked":["Burning Pact","Anger"],"picked":"Flex","floor":1},{"not_picked":["Anger","Pommel Strike"],"picked":"Metallicize","floor":4},{"not_picked":["Heavy Blade","Impervious"],"picked":"Inflame","floor":6},{"not_picked":["Carnage","Burning Pact"],"picked":"Shrug It Off","floor":7},{"not_picked":["Body Slam","Headbutt"],"picked":"True Grit","floor":8},{"not_picked":["Headbutt","Warcry"],"picked":"Inflame","floor":12},{"not_picked":["True Grit","Heavy Blade"],"picked":"Dropkick","floor":13},{"not_picked":["Anger","Burning Pact"],"picked":"Limit Break","floor":14},{"not_picked":["Juggernaut","Offering"],"picked":"Demon Form","floor":16},{"not_picked":["Entrench","Body Slam"],"picked":"Pommel Strike","floor":18},{"not_picked":["Headbutt","Shockwave"],"picked":"Rupture","floor":19},{"not_picked":["Anger","Twin Strike"],"picked":"Body Slam+1","floor":20},{"not_picked":["Rupture","Anger"],"picked":"Armaments","floor":24},{"not_picked":["Shrug It Off","Warcry"],"picked":"Burning Pact","floor":28},{"not_picked":["Offering","Infernal Blade"],"picked":"Second Wind+1","floor":29},{"not_picked":["Clothesline+1","Anger"],"picked":"Rage","floor":31}],"player_experience":17652,"relics_obtained":[{"floor":6,"key":"Orichalcum"},{"floor":9,"key":"Strawberry"},{"floor":12,"key":"Happy Flower"},{"floor":26,"key":"Boot"},{"floor":28,"key":"Oddly Smooth Stone"},{"floor":30,"key":"Lantern"}],"event_choices":[{"event_name":"Match and Keep!","player_choice":"1 cards matched","floor":3,"damage_taken":0},{"event_name":"Golden Idol","player_choice":"Take Wound","floor":5,"damage_taken":0},{"event_name":"Scrap Ooze","player_choice":"unsuccessful","floor":10,"damage_taken":3},{"event_name":"Ghosts","player_choice":"Ignored","floor":22,"damage_taken":0}],"boss_relics":[{"not_picked":["Runic Pyramid","Snecko Eye"],"picked":"Ectoplasm"}],"items_purged_floors":[21],"is_endless":false,"potions_floor_spawned":[1,12,14,16,24,28,29],"killed_by":"Automaton","ascension_level":0}