{"gold_per_floor":[118,135,135,210,210,241,241,257,257,283,304,269,269,303,303,303],"floor_reached":16,"playtime":608,"items_purged":[],"score":162,"play_id":"8031219f-01dd-4af3-ac5b-2125e493b94f","local_time":"20190411191207","is_ascension_mode":true,"campfire_choices":[{"floor":7,"key":"REST"},{"floor":13,"key":"REST"},{"floor":15,"key":"REST"}],"neow_cost":"NONE","seed_source_timestamp":0,"circlet_count":0,"master_deck":["Strike_B","Strike_B","Strike_B","Strike_B+1","Defend_B","Defend_B","Defend_B","Zap","Dualcast","Capacitor+1","Go for the Eyes+1","Cold Snap","Leap","Recycle","Genetic Algorithm+1","Hologram+1","FTL"],"special_seed":0,"relics":["Cracked Core","Question Card","Toxic Egg 2","Blue Candle","Odd Mushroom","Letter Opener"],"potions_floor_usage":[10,11],"damage_taken":[{"damage":1,"enemies":"2 Louse","floor":1,"turns":2},{"damage":12,"enemies":"Jaw Worm","floor":2,"turns":3},{"damage":9,"enemies":"Lagavulin","floor":6,"turns":6},{"damage":0,"enemies":"Small Slimes","floor":8,"turns":3},{"damage":16,"enemies":"Gremlin Nob","floor":10,"turns":4},{"damage":7,"enemies":"The Mushroom Lair","floor":11,"turns":3},{"damage":33,"enemies":"3 Sentries","floor":14,"turns":8},{"damage":62,"enemies":"Slime Boss","floor":16,"turns":7}],"seed_played":"7239883952988942872","potions_obtained":[{"floor":8,"key":"FocusPotion"},{"floor":10,"key":"Explosive Potion"}],"is_trial":false,"path_per_floor":["M","M","?","?","?","E","R","M","T","E","?","?","R","E","R","B"],"character_chosen":"DEFECT","items_purchased":[],"campfire_rested":3,"item_purchase_floors":[],"current_hp_per_floor":[67,55,55,44,29,20,42,42,42,26,19,37,59,26,48,0],"gold":303,"neow_bonus":"TRANSFORM_CARD","is_prod":false,"is_daily":false,"chose_seed":false,"campfire_upgraded":0,"win_rate":0,"timestamp":1555035127,"path_taken":["M","M","?","?","?","E","R","?","T","E","?","?","R","E","R","BOSS"],"build_version":"2019-01-23","purchased_purges":0,"victory":false,"max_hp_per_floor":[75,75,75,75,75,75,75,75,75,75,75,75,75,75,75,75],"card_choices":[{"not_picked":["Gash","Stack"],"picked":"Go for the Eyes","floor":1},{"not_picked":["Compile Driver","Coolheaded"],"picked":"Cold Snap","floor":2},{"not_picked":["Reboot","Capacitor"],"picked":"Leap","floor":6},{"not_picked":["Hologram","Beam Cell","Auto Shields"],"picked":"Recycle","floor":8},{"not_picked":["Reprogram+1","BootSequence+1","Storm"],"picked":"Genetic Algorithm+1","floor":10},{"not_picked":["Capacitor","Steam Power+1","Reprogram+1"],"picked":"Hologram+1","floor":11},{"not_picked":["Leap+1","Hologram+1","Beam Cell"],"picked":"FTL","floor":14}],"player_experience":557318,"relics_obtained":[{"floor":6,"key":"Question Card"},{"floor":9,"key":"Toxic Egg 2"},{"floor":10,"key":"Blue Candle"},{"floor":11,"key":"Odd Mushroom"},{"floor":14,"key":"Letter Opener"}],"event_choices":[{"damage_healed":0,"gold_gain":0,"player_choice":"Grow","damage_taken":0,"max_hp_gain":0,"max_hp_loss":0,"event_name":"Living Wall","floor":3,"gold_loss":0,"cards_upgraded":["Go for the Eyes"]},{"damage_healed":0,"gold_gain":75,"player_choice":"Gather Gold","damage_taken":11,"max_hp_gain":0,"max_hp_loss":0,"event_name":"World of Goop","floor":4,"gold_loss":0},{"damage_healed":0,"gold_gain":0,"player_choice":"Entered Light","damage_taken":15,"max_hp_gain":0,"max_hp_loss":0,"event_name":"Shining Light","floor":5,"gold_loss":0,"cards_upgraded":["Strike_B","Capacitor"]},{"damage_healed":0,"gold_gain":0,"player_choice":"Fought Mushrooms","damage_taken":0,"max_hp_gain":0,"max_hp_loss":0,"event_name":"Mushrooms","floor":11,"gold_loss":0},{"damage_healed":18,"gold_gain":0,"player_choice":"Healed","damage_taken":0,"max_hp_gain":0,"max_hp_loss":0,"event_name":"The Cleric","floor":12,"gold_loss":35}],"is_beta":false,"boss_relics":[],"items_purged_floors":[],"is_endless":false,"potions_floor_spawned":[8,10],"killed_by":"Slime Boss","ascension_level":8}