{"gold_per_floor":[116,130,37,37,54,54,54,79,79,93,113,113,175,194,194,194],"floor_reached":16,"playtime":1640,"items_purged":[],"score":107,"play_id":"8b1215f3-b797-4f49-b333-b0e143d7a663","local_time":"20181226214126","is_ascension_mode":true,"campfire_choices":[{"floor":6,"key":"RECALL"},{"data":"Adrenaline","floor":12,"key":"SMITH"},{"floor":15,"key":"REST"}],"neow_cost":"NONE","seed_source_timestamp":74587934069777,"circlet_count":0,"master_deck":["Defend_G","Defend_G","Defend_G","Defend_G","Defend_G","Strike_G","Strike_G","Strike_G","Strike_G","Strike_G","Survivor","Neutralize","Deflect","Flying Knee","Flechettes+1","Acrobatics","Deflect","Adrenaline+1","Backflip","Slice","Prepared","Slice"],"relics":["Ring of the Snake","Mummified Hand","Meat on the Bone","Juzu Bracelet"],"potions_floor_usage":[8,16,16],"damage_taken":[{"damage":1,"enemies":"Cultist","floor":1,"turns":4},{"damage":0,"enemies":"Small Slimes","floor":2,"turns":4},{"damage":0,"enemies":"2 Louse","floor":5,"turns":3},{"damage":24,"enemies":"3 Sentries","floor":8,"turns":13},{"damage":0,"enemies":"Looter","floor":10,"turns":2},{"damage":0,"enemies":"Large Slime","floor":11,"turns":3},{"damage":6,"enemies":"3 Sentries","floor":13,"turns":9},{"damage":0,"enemies":"Gremlin Gang","floor":14,"turns":5},{"damage":81,"enemies":"The Guardian","floor":16,"turns":16}],"seed_played":"-7295064666304936688","potions_obtained":[{"floor":5,"key":"Swift Potion"},{"floor":8,"key":"LiquidBronze"},{"floor":14,"key":"AttackPotion"}],"is_trial":false,"path_per_floor":["M","M","$","?","M","R","?","E","T","M","M","R","?","M","R","B"],"character_chosen":"THE_SILENT","items_purchased":["Flechettes","Acrobatics"],"campfire_rested":1,"item_purchase_floors":[3,3],"current_hp_per_floor":[76,76,76,76,76,76,73,49,49,49,49,49,43,43,66,0],"gold":194,"neow_bonus":"TEN_PERCENT_HP_BONUS","is_prod":false,"is_daily":false,"chose_seed":false,"campfire_upgraded":1,"win_rate":0,"timestamp":1545878486,"path_taken":["M","?","$","?","M","R","?","E","T","M","M","R","?","M","R","BOSS"],"build_version":"2018-12-20","purchased_purges":0,"victory":false,"max_hp_per_floor":[77,77,77,77,77,77,77,77,77,77,77,77,77,77,77,77],"card_choices":[{"not_picked":["Terror","Dagger Spray"],"picked":"Deflect","floor":1},{"not_picked":["Terror","Dash"],"picked":"Flying Knee","floor":2},{"not_picked":["Poisoned Stab","Sucker Punch"],"picked":"Deflect","floor":5},{"not_picked":["Calculated Gamble","Footwork"],"picked":"Adrenaline","floor":8},{"not_picked":["Bane","Poisoned Stab"],"picked":"Backflip","floor":10},{"not_picked":["Bouncing Flask","Dagger Throw"],"picked":"Slice","floor":11},{"not_picked":["Skewer","Dodge and Roll"],"picked":"Prepared","floor":13},{"not_picked":["Heel Hook","Backflip"],"picked":"Slice","floor":14}],"player_experience":37852,"relics_obtained":[{"floor":8,"key":"Meat on the Bone"}],"event_choices":[{"damage_healed":0,"gold_gain":0,"player_choice":"Grow","damage_taken":0,"max_hp_gain":0,"max_hp_loss":0,"event_name":"Living Wall","floor":4,"gold_loss":0,"cards_upgraded":["Flechettes"]},{"damage_healed":0,"gold_gain":0,"player_choice":"Success","damage_taken":3,"relics_obtained":["Mummified Hand"],"max_hp_gain":0,"max_hp_loss":0,"event_name":"Scrap Ooze","floor":7,"gold_loss":0},{"damage_healed":0,"gold_gain":30,"player_choice":"Searched \u00273\u0027 times","damage_taken":0,"relics_obtained":["Juzu Bracelet"],"max_hp_gain":0,"max_hp_loss":0,"event_name":"Dead Adventurer","floor":13,"gold_loss":0}],"is_beta":false,"boss_relics":[],"items_purged_floors":[],"is_endless":false,"potions_floor_spawned":[5,8,14],"killed_by":"The Guardian","ascension_level":1}