{"gold_per_floor":[118,136,236,255,268,294,306,306,306,271,288,288,288,298,298,402,402,415,432,442,83,83,114,114,24,74,74,92,92,107,107,107,107],"floor_reached":33,"playtime":2043,"items_purged":[],"score":269,"play_id":"5b494226-24cd-4b69-aae8-9d7812616d08","local_time":"20190412233233","is_ascension_mode":false,"campfire_choices":[{"data":"Cloak And Dagger","floor":8,"key":"SMITH"},{"data":"Concentrate","floor":15,"key":"SMITH"},{"data":"Malaise","floor":24,"key":"SMITH"},{"floor":27,"key":"REST"},{"data":"Footwork","floor":29,"key":"SMITH"},{"floor":32,"key":"REST"}],"neow_cost":"NONE","seed_source_timestamp":196247931231100,"circlet_count":0,"master_deck":["Defend_G","Defend_G","Defend_G","Defend_G","Strike_G+1","Strike_G+1","Strike_G","Survivor","Neutralize+1","Infinite Blades","Dagger Throw+1","Finisher","Cloak And Dagger+1","Blade Dance","PiercingWail","Deflect","Malaise+1","Cloak And Dagger","Bouncing Flask+1","Footwork+1","Panacea","Deadly Poison","Expertise","Dagger Spray","Finisher","Well Laid Plans"],"relics":["Ring of the Snake","Potion Belt","Bag of Preparation","WristBlade","Sling","Whetstone","Omamori"],"potions_floor_usage":[2,5,16,19,20,28],"damage_taken":[{"damage":0,"enemies":"Small Slimes","floor":1,"turns":3},{"damage":0,"enemies":"Cultist","floor":2,"turns":3},{"damage":1,"enemies":"Jaw Worm","floor":4,"turns":5},{"damage":12,"enemies":"Large Slime","floor":5,"turns":5},{"damage":14,"enemies":"3 Sentries","floor":6,"turns":7},{"damage":17,"enemies":"Gremlin Gang","floor":7,"turns":7},{"damage":1,"enemies":"Looter","floor":11,"turns":2},{"damage":2,"enemies":"Blue Slaver","floor":14,"turns":4},{"damage":27,"enemies":"Hexaghost","floor":16,"turns":10},{"damage":9,"enemies":"3 Byrds","floor":18,"turns":4},{"damage":5,"enemies":"Spheric Guardian","floor":19,"turns":3},{"damage":8,"enemies":"Snake Plant","floor":20,"turns":6},{"damage":16,"enemies":"Book of Stabbing","floor":23,"turns":6},{"damage":18,"enemies":"Centurion and Healer","floor":28,"turns":7},{"damage":12,"enemies":"Cultist and Chosen","floor":30,"turns":6},{"damage":69,"enemies":"Champ","floor":33,"turns":14}],"seed_played":"3207399457654119187","potions_obtained":[{"floor":1,"key":"Fire Potion"},{"floor":2,"key":"EssenceOfSteel"},{"floor":11,"key":"Strength Potion"},{"floor":14,"key":"FairyPotion"},{"floor":18,"key":"Poison Potion"},{"floor":19,"key":"AttackPotion"},{"floor":23,"key":"SteroidPotion"}],"is_trial":false,"path_per_floor":["M","M","?","M","M","E","M","R","T","?","M","?","?","M","R","B",null,"M","M","M","$","?","E","R","?","T","R","M","R","M","?","R","B"],"character_chosen":"THE_SILENT","items_purchased":["Footwork","Panacea","Sling"],"campfire_rested":2,"item_purchase_floors":[21,21,21],"current_hp_per_floor":[77,77,77,76,64,50,33,33,33,52,51,51,51,49,49,22,77,68,63,55,55,55,39,39,39,39,62,44,44,32,32,55,0],"gold":107,"neow_bonus":"TEN_PERCENT_HP_BONUS","is_prod":false,"is_daily":false,"chose_seed":false,"campfire_upgraded":4,"win_rate":0.0,"timestamp":1555129953,"path_taken":["M","M","?","?","M","E","M","R","T","?","M","?","?","M","R","BOSS","M","?","M","$","?","E","R","?","T","R","?","R","M","?","R","BOSS"],"build_version":"2019-01-23","purchased_purges":0,"victory":false,"max_hp_per_floor":[77,77,77,77,77,77,77,77,77,77,77,77,77,77,77,77,77,77,77,77,77,77,77,77,77,77,77,77,77,77,77,77,77],"card_choices":[{"not_picked":["Concentrate","Outmaneuver"],"picked":"Infinite Blades","floor":1},{"not_picked":["Outmaneuver","Heel Hook"],"picked":"Dagger Throw","floor":2},{"not_picked":["Well Laid Plans","Acrobatics"],"picked":"Finisher","floor":4},{"not_picked":["Deflect","Prepared"],"picked":"Cloak And Dagger","floor":5},{"not_picked":["Heel Hook","Wraith Form v2","Tactician"],"picked":"SKIP","floor":6},{"not_picked":["PiercingWail","Skewer"],"picked":"Blade Dance","floor":7},{"not_picked":["Prepared","Underhanded Strike"],"picked":"PiercingWail","floor":11},{"not_picked":["Caltrops","Calculated Gamble"],"picked":"Concentrate","floor":14},{"not_picked":["Die Die Die","Tools of the Trade"],"picked":"Malaise","floor":16},{"not_picked":["Bane+1","Catalyst","Expertise"],"picked":"SKIP","floor":18},{"not_picked":["Underhanded Strike","Blade Dance"],"picked":"Cloak And Dagger","floor":19},{"not_picked":["Calculated Gamble+1","Predator+1"],"picked":"Bouncing Flask+1","floor":20},{"not_picked":["Predator+1","Bane"],"picked":"Dagger Spray","floor":23},{"not_picked":["Outmaneuver","Night Terror"],"picked":"Finisher","floor":28},{"not_picked":["Dagger Spray+1","Slice"],"picked":"Well Laid Plans","floor":30}],"player_experience":106225,"relics_obtained":[{"floor":6,"key":"Potion Belt"},{"floor":9,"key":"Bag of Preparation"},{"floor":23,"key":"Whetstone"},{"floor":26,"key":"Omamori"}],"event_choices":[{"damage_healed":0,"gold_gain":100,"player_choice":"Gold","damage_taken":0,"max_hp_gain":0,"max_hp_loss":0,"event_name":"Wheel of Change","floor":3,"gold_loss":0},{"damage_healed":19,"gold_gain":0,"player_choice":"Healed","damage_taken":0,"max_hp_gain":0,"max_hp_loss":0,"event_name":"The Cleric","floor":10,"gold_loss":35},{"damage_healed":0,"gold_gain":0,"cards_transformed":["Strike_G"],"player_choice":"Change","damage_taken":0,"max_hp_gain":0,"max_hp_loss":0,"event_name":"Living Wall","floor":12,"gold_loss":0,"cards_obtained":["Deflect"]},{"damage_healed":0,"gold_gain":0,"player_choice":"Upgraded","damage_taken":0,"max_hp_gain":0,"max_hp_loss":0,"event_name":"Upgrade Shrine","floor":13,"gold_loss":0,"cards_upgraded":["Neutralize"]},{"damage_healed":0,"gold_gain":0,"cards_transformed":["Defend_G","Strike_G"],"player_choice":"Became Test Subject","damage_taken":0,"max_hp_gain":0,"max_hp_loss":0,"event_name":"Drug Dealer","floor":22,"gold_loss":0,"cards_obtained":["Deadly Poison","Expertise"]},{"cards_removed":["Concentrate"],"damage_healed":0,"gold_gain":0,"player_choice":"Upgrade and Remove","damage_taken":0,"max_hp_gain":0,"max_hp_loss":0,"event_name":"Designer","floor":25,"gold_loss":90,"cards_upgraded":["Dagger Throw"]},{"damage_healed":0,"gold_gain":0,"player_choice":"Ignored","damage_taken":0,"max_hp_gain":0,"max_hp_loss":0,"event_name":"Cursed Tome","floor":31,"gold_loss":0}],"is_beta":false,"boss_relics":[{"not_picked":["Coffee Dripper","HoveringKite"],"picked":"WristBlade"}],"items_purged_floors":[],"is_endless":false,"potions_floor_spawned":[1,2,11,14,18,19,23],"killed_by":"Champ","ascension_level":0}