{"gold_per_floor":[119,119,136,107,32,67,81,81,81,101,101,120,120,132,132,232,232,250,5,5,24,35,35,49,74,74,74,74,74,89,89,89,188,188,207,217,263,277,277],"floor_reached":39,"playtime":1539,"items_purged":["Strike_B","Defend_B+1"],"score":403,"play_id":"15b0883c-02ed-495b-856d-ac2d4912024a","local_time":"20190322095432","is_ascension_mode":false,"campfire_choices":[{"floor":8,"key":"RECALL"},{"data":"Zap","floor":11,"key":"SMITH"},{"floor":13,"key":"REST"},{"data":"Coolheaded","floor":15,"key":"SMITH"},{"data":"Dualcast","floor":23,"key":"SMITH"},{"floor":29,"key":"REST"},{"floor":32,"key":"REST"}],"neow_cost":"TEN_PERCENT_HP_LOSS","seed_source_timestamp":215713003790800,"circlet_count":0,"master_deck":["Strike_B+1","Defend_B+1","Zap+1","Dualcast+1","Streamline","Ball Lightning","Loop","Coolheaded+1","Glacier","Coolheaded+1","Machine Learning","Scrape+1","White Noise","Gash","Force Field+1","Echo Form","Gash","Blizzard","Static Discharge+1","Meteor Strike","Redo+1"],"relics":["Cracked Core","Mummified Hand","Empty Cage","War Paint","Dream Catcher","Bottled Flame","MutagenicStrength","Toxic Egg 2","Philosopher\u0027s Stone","Omamori"],"potions_floor_usage":[10,16,18,25,25,35,39],"damage_taken":[{"damage":1,"enemies":"Jaw Worm","floor":1,"turns":3},{"damage":0,"enemies":"Small Slimes","floor":3,"turns":2},{"damage":23,"enemies":"Lagavulin","floor":6,"turns":5},{"damage":1,"enemies":"Cultist","floor":7,"turns":3},{"damage":10,"enemies":"Exordium Thugs","floor":10,"turns":3},{"damage":5,"enemies":"Blue Slaver","floor":12,"turns":3},{"damage":5,"enemies":"Large Slime","floor":14,"turns":4},{"damage":16,"enemies":"The Guardian","floor":16,"turns":12},{"damage":2,"enemies":"Chosen","floor":18,"turns":4},{"damage":12,"enemies":"Shell Parasite","floor":21,"turns":4},{"damage":27,"enemies":"3 Cultists","floor":22,"turns":4},{"damage":10,"enemies":"Shelled Parasite and Fungi","floor":24,"turns":5},{"damage":4,"enemies":"Book of Stabbing","floor":25,"turns":6},{"damage":11,"enemies":"Cultist and Chosen","floor":30,"turns":4},{"damage":7,"enemies":"Collector","floor":33,"turns":7},{"damage":28,"enemies":"3 Darklings","floor":35,"turns":4},{"damage":16,"enemies":"Orb Walker","floor":36,"turns":3},{"damage":0,"enemies":"Transient","floor":38,"turns":5},{"damage":27,"enemies":"Writhing Mass","floor":39,"turns":3}],"seed_played":"-1560182781961255811","potions_obtained":[{"floor":6,"key":"Fire Potion"},{"floor":12,"key":"Ancient Potion"},{"floor":14,"key":"SteroidPotion"},{"floor":16,"key":"Explosive Potion"},{"floor":22,"key":"FearPotion"},{"floor":24,"key":"Weak Potion"},{"floor":33,"key":"SkillPotion"}],"is_trial":false,"path_per_floor":["M","?","M","?","$","E","M","R","T","M","R","M","R","M","R","B",null,"M","$","?","M","M","R","M","E","T","?","$","R","M","T","R","B",null,"M","M","T","M","M"],"character_chosen":"DEFECT","items_purchased":["War Paint"],"campfire_rested":3,"item_purchase_floors":[19],"current_hp_per_floor":[67,53,53,53,53,30,29,29,29,19,19,14,34,29,29,13,68,66,66,66,54,27,27,17,13,13,13,13,33,22,22,42,35,68,40,24,24,24,0],"gold":277,"neow_bonus":"REMOVE_TWO","is_prod":false,"is_daily":false,"chose_seed":false,"campfire_upgraded":3,"win_rate":0,"timestamp":1553219672,"path_taken":["M","?","M","?","$","E","M","R","T","M","R","M","R","M","R","BOSS","M","$","?","M","M","R","M","E","T","?","$","R","M","?","R","BOSS","M","M","?","M","M"],"build_version":"2019-01-23","purchased_purges":2,"victory":false,"max_hp_per_floor":[68,68,68,68,68,68,68,68,68,68,68,68,68,68,68,68,68,68,68,68,68,68,68,68,68,68,68,68,68,68,68,68,68,68,68,68,68,68,68],"card_choices":[{"not_picked":["Go for the Eyes","Cold Snap"],"picked":"Streamline","floor":1},{"not_picked":["Streamline","Rebound"],"picked":"Ball Lightning","floor":3},{"not_picked":["Rip and Tear","Rebound"],"picked":"Loop","floor":6},{"not_picked":["Redo","Beam Cell","Rebound"],"picked":"SKIP","floor":7},{"not_picked":["Barrage","Leap"],"picked":"Coolheaded","floor":10},{"not_picked":["Conserve Battery","Coolheaded"],"picked":"Glacier","floor":12},{"not_picked":["Turbo","Steam"],"picked":"Coolheaded","floor":14},{"not_picked":["Amplify","Meteor Strike"],"picked":"Machine Learning","floor":16},{"not_picked":["Cold Snap","Melter"],"picked":"Scrape+1","floor":18},{"not_picked":["Stack","Double Energy"],"picked":"White Noise","floor":21},{"not_picked":["White Noise","Ball Lightning"],"picked":"Gash","floor":22},{"not_picked":["Reprogram","Redo+1"],"picked":"Force Field+1","floor":24},{"not_picked":["Leap","White Noise"],"picked":"Echo Form","floor":25},{"not_picked":["Hologram+1","Doom and Gloom"],"picked":"Gash","floor":29},{"not_picked":["Chill","Fusion"],"picked":"Blizzard","floor":30},{"not_picked":["Compile Driver","Steam+1"],"picked":"Static Discharge+1","floor":32},{"not_picked":["Multi-Cast+1","Rainbow+1"],"picked":"Meteor Strike","floor":33},{"not_picked":["Stack+1","Leap+1"],"picked":"Redo+1","floor":35},{"not_picked":["Coolheaded+1","Steam+1","Beam Cell+1"],"picked":"SKIP","floor":36},{"not_picked":["Reprogram+1","Go for the Eyes","Steam+1"],"picked":"SKIP","floor":38}],"player_experience":416163,"relics_obtained":[{"floor":6,"key":"Mummified Hand"},{"floor":25,"key":"Dream Catcher"},{"floor":26,"key":"Bottled Flame"},{"floor":31,"key":"Toxic Egg 2"},{"floor":37,"key":"Omamori"}],"event_choices":[{"damage_healed":0,"gold_gain":0,"player_choice":"Entered Light","damage_taken":14,"max_hp_gain":0,"max_hp_loss":0,"event_name":"Shining Light","floor":2,"gold_loss":0,"cards_upgraded":["Strike_B","Defend_B"]},{"damage_healed":0,"gold_gain":0,"player_choice":"Left Gold","damage_taken":0,"max_hp_gain":0,"max_hp_loss":0,"event_name":"World of Goop","floor":4,"gold_loss":29},{"damage_healed":0,"gold_gain":0,"player_choice":"Inject Mutagens","damage_taken":0,"relics_obtained":["MutagenicStrength"],"max_hp_gain":0,"max_hp_loss":0,"event_name":"Drug Dealer","floor":27,"gold_loss":0}],"is_beta":false,"boss_relics":[{"not_picked":["Sozu","Runic Dome"],"picked":"Empty Cage"},{"not_picked":["Fusion Hammer","Astrolabe"],"picked":"Philosopher\u0027s Stone"}],"items_purged_floors":[5,19],"is_endless":false,"potions_floor_spawned":[6,12,14,16,22,24,33],"killed_by":"Writhing Mass","ascension_level":0}