{"gold_per_floor":[112,130,130,100,118,149,74,74,74,100,110,110,165,185,185,280,280,299,299,222,222,234,265,265,265,265,265],"floor_reached":27,"playtime":1050,"items_purged":["Strike_B"],"score":287,"play_id":"3771e36a-60fe-481f-ac49-01f3e391b80b","local_time":"20180818022023","is_ascension_mode":true,"campfire_choices":[{"floor":8,"key":"REST"},{"data":"Leap","floor":12,"key":"SMITH"},{"floor":15,"key":"REST"},{"floor":25,"key":"REST"}],"neow_cost":"","seed_source_timestamp":115904285989849,"circlet_count":0,"master_deck":["Strike_B","Defend_B","Defend_B","Defend_B","Defend_B","Zap","Dualcast","Double Energy","Turbo","Sunder+1","Streamline+1","Leap+1","Auto Shields","Conserve Battery","Core Surge+1","Beam Cell+1","Leap","J.A.X.","Go for the Eyes+1"],"relics":["Cracked Core","Bottled Lightning","Thread and Needle","Whetstone","Molten Egg 2","Black Star","Regal Pillow","Happy Flower","Toxic Egg 2"],"potions_floor_usage":[10,16,16,16,18,23,27],"damage_taken":[{"damage":4,"enemies":"Jaw Worm","floor":1,"turns":4},{"damage":11,"enemies":"Small Slimes","floor":2,"turns":4},{"damage":0,"enemies":"2 Louse","floor":5,"turns":1},{"damage":30,"enemies":"Lagavulin","floor":6,"turns":5},{"damage":6,"enemies":"3 Sentries","floor":10,"turns":7},{"damage":0,"enemies":"Large Slime","floor":11,"turns":4},{"damage":0,"enemies":"Gremlin Nob","floor":13,"turns":3},{"damage":11,"enemies":"Gremlin Gang","floor":14,"turns":4},{"damage":9,"enemies":"The Guardian","floor":16,"turns":11},{"damage":9,"enemies":"2 Thieves","floor":18,"turns":4},{"damage":3,"enemies":"3 Byrds","floor":22,"turns":5},{"damage":44,"enemies":"Book of Stabbing","floor":23,"turns":6},{"damage":72,"enemies":"Gremlin Leader","floor":27,"turns":8}],"seed_played":"948300013053797683","potions_obtained":[{"floor":1,"key":"EntropicBrew"},{"floor":4,"key":"Weak Potion"},{"floor":4,"key":"SmokeBomb"},{"floor":5,"key":"LiquidBronze"},{"floor":10,"key":"Energy Potion"},{"floor":16,"key":"Ancient Potion"},{"floor":23,"key":"AttackPotion"}],"is_trial":false,"path_per_floor":["M","M","?","?","M","E","$","R","T","E","M","R","?","M","R","B",null,"M","?","?","?","M","E","$","R","T"],"character_chosen":"DEFECT","items_purchased":[],"campfire_rested":3,"item_purchase_floors":[],"current_hp_per_floor":[71,60,60,60,60,30,30,52,52,46,46,46,46,35,57,48,75,66,66,66,66,63,19,19,56,56,0],"gold":265,"neow_bonus":"","is_prod":false,"is_daily":false,"chose_seed":false,"campfire_upgraded":1,"win_rate":0,"timestamp":1534551623,"path_taken":["M","M","?","?","?","E","$","R","T","E","M","R","?","M","R","BOSS","M","?","?","?","M","E","$","R","T","E"],"build_version":"2018-08-16","purchased_purges":1,"victory":false,"max_hp_per_floor":[75,75,75,75,75,75,75,75,75,75,75,75,75,75,75,75,75,75,75,75,75,75,75,75,75,75,75],"card_choices":[{"not_picked":["Coolheaded","Cold Snap"],"picked":"Double Energy","floor":1},{"not_picked":["Cold Snap","Gash"],"picked":"Turbo","floor":2},{"not_picked":["Lockon","Steam"],"picked":"Streamline","floor":5},{"not_picked":["Go for the Eyes","Reprogram"],"picked":"Leap","floor":6},{"not_picked":["Redo","Consume","Hologram"],"picked":"SKIP","floor":10},{"not_picked":["Storm","Coolheaded"],"picked":"Auto Shields","floor":11},{"not_picked":["Fission","Leap"],"picked":"Conserve Battery","floor":14},{"not_picked":["Hyperbeam+1","All For One+1"],"picked":"Core Surge+1","floor":16},{"not_picked":["Sunder+1","Self Repair+1"],"picked":"Beam Cell+1","floor":18},{"not_picked":["Reprogram","Turbo","Redo"],"picked":"SKIP","floor":22},{"not_picked":["Stack","Steam"],"picked":"Go for the Eyes+1","floor":23}],"player_experience":77118,"relics_obtained":[{"floor":6,"key":"Bottled Lightning"},{"floor":9,"key":"Thread and Needle"},{"floor":10,"key":"Whetstone"},{"floor":13,"key":"Molten Egg 2"},{"floor":23,"key":"Regal Pillow"},{"floor":23,"key":"Happy Flower"},{"floor":26,"key":"Toxic Egg 2"}],"event_choices":[{"event_name":"Living Wall","player_choice":"Change","floor":3,"damage_taken":0},{"event_name":"The Woman in Blue","player_choice":"Bought 2 Potions","floor":4,"damage_taken":0},{"event_name":"Dead Adventurer","player_choice":"Searched \u00272\u0027 times","floor":13,"damage_taken":0},{"event_name":"Transmorgrifier","player_choice":"Transform","floor":19,"damage_taken":0},{"event_name":"Drug Dealer","player_choice":"Got JAXXED","floor":20,"damage_taken":0},{"event_name":"Vampires","player_choice":"Ignored","floor":21,"damage_taken":0}],"is_beta":true,"boss_relics":[{"not_picked":["Calling Bell","Lizard Tail"],"picked":"Black Star"}],"items_purged_floors":[7],"is_endless":false,"potions_floor_spawned":[1,5,10,14,16,23],"killed_by":"Gremlin Leader","ascension_level":4}