{"gold_per_floor":[109,121,69,83,83,112,112,112,112,122,136,162,110,120,120,221,221,209,209,11,11],"floor_reached":21,"playtime":1488,"items_purged":[],"score":274,"play_id":"de7bc032-8ad6-42f3-bfd3-cf70a8eb6b32","local_time":"20190126191941","is_ascension_mode":true,"campfire_choices":[{"floor":7.0,"key":"REST"},{"floor":15,"key":"REST"}],"neow_cost":"NONE","seed_source_timestamp":187889629353389,"circlet_count":0,"master_deck":["Strike_R","Strike_R+1","Strike_R","Strike_R","Strike_R+1","Defend_R","Defend_R","Defend_R","Defend_R","Bash","Clash","Bloodletting","Armaments","Pommel Strike","Uppercut","Second Wind","Evolve","Impervious"],"special_seed":0,"relics":["Black Blood","Whetstone","Singing Bowl","Pen Nib","Regal Pillow","Bottled Flame","Ginger","Brimstone"],"potions_floor_usage":[16,16,18,21,21],"damage_taken":[{"damage":1.0,"enemies":"Cultist","floor":1.0,"turns":4.0},{"damage":0.0,"enemies":"Small Slimes","floor":2.0,"turns":3.0},{"damage":5.0,"enemies":"Jaw Worm","floor":4.0,"turns":5.0},{"damage":32.0,"enemies":"Lagavulin","floor":6.0,"turns":7.0},{"damage":6.0,"enemies":"Blue Slaver","floor":10.0,"turns":4.0},{"damage":5.0,"enemies":"Red Slaver","floor":11.0,"turns":4.0},{"damage":8.0,"enemies":"Gremlin Nob","floor":12.0,"turns":4.0},{"damage":6,"enemies":"Lots of Slimes","floor":14,"turns":3},{"damage":39,"enemies":"Slime Boss","floor":16,"turns":13},{"damage":11,"enemies":"2 Thieves","floor":18,"turns":4},{"damage":80,"enemies":"3 Byrds","floor":21,"turns":4}],"seed_played":"-3147854952024221631","potions_obtained":[{"floor":2.0,"key":"Ancient Potion"},{"floor":10.0,"key":"SneckoOil"},{"floor":14,"key":"Energy Potion"},{"floor":16,"key":"Weak Potion"},{"floor":18,"key":"Poison Potion"}],"is_trial":false,"path_per_floor":["M","M","$","M","T","E","R","?","T","M","M","E","$","M","R","B",null,"M","?","$","M"],"character_chosen":"IRONCLAD","items_purchased":["Dexterity Potion","Strength Potion","Brimstone"],"campfire_rested":2,"item_purchase_floors":[3,13,20],"current_hp_per_floor":[77,80,80,80,80,54,78,60,60,60,61,61,61,61,82,49,74,75,75,75,0],"gold":11,"neow_bonus":"RANDOM_COMMON_RELIC","is_prod":false,"is_daily":false,"chose_seed":false,"campfire_upgraded":0,"win_rate":0,"timestamp":1548526781,"path_taken":["M","M","$","M","?","E","R","?","T","M","M","E","$","M","R","BOSS","M","?","$","M"],"build_version":"2019-01-23","purchased_purges":0,"victory":false,"max_hp_per_floor":[80,80,80,80,80,80,80,80,80,80,80,82,82,82,82,82,82,84,84,84,84],"card_choices":[{"not_picked":["True Grit","Thunderclap"],"picked":"Clash","floor":1.0},{"not_picked":["Corruption","Perfected Strike"],"picked":"Bloodletting","floor":2.0},{"not_picked":["Anger","Rage"],"picked":"Armaments","floor":4.0},{"not_picked":["Twin Strike","Burning Pact"],"picked":"Pommel Strike","floor":6.0},{"not_picked":["Offering","Cleave"],"picked":"Uppercut","floor":10.0},{"not_picked":["Perfected Strike","Body Slam"],"picked":"Second Wind","floor":11.0},{"not_picked":["Sentinel","Disarm","True Grit"],"picked":"Singing Bowl","floor":12.0},{"not_picked":["Sword Boomerang","Cleave"],"picked":"Evolve","floor":14},{"not_picked":["Limit Break","Immolate"],"picked":"Impervious","floor":16},{"not_picked":["Perfected Strike","Flex","Anger"],"picked":"Singing Bowl","floor":18}],"player_experience":388583,"relics_obtained":[{"floor":5.0,"key":"Singing Bowl"},{"floor":6.0,"key":"Pen Nib"},{"floor":9.0,"key":"Bottled Flame"},{"floor":12.0,"key":"Ginger"}],"event_choices":[{"damage_healed":0.0,"max_hp_gain":0.0,"max_hp_loss":0.0,"gold_gain":0.0,"event_name":"Scrap Ooze","player_choice":"Success","floor":8.0,"gold_loss":0.0,"damage_taken":18.0,"relics_obtained":["Regal Pillow"]},{"damage_healed":0,"gold_gain":0,"player_choice":"Ignored","damage_taken":0,"max_hp_gain":0,"max_hp_loss":0,"event_name":"Ghosts","floor":19,"gold_loss":0}],"is_beta":false,"boss_relics":[{"not_picked":["Busted Crown","Empty Cage"],"picked":"Black Blood"}],"items_purged_floors":[],"is_endless":false,"potions_floor_spawned":[2,10,14,16,18],"killed_by":"3 Byrds","ascension_level":9}