{"gold_per_floor":[114,73,93,105,117,117,145,161,161,161,177,197,208,221,221,297,297,309,321,21,21,38,38,48,48,48,48],"floor_reached":27,"playtime":1744,"items_purged":[],"score":442,"play_id":"0c6d3928-47ac-407f-9ae7-1730f1130017","local_time":"20190425034000","is_ascension_mode":true,"campfire_choices":[{"data":"Glass Knife","floor":6.0,"key":"SMITH"},{"floor":15.0,"key":"REST"},{"floor":23,"key":"REST"}],"neow_cost":"NONE","seed_source_timestamp":841225075762900,"circlet_count":0,"master_deck":["AscendersBane","Defend_G","Defend_G","Defend_G","Defend_G","Defend_G","Strike_G","Strike_G","Strike_G","Strike_G","Strike_G","Survivor","Neutralize","Poisoned Stab","Crippling Poison","Glass Knife+1","Skewer","Backflip","Leg Sweep","PiercingWail","Blur","Deadly Poison","Noxious Fumes","Mayhem","Backstab","RitualDagger","Predator+1","PiercingWail"],"special_seed":0,"relics":["Ring of the Snake","NeowsBlessing","Bottled Flame","Bronze Scales","Philosopher\u0027s Stone","Regal Pillow"],"potions_floor_usage":[18,18,22,24],"damage_taken":[{"damage":0.0,"enemies":"Cultist","floor":1.0,"turns":1.0},{"damage":0.0,"enemies":"2 Louse","floor":3.0,"turns":1.0},{"damage":0.0,"enemies":"Jaw Worm","floor":4.0,"turns":1.0},{"damage":6.0,"enemies":"Looter","floor":5.0,"turns":4.0},{"damage":24.0,"enemies":"3 Sentries","floor":7.0,"turns":10.0},{"damage":0.0,"enemies":"2 Fungi Beasts","floor":8.0,"turns":3.0},{"damage":0.0,"enemies":"3 Louse","floor":11.0,"turns":2.0},{"damage":3.0,"enemies":"Blue Slaver","floor":12.0,"turns":3.0},{"damage":4.0,"enemies":"Red Slaver","floor":13.0,"turns":2.0},{"damage":2.0,"enemies":"3 Louse","floor":14.0,"turns":4.0},{"damage":27.0,"enemies":"The Guardian","floor":16.0,"turns":11.0},{"damage":0,"enemies":"3 Byrds","floor":18,"turns":3},{"damage":25,"enemies":"Spheric Guardian","floor":19,"turns":6},{"damage":14,"enemies":"Snake Plant","floor":22,"turns":3},{"damage":11,"enemies":"Snecko","floor":24,"turns":5},{"damage":0,"enemies":"Shelled Parasite and Fungi","floor":27,"turns":1}],"seed_played":"444804569635080508","potions_obtained":[{"floor":1.0,"key":"LiquidBronze"},{"floor":4.0,"key":"Poison Potion"},{"floor":7.0,"key":"Block Potion"},{"floor":13.0,"key":"SkillPotion"},{"floor":16.0,"key":"EssenceOfSteel"},{"floor":18,"key":"Explosive Potion"},{"floor":22,"key":"AttackPotion"}],"is_trial":false,"path_per_floor":["M","$","M","M","M","R","E","M","T","?","M","M","M","M","R","B",null,"M","M","$","?","M","R","M","$","T","M"],"character_chosen":"THE_SILENT","items_purchased":["Crippling Poison","Mayhem","Backstab"],"campfire_rested":2,"item_purchase_floors":[2,20,20],"current_hp_per_floor":[59,59,59,59,53,53,29,29,29,29,29,26,22,20,39,12,53,53,28,28,22,8,27,16,16,16,16],"gold":48,"neow_bonus":"THREE_ENEMY_KILL","is_prod":false,"is_daily":false,"chose_seed":false,"campfire_upgraded":1,"win_rate":0,"timestamp":1556178000,"path_taken":["M","$","M","M","M","R","E","?","T","?","M","M","M","M","R","BOSS","M","M","$","?","M","R","M","$","T","M"],"build_version":"2019-04-23","purchased_purges":0,"victory":false,"max_hp_per_floor":[66,66,66,66,66,66,66,66,66,66,66,66,66,66,66,66,66,66,66,66,66,66,66,66,66,66,66],"card_choices":[{"not_picked":["Eviscerate","Outmaneuver"],"picked":"Poisoned Stab","floor":1.0},{"not_picked":["Flying Knee","Eviscerate","Outmaneuver"],"picked":"SKIP","floor":3.0},{"not_picked":["Dagger Throw","Underhanded Strike","Blade Dance"],"picked":"SKIP","floor":4.0},{"not_picked":["Poisoned Stab","Outmaneuver"],"picked":"Glass Knife","floor":5.0},{"not_picked":["Crippling Poison","Dagger Throw"],"picked":"Skewer","floor":7.0},{"not_picked":["Acrobatics","Underhanded Strike","Bane"],"picked":"SKIP","floor":8.0},{"not_picked":["Setup","Tactician"],"picked":"Backflip","floor":11.0},{"not_picked":["Distraction","Deadly Poison"],"picked":"Leg Sweep","floor":12.0},{"not_picked":["Reflex","Blade Dance"],"picked":"PiercingWail","floor":13.0},{"not_picked":["Blade Dance","Flying Knee"],"picked":"Blur","floor":14.0},{"not_picked":["Acrobatics","Deflect+1"],"picked":"Deadly Poison","floor":18},{"not_picked":["Eviscerate","Poisoned Stab"],"picked":"Noxious Fumes","floor":19},{"not_picked":["Endless Agony","Masterful Stab"],"picked":"Predator+1","floor":22},{"not_picked":["Cloak And Dagger+1","Slice"],"picked":"PiercingWail","floor":24}],"player_experience":1373237,"relics_obtained":[{"floor":7.0,"key":"Bottled Flame"},{"floor":9.0,"key":"Bronze Scales"},{"floor":26,"key":"Regal Pillow"}],"event_choices":[{"damage_healed":0.0,"max_hp_gain":0.0,"max_hp_loss":0.0,"gold_gain":0.0,"event_name":"Dead Adventurer","player_choice":"Searched \u00270\u0027 times","floor":10.0,"gold_loss":0.0,"damage_taken":0.0},{"damage_healed":0,"gold_gain":0,"player_choice":"Joined the Cult","damage_taken":6,"max_hp_gain":0,"max_hp_loss":0,"event_name":"Nest","floor":21,"gold_loss":0,"cards_obtained":["RitualDagger"]}],"is_beta":true,"boss_relics":[{"not_picked":["Tiny House","Lizard Tail"],"picked":"Philosopher\u0027s Stone"}],"items_purged_floors":[],"is_endless":false,"potions_floor_spawned":[1,4,7,13,14,16,18,22],"killed_by":"Shelled Parasite and Fungi","ascension_level":20}