{"gold_per_floor":[116,291,68,86,86,86,112,112,112,122,147,147,157,176,176,281,281,293,208,208,224,242,242,242],"floor_reached":24,"playtime":1181,"items_purged":["Doubt"],"score":196,"play_id":"69b52f0f-b21e-4e14-ae7f-7d14d4be9a34","local_time":"20190424074726","is_ascension_mode":false,"campfire_choices":[{"data":"Redo","floor":6,"key":"SMITH"},{"floor":12,"key":"RECALL"},{"floor":15,"key":"REST"},{"floor":23,"key":"REST"}],"neow_cost":"NONE","seed_source_timestamp":1156235073882460,"circlet_count":0,"master_deck":["Strike_B","Defend_B","Defend_B","Defend_B","Defend_B","Zap","Dualcast","Leap","Redo+1","Auto Shields","All For One","Streamline","Force Field","Streamline","Seek","Heatsinks+1","Consume","Leap"],"relics":["Cracked Core","Oddly Smooth Stone","Boot","Frozen Egg 2","Empty Cage","Bag of Marbles","The Courier"],"potions_floor_usage":[21,22,24,24,24,24],"damage_taken":[{"damage":1,"enemies":"2 Louse","floor":1,"turns":2},{"damage":1,"enemies":"Small Slimes","floor":4,"turns":4},{"damage":35,"enemies":"Lagavulin","floor":7,"turns":8},{"damage":5,"enemies":"Jaw Worm","floor":10,"turns":2},{"damage":12,"enemies":"Exordium Thugs","floor":13,"turns":4},{"damage":4,"enemies":"Exordium Wildlife","floor":14,"turns":4},{"damage":32,"enemies":"The Guardian","floor":16,"turns":12},{"damage":40,"enemies":"2 Thieves","floor":18,"turns":5},{"damage":20,"enemies":"Spheric Guardian","floor":21,"turns":4},{"damage":25,"enemies":"Cultist and Chosen","floor":22,"turns":8},{"damage":46,"enemies":"Slavers","floor":24,"turns":3}],"seed_played":"-7647702378279534478","potions_obtained":[{"floor":4,"key":"SmokeBomb"},{"floor":13,"key":"EntropicBrew"},{"floor":14,"key":"Regen Potion"},{"floor":18,"key":"FocusPotion"},{"floor":21,"key":"Regen Potion"}],"is_trial":false,"path_per_floor":["M","?","$","M","?","R","E","?","T","M","T","R","M","M","R","B",null,"M","?","T","M","M","R","E"],"character_chosen":"DEFECT","items_purchased":["Oddly Smooth Stone"],"campfire_rested":2,"item_purchase_floors":[3],"current_hp_per_floor":[81,81,81,80,80,80,45,45,45,40,40,40,28,24,48,16,82,42,42,42,27,11,35,0],"gold":242,"neow_bonus":"TEN_PERCENT_HP_BONUS","is_prod":false,"is_daily":false,"chose_seed":false,"campfire_upgraded":1,"win_rate":0,"timestamp":1556110046,"path_taken":["M","?","$","M","?","R","E","?","T","?","?","R","M","M","R","BOSS","M","?","?","M","M","R","E"],"build_version":"2019-01-23","purchased_purges":1,"victory":false,"max_hp_per_floor":[82,82,82,82,82,82,82,82,82,82,82,82,82,82,82,82,82,82,82,82,82,82,82,82],"card_choices":[{"not_picked":["Rebound","Sweeping Beam"],"picked":"Leap","floor":1},{"not_picked":["Undo","FTL"],"picked":"Redo","floor":4},{"not_picked":["Core Surge","Ball Lightning"],"picked":"Auto Shields","floor":7},{"not_picked":["Skim","Ball Lightning"],"picked":"Streamline","floor":10},{"not_picked":["Storm+1","Aggregate"],"picked":"Force Field","floor":13},{"not_picked":["FTL","Reprogram"],"picked":"Streamline","floor":14},{"not_picked":["Amplify","Thunder Strike"],"picked":"Seek","floor":16},{"not_picked":["Streamline","Ball Lightning+1"],"picked":"Heatsinks+1","floor":18},{"not_picked":["Steam","Recycle"],"picked":"Consume","floor":21},{"not_picked":["Aggregate","Barrage+1"],"picked":"Leap","floor":22}],"player_experience":229547,"relics_obtained":[{"floor":7,"key":"Boot"},{"floor":9,"key":"Frozen Egg 2"},{"floor":20,"key":"The Courier"}],"event_choices":[{"damage_healed":0,"gold_gain":175,"player_choice":"AGREE","damage_taken":0,"max_hp_gain":0,"max_hp_loss":0,"event_name":"Liars Game","floor":2,"gold_loss":0,"cards_obtained":["Doubt"]},{"damage_healed":0,"gold_gain":0,"player_choice":"Leave","damage_taken":0,"max_hp_gain":0,"max_hp_loss":0,"event_name":"The Cleric","floor":5,"gold_loss":0},{"damage_healed":0,"gold_gain":0,"cards_transformed":["Strike_B"],"player_choice":"Change","damage_taken":0,"max_hp_gain":0,"max_hp_loss":0,"event_name":"Living Wall","floor":8,"gold_loss":0,"cards_obtained":["All For One"]},{"damage_healed":0,"gold_gain":0,"player_choice":"Obtained Relic","damage_taken":0,"relics_obtained":["Bag of Marbles"],"max_hp_gain":0,"max_hp_loss":0,"event_name":"Addict","floor":19,"gold_loss":85}],"is_beta":false,"boss_relics":[{"not_picked":["Busted Crown","Ectoplasm"],"picked":"Empty Cage"}],"items_purged_floors":[3],"is_endless":false,"potions_floor_spawned":[4,13,14,18,21],"killed_by":"Slavers","ascension_level":0}