{"gold_per_floor":[115,85,103,133,144,144,179,179,202,16,16,29,55,55,55,55],"floor_reached":16,"playtime":366,"items_purged":[],"score":211,"play_id":"2ec56e5e-6ce0-4e9b-a12e-3975308b6713","local_time":"20181217151605","is_ascension_mode":true,"campfire_choices":[{"data":"Dagger Spray","floor":6,"key":"SMITH"},{"data":"Neutralize","floor":8,"key":"SMITH"},{"data":"Flash of Steel","floor":11,"key":"SMITH"},{"floor":15,"key":"REST"}],"neow_cost":"NONE","seed_source_timestamp":423054954274625,"circlet_count":0,"master_deck":["AscendersBane","Defend_G","Defend_G","Defend_G","Defend_G","Defend_G","Strike_G","Strike_G","Strike_G","Strike_G","Strike_G","Survivor","Neutralize+1","Flying Knee","Dagger Spray+1","Regret","All Out Attack","Backflip","Flash of Steel+1","Blur","Bouncing Flask","Deflect","Bane"],"relics":["Ring of the Snake","NeowsBlessing","Tiny Chest","Prayer Wheel","Blood Vial","Darkstone Periapt"],"potions_floor_usage":[7,7],"damage_taken":[{"damage":0,"enemies":"Small Slimes","floor":1,"turns":1},{"damage":0,"enemies":"Cultist","floor":3,"turns":1},{"damage":0,"enemies":"2 Louse","floor":5,"turns":1},{"damage":11,"enemies":"3 Sentries","floor":7,"turns":4},{"damage":13,"enemies":"Exordium Thugs","floor":12,"turns":4},{"damage":33,"enemies":"Lagavulin","floor":13,"turns":7},{"damage":32,"enemies":"The Guardian","floor":16,"turns":8}],"seed_played":"9054569395505591489","potions_obtained":[{"floor":2,"key":"Swift Potion"},{"floor":2,"key":"Energy Potion"}],"is_trial":false,"path_per_floor":["M","?","M","?","M","R","E","R","T","$","R","M","E","$","R","B"],"character_chosen":"THE_SILENT","items_purchased":["Flash of Steel","Blur"],"campfire_rested":1,"item_purchase_floors":[10,10],"current_hp_per_floor":[59,59,59,59,59,59,48,48,48,48,48,37,6,6,25,0],"gold":55,"neow_bonus":"THREE_ENEMY_KILL","is_prod":false,"is_daily":false,"chose_seed":false,"campfire_upgraded":3,"win_rate":0,"timestamp":1545077765,"path_taken":["M","?","?","?","M","R","E","R","T","$","R","M","E","?","R","BOSS"],"build_version":"2018-12-13","purchased_purges":0,"victory":false,"max_hp_per_floor":[66,66,66,66,66,66,66,66,66,66,66,66,66,66,66,66],"card_choices":[{"not_picked":["Outmaneuver","Well Laid Plans"],"picked":"Flying Knee","floor":1},{"not_picked":["Endless Agony","Slice"],"picked":"Dagger Spray","floor":3},{"not_picked":["Quick Slash","Deadly Poison"],"picked":"All Out Attack","floor":5},{"not_picked":["Catalyst","Poisoned Stab"],"picked":"Backflip","floor":7},{"not_picked":["Bane","Flying Knee"],"picked":"Bouncing Flask","floor":12},{"not_picked":["Caltrops","Bouncing Flask"],"picked":"Deflect","floor":12},{"not_picked":["Backflip","Calculated Gamble"],"picked":"Bane","floor":13}],"player_experience":783355,"relics_obtained":[{"floor":7,"key":"Prayer Wheel"},{"floor":9,"key":"Blood Vial"},{"floor":13,"key":"Darkstone Periapt"}],"event_choices":[{"damage_healed":0,"gold_gain":0,"player_choice":"Bought 2 Potions","damage_taken":0,"max_hp_gain":0,"max_hp_loss":0,"event_name":"The Woman in Blue","floor":2,"gold_loss":0},{"damage_healed":0,"gold_gain":0,"player_choice":"Box","damage_taken":0,"relics_obtained":["Tiny Chest"],"max_hp_gain":0,"max_hp_loss":0,"event_name":"Big Fish","floor":4,"gold_loss":0,"cards_obtained":["Regret"]}],"is_beta":false,"boss_relics":[],"items_purged_floors":[],"is_endless":false,"potions_floor_spawned":[3],"killed_by":"The Guardian","ascension_level":19}