{"gold_per_floor":[119,119,119,134,59,59,71,103,151,29,48,64,14,34,34,131,131,150,18,18,36,36,70,70,70,70,70,170,170,170],"floor_reached":30,"playtime":742,"items_purged":["Regret"],"score":246,"play_id":"4b69cfc3-d4aa-4aaf-bc89-f79caf032f4f","local_time":"20181030201131","is_ascension_mode":false,"campfire_choices":[{"data":"1","floor":6,"key":"LIFT"},{"floor":15,"key":"REST"},{"floor":25,"key":"REST"},{"floor":29,"key":"REST"}],"neow_cost":"TEN_PERCENT_HP_LOSS","seed_source_timestamp":5606040340984,"circlet_count":0,"master_deck":["Strike_B","Defend_B+1","Defend_B","Defend_B","Defend_B","Zap","Dualcast+1","Gash+1","Sweeping Beam","Melter","FTL","Go for the Eyes","Beam Cell","Leap","Reinforced Body","Streamline","Gash","All For One","Gash+1","Jack Of All Trades","Leap","Shame","Scrape","Hologram+1"],"relics":["Cracked Core","Girya","War Paint","Pocketwatch","Blood Vial","Empty Cage","Mummified Hand","Blue Candle","Symbiotic Virus","Shuriken","Shovel","Bottled Lightning"],"potions_floor_usage":[16,16,28],"damage_taken":[{"damage":0,"enemies":"2 Louse","floor":1,"turns":2},{"damage":8,"enemies":"Jaw Worm","floor":4,"turns":3},{"damage":0,"enemies":"Cultist","floor":7,"turns":3},{"damage":26,"enemies":"Gremlin Nob","floor":8,"turns":4},{"damage":8,"enemies":"3 Louse","floor":11,"turns":2},{"damage":0,"enemies":"Exordium Wildlife","floor":12,"turns":2},{"damage":11,"enemies":"Lots of Slimes","floor":14,"turns":2},{"damage":15,"enemies":"The Guardian","floor":16,"turns":8},{"damage":1,"enemies":"3 Byrds","floor":18,"turns":3},{"damage":0,"enemies":"Spheric Guardian","floor":21,"turns":1},{"damage":40,"enemies":"Gremlin Leader","floor":23,"turns":5},{"damage":3,"enemies":"Colosseum Slavers","floor":28,"turns":3},{"damage":35,"enemies":"Colosseum Nobs","floor":28,"turns":4},{"damage":29,"enemies":"Slavers","floor":30,"turns":4}],"seed_played":"6497634352520843300","potions_obtained":[{"floor":4,"key":"Energy Potion"},{"floor":11,"key":"SkillPotion"},{"floor":12,"key":"FearPotion"},{"floor":16,"key":"Ancient Potion"}],"is_trial":false,"path_per_floor":["M","?","?","M","$","R","M","E","T","$","M","M","?","M","R","B",null,"M","$","?","M","?","E","$","R","T","T","?","R"],"character_chosen":"DEFECT","items_purchased":["Go for the Eyes","Beam Cell","Leap","Jack Of All Trades","Leap"],"campfire_rested":3,"item_purchase_floors":[10,10,10,19,19],"current_hp_per_floor":[68,68,68,60,60,60,60,34,34,34,28,30,30,21,41,28,68,67,67,67,68,56,18,18,39,39,39,5,26,0],"gold":170,"neow_bonus":"ONE_RARE_RELIC","is_prod":false,"is_daily":false,"chose_seed":false,"campfire_upgraded":0,"win_rate":0,"timestamp":1540926691,"path_taken":["M","?","?","M","$","R","M","E","T","?","?","M","?","M","R","BOSS","M","$","?","?","?","E","?","R","T","?","?","R","E"],"build_version":"2018-10-29v2","purchased_purges":1,"victory":false,"max_hp_per_floor":[68,68,68,68,68,68,68,68,68,68,68,68,68,68,68,68,68,68,68,68,68,73,73,73,73,73,73,73,73,73],"card_choices":[{"not_picked":["Coolheaded","Hologram"],"picked":"Gash","floor":1},{"not_picked":["Turbo","Stack"],"picked":"Sweeping Beam","floor":4},{"not_picked":["Hello World","Fusion"],"picked":"Melter","floor":7},{"not_picked":["Cold Snap","Sweeping Beam"],"picked":"FTL","floor":8},{"not_picked":["Storm","Darkness"],"picked":"Reinforced Body","floor":11},{"not_picked":["Genetic Algorithm","Melter"],"picked":"Streamline","floor":12},{"not_picked":["Recycle","Steam Power"],"picked":"Gash","floor":14},{"not_picked":["Buffer","Biased Cognition"],"picked":"All For One","floor":16},{"not_picked":["Glacier","Steam"],"picked":"Gash+1","floor":18},{"not_picked":["Chill","Coolheaded"],"picked":"Scrape","floor":21},{"not_picked":["Cold Snap","Turbo+1","Coolheaded"],"picked":"SKIP","floor":23},{"not_picked":["Fusion","Gash"],"picked":"Hologram+1","floor":28}],"player_experience":176524,"relics_obtained":[{"floor":8,"key":"Pocketwatch"},{"floor":9,"key":"Blood Vial"},{"floor":23,"key":"Blue Candle"},{"floor":26,"key":"Symbiotic Virus"},{"floor":27,"key":"Shuriken"},{"floor":28,"key":"Shovel"},{"floor":28,"key":"Bottled Lightning"}],"event_choices":[{"damage_healed":0,"gold_gain":0,"player_choice":"Box","damage_taken":0,"relics_obtained":["War Paint"],"max_hp_gain":0,"max_hp_loss":0,"event_name":"Big Fish","floor":2,"gold_loss":0,"cards_obtained":["Regret"]},{"damage_healed":0,"gold_gain":0,"player_choice":"Upgraded","damage_taken":0,"max_hp_gain":0,"max_hp_loss":0,"event_name":"Upgrade Shrine","floor":3,"gold_loss":0,"cards_upgraded":["Gash"]},{"cards_removed":["Strike_B"],"damage_healed":0,"gold_gain":0,"player_choice":"Card Removal","damage_taken":0,"max_hp_gain":0,"max_hp_loss":0,"event_name":"The Cleric","floor":13,"gold_loss":50},{"damage_healed":0,"gold_gain":0,"player_choice":"Stole Relic","damage_taken":0,"relics_obtained":["Mummified Hand"],"max_hp_gain":0,"max_hp_loss":0,"event_name":"Addict","floor":20,"gold_loss":0,"cards_obtained":["Shame"]},{"damage_healed":0,"gold_gain":0,"player_choice":"Shed Blood","damage_taken":17,"max_hp_gain":5,"max_hp_loss":0,"event_name":"Forgotten Altar","floor":22,"gold_loss":0},{"damage_healed":0,"gold_gain":0,"player_choice":"Fight","damage_taken":0,"max_hp_gain":0,"max_hp_loss":0,"event_name":"Colosseum","floor":28,"gold_loss":0},{"damage_healed":0,"gold_gain":0,"player_choice":"Fought Nobs","damage_taken":0,"max_hp_gain":0,"max_hp_loss":0,"event_name":"Colosseum","floor":28,"gold_loss":0}],"is_beta":true,"boss_relics":[{"not_picked":["Runic Dome","Fusion Hammer"],"picked":"Empty Cage"}],"items_purged_floors":[5],"is_endless":false,"potions_floor_spawned":[4,11,12,16,28],"killed_by":"Slavers","ascension_level":0}