{"gold_per_floor":[361,361,27,202,202,202,226,240,240,263,16,40,60,60,60,179,179,204,204,79,95,95,136,156,82,82,82,82],"floor_reached":28,"playtime":1260,"items_purged":["Doubt","Doubt","Injury"],"score":331,"play_id":"0cb9334f-ca5f-4c03-ae32-7303cdb038c5","local_time":"20180821221726","is_ascension_mode":true,"campfire_choices":[{"data":"Hologram","floor":6,"key":"SMITH"},{"data":"Hologram","floor":15,"key":"SMITH"},{"data":"Dualcast","floor":27,"key":"SMITH"}],"neow_cost":"CURSE","seed_source_timestamp":172910527152432,"circlet_count":0,"master_deck":["Zap+1","Dualcast+1","Cold Snap","Beam Cell","Hologram+1","Tempest","Hologram","Hologram+1","Ball Lightning","Fission","Streamline","Steam Power","Stack","Gash","Conserve Battery","Steam","Chill","Go for the Eyes+1","White Noise","Defragment+1","Scrape"],"relics":["Cracked Core","Golden Idol","Anchor","Pantograph","War Paint","Singing Bowl","Pandora\u0027s Box","Boot","Ginger","DataDisk"],"potions_floor_usage":[16,16,28,28],"damage_taken":[{"damage":14,"enemies":"Jaw Worm","floor":1,"turns":4},{"damage":0,"enemies":"Small Slimes","floor":7,"turns":3},{"damage":1,"enemies":"Cultist","floor":8,"turns":3},{"damage":0,"enemies":"2 Fungi Beasts","floor":10,"turns":3},{"damage":0,"enemies":"Large Slime","floor":12,"turns":6},{"damage":12,"enemies":"Exordium Thugs","floor":13,"turns":5},{"damage":24,"enemies":"Hexaghost","floor":16,"turns":9},{"damage":12,"enemies":"2 Thieves","floor":18,"turns":4},{"damage":2,"enemies":"Spheric Guardian","floor":21,"turns":3},{"damage":42,"enemies":"Book of Stabbing","floor":23,"turns":6},{"damage":8,"enemies":"Centurion and Healer","floor":24,"turns":5},{"damage":44,"enemies":"3 Cultists","floor":28,"turns":4}],"seed_played":"-7259170778479616162","potions_obtained":[{"floor":12,"key":"Energy Potion"},{"floor":13,"key":"Strength Potion"},{"floor":16,"key":"Dexterity Potion"},{"floor":21,"key":"FocusPotion"}],"is_trial":false,"path_per_floor":["M","?","$","?","?","R","M","M","T","M","$","M","M","?","R","B",null,"M","?","$","M","?","E","M","$","T","R"],"character_chosen":"DEFECT","items_purchased":["Beam Cell","Hologram","Anchor","War Paint","Scrape"],"campfire_rested":0,"item_purchase_floors":[3,3,3,11,25],"current_hp_per_floor":[54,54,54,54,59,59,59,58,58,58,58,58,46,34,34,35,69,57,80,80,78,78,38,37,37,37,37,0],"gold":82,"neow_bonus":"TWO_FIFTY_GOLD","is_prod":false,"is_daily":false,"chose_seed":false,"campfire_upgraded":3,"win_rate":0,"timestamp":1534861046,"path_taken":["M","?","$","?","?","R","M","M","T","M","$","?","M","?","R","BOSS","M","?","$","M","?","E","M","?","T","R","M"],"build_version":"2018-08-16","purchased_purges":3,"victory":false,"max_hp_per_floor":[75,75,75,75,80,80,80,80,80,80,80,80,80,80,80,80,80,80,80,80,80,80,82,82,82,82,82,82],"card_choices":[{"not_picked":["Chaos","Heatsinks"],"picked":"Cold Snap","floor":1},{"not_picked":["Cold Snap","Beam Cell"],"picked":"Tempest","floor":7},{"not_picked":["Leap","Amplify"],"picked":"Chill","floor":8},{"not_picked":["Redo","Sweeping Beam"],"picked":"Hologram","floor":10},{"not_picked":["Compile Driver","Barrage"],"picked":"Hologram","floor":12},{"not_picked":["Cold Snap","Genetic Algorithm"],"picked":"Ball Lightning","floor":13},{"not_picked":["Amplify","Multi-Cast"],"picked":"Fission","floor":16},{"not_picked":["Hologram","Streamline"],"picked":"Go for the Eyes+1","floor":18},{"not_picked":["Streamline","Conserve Battery"],"picked":"White Noise","floor":21},{"not_picked":["Steam","Darkness","Ball Lightning+1"],"picked":"Singing Bowl","floor":23},{"not_picked":["Lockon+1","Recycle"],"picked":"Defragment+1","floor":24}],"player_experience":352828,"relics_obtained":[{"floor":9,"key":"Pantograph"},{"floor":23,"key":"Ginger"},{"floor":26,"key":"DataDisk"}],"event_choices":[{"event_name":"Golden Idol","player_choice":"Take Wound","floor":2,"damage_taken":0},{"event_name":"Liars Game","player_choice":"agreed","floor":4,"damage_taken":0},{"event_name":"Big Fish","player_choice":"Donut","floor":5,"damage_taken":0},{"event_name":"Scrap Ooze","player_choice":"success","floor":14,"damage_taken":12},{"event_name":"Bonfire Elementals","player_choice":"UNCOMMON","floor":19,"damage_taken":0},{"event_name":"WeMeetAgain","player_choice":"Card","floor":22,"damage_taken":0}],"is_beta":false,"boss_relics":[{"not_picked":["Calling Bell","Philosopher\u0027s Stone"],"picked":"Pandora\u0027s Box"}],"items_purged_floors":[3,11,20],"is_endless":false,"potions_floor_spawned":[12,13,16,21],"killed_by":"3 Cultists","ascension_level":9}