{"gold_per_floor":[109,10,28,28,41,41,216,231,231,231,263,263,291,309,309,407,407,420,420,439,456,468,468,468],"floor_reached":24,"playtime":962,"items_purged":["Strike_B"],"score":291,"play_id":"d177d4d6-93c5-4387-816e-916abdd622f1","local_time":"20180709084220","is_ascension_mode":true,"campfire_choices":[{"data":"Zap","floor":6,"key":"SMITH"},{"data":"Static Discharge","floor":10,"key":"SMITH"},{"data":"Dualcast","floor":12,"key":"SMITH"},{"data":"Hologram","floor":15,"key":"SMITH"},{"floor":23,"key":"REST"}],"neow_cost":"NONE","seed_source_timestamp":78652870146461,"circlet_count":0,"master_deck":["Strike_B","Strike_B","Strike_B","Defend_B","Defend_B","Defend_B","Zap+1","Dualcast+1","Steam","FTL","Chill","Doubt","Static Discharge+1","Electrodynamics+1","Hologram+1","Seek","Capacitor+1"],"relics":["Cracked Core","Lantern","Frozen Egg 2","Du-Vu Doll","Omamori","Sozu"],"potions_floor_usage":[11,16],"damage_taken":[{"damage":2,"enemies":"Jaw Worm","floor":1,"turns":3},{"damage":0,"enemies":"Cultist","floor":3,"turns":3},{"damage":0,"enemies":"Small Slimes","floor":5,"turns":2},{"damage":6,"enemies":"Blue Slaver","floor":8,"turns":3},{"damage":27,"enemies":"Lagavulin","floor":11,"turns":6},{"damage":0,"enemies":"3 Sentries","floor":13,"turns":4},{"damage":3,"enemies":"2 Fungi Beasts","floor":14,"turns":2},{"damage":18,"enemies":"The Guardian","floor":16,"turns":11},{"damage":21,"enemies":"Shell Parasite","floor":18,"turns":4},{"damage":6,"enemies":"Chosen","floor":20,"turns":4},{"damage":9,"enemies":"Sentry and Sphere","floor":21,"turns":4},{"damage":22,"enemies":"Snake Plant","floor":22,"turns":3},{"damage":26,"enemies":"Gremlin Leader","floor":24,"turns":3}],"seed_played":"5342441743556167815","potions_obtained":[{"floor":5,"key":"Block Potion"},{"floor":8,"key":"AttackPotion"},{"floor":13,"key":"SteroidPotion"},{"floor":14,"key":"FearPotion"}],"is_trial":false,"path_per_floor":["M","$","M","?","M","R","?","M","T","R","E","R","E","M","R","B",null,"M","?","M","M","M","R"],"character_chosen":"DEFECT","items_purchased":["Steam"],"campfire_rested":1,"item_purchase_floors":[2],"current_hp_per_floor":[73,73,73,73,73,73,73,67,67,67,40,40,40,37,37,19,61,40,40,34,25,3,25,0],"gold":468,"neow_bonus":"RANDOM_COMMON_RELIC","is_prod":false,"is_daily":false,"chose_seed":false,"campfire_upgraded":4,"win_rate":0,"timestamp":1531096940,"path_taken":["M","$","M","?","M","R","?","?","T","R","E","R","E","M","R","BOSS","M","?","M","M","?","R","E"],"build_version":"2018-07-05","purchased_purges":1,"victory":false,"max_hp_per_floor":[75,75,75,75,75,75,75,75,75,75,75,75,75,75,75,75,75,75,75,75,75,75,75,75],"card_choices":[{"not_picked":["Barrage","Leap","Darkness"],"picked":"SKIP","floor":1},{"not_picked":["Barrage","Cold Snap"],"picked":"FTL","floor":3},{"not_picked":["Streamline","Ball Lightning"],"picked":"Chill","floor":5},{"not_picked":["Barrage","Leap"],"picked":"Static Discharge","floor":8},{"not_picked":["Loop+1","Coolheaded"],"picked":"Electrodynamics+1","floor":11},{"not_picked":["Coolheaded","Cold Snap"],"picked":"Hologram","floor":13},{"not_picked":["Turbo","Gash","BootSequence"],"picked":"SKIP","floor":14},{"not_picked":["Biased Cognition+1","Rainbow"],"picked":"Seek","floor":16},{"not_picked":["Cold Snap+1","Blizzard","Beam Cell"],"picked":"SKIP","floor":18},{"not_picked":["Sweeping Beam","Compile Driver","Chaos"],"picked":"SKIP","floor":20},{"not_picked":["Cold Snap","Rebound","Ball Lightning"],"picked":"SKIP","floor":21},{"not_picked":["Rebound","Gash+1"],"picked":"Capacitor+1","floor":22}],"player_experience":278827,"relics_obtained":[{"floor":9,"key":"Frozen Egg 2"},{"floor":11,"key":"Du-Vu Doll"},{"floor":13,"key":"Omamori"}],"event_choices":[{"event_name":"Purifier","player_choice":"One Purge","floor":4,"damage_taken":0},{"event_name":"Liars Game","player_choice":"agreed","floor":7,"damage_taken":0},{"event_name":"Drug Dealer","player_choice":"Ignored","floor":19,"damage_taken":0}],"boss_relics":[{"not_picked":["Busted Crown","Lizard Tail"],"picked":"Sozu"}],"items_purged_floors":[2],"is_endless":false,"potions_floor_spawned":[5,8,13,14,20],"killed_by":"Gremlin Leader","ascension_level":5}