{"gold_per_floor":[362,381,395,545,132,132,165,165,219,254,265,265,278,292,292,364,364,379,21,21,21,31,31,60,60,60,60,60,73,73],"floor_reached":30,"playtime":1242,"items_purged":["Doubt"],"score":503,"play_id":"c44aaee3-7123-4fb8-be95-2f2c3a018abc","local_time":"20181222072417","is_ascension_mode":true,"campfire_choices":[{"data":"Cloak And Dagger","floor":6,"key":"SMITH"},{"floor":8,"key":"REST"},{"floor":12,"key":"REST"},{"data":"Bouncing Flask","floor":15,"key":"SMITH"},{"data":"Choke","floor":23,"key":"SMITH"},{"floor":25,"key":"REST"},{"data":"Neutralize","floor":27,"key":"SMITH"}],"neow_cost":"PERCENT_DAMAGE","seed_source_timestamp":134691825158285,"circlet_count":0,"master_deck":["AscendersBane","Defend_G","Defend_G","Defend_G","Defend_G","Defend_G","Strike_G","Strike_G","Strike_G","Strike_G","Strike_G","Survivor","Neutralize+1","Distraction+1","Dash","Cloak And Dagger+1","Slice","Choke+1","Masterful Stab","Bouncing Flask+1","Burst","Backstab","Noxious Fumes+1","Shame","Bane+1","Injury","Terror"],"relics":["Ring of the Snake","Ornamental Fan","Bag of Marbles","Centennial Puzzle","Frozen Egg 2","Cursed Key","Meat on the Bone","Smiling Mask","Kunai","Dodecahedron"],"potions_floor_usage":[7,13,24,24,30],"damage_taken":[{"damage":1,"enemies":"Small Slimes","floor":1,"turns":5},{"damage":0,"enemies":"2 Louse","floor":2,"turns":3},{"damage":4,"enemies":"Jaw Worm","floor":3,"turns":8},{"damage":8,"enemies":"3 Sentries","floor":7,"turns":11},{"damage":31,"enemies":"Lagavulin","floor":10,"turns":6},{"damage":0,"enemies":"3 Louse","floor":11,"turns":3},{"damage":0,"enemies":"Gremlin Gang","floor":13,"turns":3},{"damage":0,"enemies":"Exordium Wildlife","floor":14,"turns":3},{"damage":16,"enemies":"The Guardian","floor":16,"turns":8},{"damage":0,"enemies":"Spheric Guardian","floor":18,"turns":3},{"damage":0,"enemies":"Chosen","floor":22,"turns":3},{"damage":42,"enemies":"Gremlin Leader","floor":24,"turns":9},{"damage":31,"enemies":"Snecko","floor":29,"turns":5},{"damage":32,"enemies":"Slavers","floor":30,"turns":5}],"seed_played":"8656534767868189881","potions_obtained":[{"floor":2,"key":"PowerPotion"},{"floor":11,"key":"SkillPotion"},{"floor":13,"key":"PowerPotion"},{"floor":14,"key":"Energy Potion"},{"floor":29,"key":"SpeedPotion"}],"is_trial":false,"path_per_floor":["M","M","M","?","$","R","E","R","T","E","M","R","M","M","R","B",null,"M","$","?","?","M","R","E","R","T","R","?","M","E"],"character_chosen":"THE_SILENT","items_purchased":["Ornamental Fan","Slice","Noxious Fumes+1","Meat on the Bone"],"campfire_rested":3,"item_purchase_floors":[5,5,19,19],"current_hp_per_floor":[43,43,39,39,39,39,31,50,50,19,19,38,38,38,38,22,55,55,55,55,55,55,55,25,44,44,44,44,25,0],"gold":73,"neow_bonus":"TWO_FIFTY_GOLD","is_prod":false,"is_daily":false,"chose_seed":false,"campfire_upgraded":4,"win_rate":0,"timestamp":1545481457,"path_taken":["M","M","M","?","$","R","E","R","T","E","M","R","M","M","R","BOSS","M","$","?","?","M","R","E","R","T","R","?","M","E"],"build_version":"2018-12-20","purchased_purges":1,"victory":false,"max_hp_per_floor":[66,66,66,66,66,66,66,66,66,66,66,66,66,66,66,66,66,66,66,66,66,66,66,66,66,66,66,66,66,66],"card_choices":[{"not_picked":["Dodge and Roll","Prepared"],"picked":"Distraction","floor":1},{"not_picked":["Dodge and Roll","Bane"],"picked":"Dash","floor":2},{"not_picked":["Deadly Poison","Underhanded Strike"],"picked":"Cloak And Dagger","floor":3},{"not_picked":["Poisoned Stab","All Out Attack","Night Terror"],"picked":"SKIP","floor":7},{"not_picked":["Quick Slash","Backflip"],"picked":"Choke","floor":10},{"not_picked":["Deadly Poison","Quick Slash"],"picked":"Masterful Stab","floor":11},{"not_picked":["Quick Slash","Crippling Poison","Concentrate"],"picked":"SKIP","floor":13},{"not_picked":["Predator","Deadly Poison"],"picked":"Bouncing Flask","floor":14},{"not_picked":["Glass Knife","Phantasmal Killer"],"picked":"Burst","floor":16},{"not_picked":["Expertise","Deflect"],"picked":"Backstab","floor":18},{"not_picked":["Slice","Underhanded Strike","Dodge and Roll"],"picked":"SKIP","floor":22},{"not_picked":["Deadly Poison","Choke+1"],"picked":"Bane+1","floor":24},{"not_picked":["Outmaneuver","Glass Knife"],"picked":"Terror","floor":29}],"player_experience":795265,"relics_obtained":[{"floor":7,"key":"Bag of Marbles"},{"floor":9,"key":"Centennial Puzzle"},{"floor":10,"key":"Frozen Egg 2"},{"floor":24,"key":"Kunai"},{"floor":26,"key":"Dodecahedron"}],"event_choices":[{"damage_healed":0,"gold_gain":150,"player_choice":"AGREE","damage_taken":0,"max_hp_gain":0,"max_hp_loss":0,"event_name":"Liars Game","floor":4,"gold_loss":0,"cards_obtained":["Doubt"]},{"damage_healed":0,"gold_gain":0,"player_choice":"Stole Relic","damage_taken":0,"relics_obtained":["Smiling Mask"],"max_hp_gain":0,"max_hp_loss":0,"event_name":"Addict","floor":20,"gold_loss":0,"cards_obtained":["Shame"]},{"damage_healed":0,"gold_gain":0,"player_choice":"Ignored","damage_taken":0,"max_hp_gain":0,"max_hp_loss":0,"event_name":"Ghosts","floor":21,"gold_loss":0},{"damage_healed":0,"gold_gain":0,"player_choice":"Upgraded","damage_taken":0,"max_hp_gain":0,"max_hp_loss":0,"event_name":"Upgrade Shrine","floor":28,"gold_loss":0,"cards_upgraded":["Distraction"]}],"is_beta":false,"boss_relics":[{"not_picked":["Lizard Tail","Black Star"],"picked":"Cursed Key"}],"items_purged_floors":[5],"is_endless":false,"potions_floor_spawned":[2,11,13,14,29],"killed_by":"Slavers","ascension_level":19}