{"gold_per_floor":[114,171,21,36,36,36,36,36,36,67,98,129,160,191,203,340,352,383,414,445,476,507,519,569,600,637,668,699,711,391,353,353,478,478,497,114,163,182,182,182,220,220,220,220,239,258,12,0,0,0],"floor_reached":51,"playtime":2565,"items_purged":[],"score":847,"play_id":"9f56fdef-7b6c-4b6f-960a-1f69fc027f5e","local_time":"20180801072829","daily_mods":["Insanity","Night Terrors","Vintage"],"is_ascension_mode":false,"campfire_choices":[{"data":"Rainbow","floor":6,"key":"SMITH"},{"data":"Self Repair","floor":8,"key":"SMITH"},{"data":"Rainbow","floor":15,"key":"SMITH"},{"floor":23,"key":"REST"},{"data":"Electrodynamics","floor":29,"key":"SMITH"},{"data":"Barrage","floor":32,"key":"SMITH"},{"data":"Mayhem","floor":40,"key":"SMITH"},{"floor":42,"key":"REST"},{"data":"Turbo","floor":49,"key":"SMITH"}],"neow_cost":"","seed_source_timestamp":0,"circlet_count":0,"master_deck":["All For One","BootSequence","Coolheaded","Gash","Fission+1","Zap","Doom and Gloom","Double Energy","Rip and Tear","Sunder","Blizzard","Echo Form","Turbo+1","Defend_B","Hello World","Melter","White Noise","Dualcast","Doom and Gloom","Rainbow+1","Static Discharge","Lockon","Rainbow+1","Machine Learning","Strike_B","Compile Driver","Aggregate","Defragment","Loop","Rebound","Multi-Cast","Auto Shields","Undo+1","Rip and Tear","Rainbow","Ball Lightning+1","Ball Lightning","Static Discharge","Hello World","Storm","Self Repair+1","Heatsinks","Blizzard","Conserve Battery","Rainbow","Compile Driver+1","Dualcast","Cold Snap","Electrodynamics+1","Coolheaded+1","Steam+1","Mayhem+1","Self Repair","Barrage+1","Echo Form","Secret Technique+1","Seek+1","Reprogram+1","Impatience+1","Trip+1","Auto Shields+1","Steam+1","Double Energy+1"],"special_seed":17744,"relics":["Cracked Core","Matryoshka","Bag of Marbles","Nunchaku","Golden Idol","MawBank","Shuriken","Dream Catcher","Ornamental Fan","Strawberry","The Courier","Question Card","Bronze Scales","Empty Cage","Potion Belt","Pear","Toxic Egg 2","Smiling Mask","Lantern","War Paint","Whetstone","Symbiotic Virus","Regal Pillow","Blood Vial","Happy Flower","Omamori","Bottled Lightning","Sozu","Pantograph","Prayer Wheel","Tiny Chest","Bag of Preparation","Juzu Bracelet","Centennial Puzzle","Vajra","Letter Opener","Red Mask"],"potions_floor_usage":[11,16,19,21,24,27,33,33,33,39],"damage_taken":[{"damage":5,"enemies":"Small Slimes","floor":1,"turns":3},{"damage":1,"enemies":"Jaw Worm","floor":4,"turns":3},{"damage":0,"enemies":"Cultist","floor":10,"turns":2},{"damage":0,"enemies":"Lots of Slimes","floor":11,"turns":1},{"damage":0,"enemies":"Looter","floor":12,"turns":2},{"damage":0,"enemies":"Exordium Wildlife","floor":13,"turns":1},{"damage":0,"enemies":"Exordium Thugs","floor":14,"turns":4},{"damage":31,"enemies":"The Guardian","floor":16,"turns":5},{"damage":3,"enemies":"Shell Parasite","floor":18,"turns":3},{"damage":30,"enemies":"2 Thieves","floor":19,"turns":3},{"damage":21,"enemies":"Snake Plant","floor":20,"turns":3},{"damage":14,"enemies":"Cultist and Chosen","floor":21,"turns":4},{"damage":2,"enemies":"3 Cultists","floor":22,"turns":3},{"damage":5,"enemies":"Book of Stabbing","floor":24,"turns":4},{"damage":11,"enemies":"Chosen and Byrds","floor":25,"turns":3},{"damage":3,"enemies":"Snake Plant","floor":27,"turns":2},{"damage":4,"enemies":"Snecko","floor":28,"turns":4},{"damage":62,"enemies":"Champ","floor":33,"turns":8},{"damage":0,"enemies":"3 Darklings","floor":35,"turns":3},{"damage":0,"enemies":"Orb Walker","floor":37,"turns":2},{"damage":20,"enemies":"Flame Bruiser 2 Orb","floor":38,"turns":5},{"damage":0,"enemies":"Transient","floor":39,"turns":1},{"damage":41,"enemies":"Nemesis","floor":41,"turns":7},{"damage":12,"enemies":"Maw","floor":45,"turns":6},{"damage":4,"enemies":"3 Darklings","floor":46,"turns":4},{"damage":27,"enemies":"Donu and Deca","floor":50,"turns":6}],"seed_played":"6799586838915861178","potions_obtained":[{"floor":4,"key":"Explosive Potion"},{"floor":10,"key":"Fire Potion"},{"floor":12,"key":"Dexterity Potion"},{"floor":14,"key":"EssenceOfSteel"},{"floor":16,"key":"FocusPotion"},{"floor":18,"key":"PowerPotion"},{"floor":19,"key":"Explosive Potion"},{"floor":27,"key":"Regen Potion"},{"floor":28,"key":"Ancient Potion"},{"floor":33,"key":"SmokeBomb"}],"is_trial":false,"path_per_floor":["M","?","$","M","?","R","$","R","T","M","M","M","M","M","R","B",null,"M","M","M","M","M","R","E","M","T","M","M","R","$","$","R","B",null,"M","$","M","M","M","R","E","R","T","?","M","M","$","?","R","B"],"character_chosen":"DEFECT","items_purchased":["Bag of Marbles","Mayhem","Self Repair","Omamori","Barrage","Secret Technique+1","Prayer Wheel","Trip+1","Auto Shields+1","Steam+1","Double Energy+1"],"campfire_rested":2,"item_purchase_floors":[3,30,30,30,31,36,36,47,47,47,47],"current_hp_per_floor":[75,75,75,74,56,56,56,56,56,56,56,63,63,63,63,42,82,79,79,58,44,42,87,87,86,86,83,87,87,87,87,87,30,87,87,87,87,67,69,69,47,82,82,82,82,82,82,82,82,55],"gold":0,"neow_bonus":"","is_prod":false,"is_daily":true,"chose_seed":false,"campfire_upgraded":7,"win_rate":0,"timestamp":1533122909,"path_taken":["M","?","$","M","?","R","$","R","T","M","M","M","M","M","R","BOSS","M","M","M","M","M","R","E","M","T","M","M","R","?","$","R","BOSS","M","$","?","M","M","R","E","R","T","?","M","M","$","?","R","BOSS"],"build_version":"2018-07-31","purchased_purges":0,"victory":true,"max_hp_per_floor":[75,75,75,75,75,75,75,75,75,75,75,82,82,82,82,82,82,82,92,92,92,92,87,87,87,87,87,87,87,87,87,87,87,87,87,87,87,87,87,87,87,82,82,82,82,82,82,82,82,82],"card_choices":[{"not_picked":["All For One","Rainbow","Reboot"],"picked":"Electrodynamics","floor":16},{"not_picked":["Steam Power+1","Beam Cell","Blizzard+1"],"picked":"Coolheaded+1","floor":23},{"not_picked":["Go for the Eyes","Chaos+1","Aggregate+1"],"picked":"Steam+1","floor":24},{"not_picked":["Fission+1","Machine Learning","Meteor Strike"],"picked":"Echo Form","floor":33},{"not_picked":["Leap+1","Go for the Eyes","Beam Cell"],"picked":"Seek+1","floor":41},{"not_picked":["Streamline+1","Conserve Battery+1","Rip and Tear"],"picked":"Reprogram+1","floor":42},{"not_picked":["Madness+1","Blind+1","Flash of Steel"],"picked":"Impatience+1","floor":44}],"player_experience":177333,"relics_obtained":[{"floor":1,"key":"Matryoshka"},{"floor":4,"key":"Nunchaku"},{"floor":9,"key":"MawBank"},{"floor":9,"key":"Shuriken"},{"floor":10,"key":"Dream Catcher"},{"floor":11,"key":"Ornamental Fan"},{"floor":12,"key":"Strawberry"},{"floor":13,"key":"The Courier"},{"floor":14,"key":"Question Card"},{"floor":16,"key":"Bronze Scales"},{"floor":18,"key":"Potion Belt"},{"floor":19,"key":"Pear"},{"floor":20,"key":"Toxic Egg 2"},{"floor":21,"key":"Smiling Mask"},{"floor":22,"key":"Lantern"},{"floor":24,"key":"War Paint"},{"floor":25,"key":"Whetstone"},{"floor":26,"key":"Symbiotic Virus"},{"floor":26,"key":"Regal Pillow"},{"floor":27,"key":"Blood Vial"},{"floor":28,"key":"Happy Flower"},{"floor":33,"key":"Bottled Lightning"},{"floor":35,"key":"Pantograph"},{"floor":37,"key":"Tiny Chest"},{"floor":38,"key":"Bag of Preparation"},{"floor":41,"key":"Juzu Bracelet"},{"floor":43,"key":"Centennial Puzzle"},{"floor":45,"key":"Vajra"},{"floor":46,"key":"Letter Opener"}],"event_choices":[{"event_name":"Golden Wing","player_choice":"Gained Gold","floor":2,"damage_taken":0},{"event_name":"Golden Idol","player_choice":"Take Damage","floor":5,"damage_taken":0},{"event_name":"SensoryStone","player_choice":"Memory 1","floor":44,"damage_taken":0},{"event_name":"Tomb of Lord Red Mask","player_choice":"Paid","floor":48,"damage_taken":0}],"is_beta":true,"boss_relics":[{"not_picked":["Black Star","White Beast Statue"],"picked":"Empty Cage"},{"not_picked":["Fusion Hammer","Runic Dome"],"picked":"Sozu"}],"items_purged_floors":[],"is_endless":false,"potions_floor_spawned":[4,10,12,14,16,18,19,27,28,33,35,38,41,46],"ascension_level":0}