{"gold_per_floor":[112,128,145,145,168,168,195,195,195,195,370,386,414,414,414,414],"floor_reached":16,"playtime":1140,"items_purged":[],"score":157,"play_id":"ed2f3fa4-9f64-4ed7-802a-7f42678594ad","local_time":"20190122151755","is_ascension_mode":true,"campfire_choices":[{"data":"Berserk","floor":6,"key":"SMITH"},{"data":"Bash","floor":8,"key":"SMITH"},{"floor":10,"key":"REST"},{"floor":15,"key":"REST"}],"neow_cost":"NONE","seed_source_timestamp":1091987915607864,"circlet_count":0,"master_deck":["Strike_R","Strike_R","Strike_R","Strike_R","Strike_R","Defend_R","Defend_R","Defend_R","Defend_R","Bash+1","Berserk+1","Twin Strike","Iron Wave","Battle Trance","Flex","Body Slam","Doubt","True Grit","Impervious","Flame Barrier"],"relics":["Burning Blood","Ancient Tea Set","Dream Catcher","Centennial Puzzle","Thread and Needle"],"potions_floor_usage":[12,13,13],"damage_taken":[{"damage":0,"enemies":"Cultist","floor":1,"turns":4},{"damage":2,"enemies":"2 Louse","floor":2,"turns":4},{"damage":4,"enemies":"Jaw Worm","floor":3,"turns":4},{"damage":39,"enemies":"Gremlin Nob","floor":7,"turns":4},{"damage":10,"enemies":"2 Fungi Beasts","floor":12,"turns":3},{"damage":53,"enemies":"3 Sentries","floor":13,"turns":13},{"damage":54,"enemies":"Hexaghost","floor":16,"turns":12}],"seed_played":"2881552604097252560","potions_obtained":[{"floor":2,"key":"Regen Potion"},{"floor":3,"key":"Ancient Potion"},{"floor":12,"key":"SpeedPotion"}],"is_trial":false,"path_per_floor":["M","M","M","?","T","R","E","R","T","R","?","M","E","?","R","B"],"character_chosen":"IRONCLAD","items_purchased":[],"campfire_rested":2,"item_purchase_floors":[],"current_hp_per_floor":[78,80,80,80,80,80,47,47,47,71,71,67,35,27,51,0],"gold":414,"neow_bonus":"ONE_RANDOM_RARE_CARD","is_prod":false,"is_daily":false,"chose_seed":false,"campfire_upgraded":2,"win_rate":0,"timestamp":1548166675,"path_taken":["M","?","M","?","?","R","E","R","T","R","?","M","E","?","R","BOSS"],"build_version":"2019-01-17v2","purchased_purges":0,"victory":false,"max_hp_per_floor":[80,80,80,80,80,80,80,80,80,80,80,80,80,80,80,80],"card_choices":[{"not_picked":["Headbutt","Flex"],"picked":"Twin Strike","floor":1},{"not_picked":["Flex","Reckless Charge"],"picked":"Iron Wave","floor":2},{"not_picked":["Entrench","Whirlwind"],"picked":"Battle Trance","floor":3},{"not_picked":["Wild Strike","Perfected Strike"],"picked":"Flex","floor":7},{"not_picked":["Cleave","Offering"],"picked":"Body Slam","floor":10},{"not_picked":["Warcry","Anger"],"picked":"True Grit","floor":12},{"not_picked":["True Grit","Evolve"],"picked":"Impervious","floor":13},{"not_picked":["Bloodletting","Dual Wield"],"picked":"Flame Barrier","floor":15}],"player_experience":347276,"relics_obtained":[{"floor":5,"key":"Ancient Tea Set"},{"floor":7,"key":"Dream Catcher"},{"floor":9,"key":"Centennial Puzzle"},{"floor":13,"key":"Thread and Needle"}],"event_choices":[{"damage_healed":0,"gold_gain":0,"player_choice":"Leave","damage_taken":0,"max_hp_gain":0,"max_hp_loss":0,"event_name":"The Cleric","floor":4,"gold_loss":0},{"damage_healed":0,"gold_gain":175,"player_choice":"AGREE","damage_taken":0,"max_hp_gain":0,"max_hp_loss":0,"event_name":"Liars Game","floor":11,"gold_loss":0,"cards_obtained":["Doubt"]},{"damage_healed":0,"gold_gain":0,"player_choice":"Damaged","damage_taken":8,"max_hp_gain":0,"max_hp_loss":0,"event_name":"Wheel of Change","floor":14,"gold_loss":0}],"is_beta":false,"boss_relics":[],"items_purged_floors":[],"is_endless":false,"potions_floor_spawned":[2,3,12],"killed_by":"Hexaghost","ascension_level":9}