{"gold_per_floor":[113,113,113,78,93,93,129,129,201,201,236,266,287,86,86,217,217,203,226,24,24,24,24,44,44,44,69,87,106,119,135,135,265,328,351,365,212,269,269,269,290,290,313,334,334,94,112,137,137,137,137,137,42,42],"floor_reached":54,"playtime":3818,"items_purged":[],"score":699,"play_id":"3e31c6e6-a6e0-45a2-ac85-d5422f233a0c","local_time":"20190418173728","is_ascension_mode":false,"campfire_choices":[{"data":"Perfected Strike","floor":6,"key":"SMITH"},{"floor":8,"key":"RECALL"},{"data":"Disarm","floor":10,"key":"SMITH"},{"data":"Bash","floor":15,"key":"SMITH"},{"data":"Apotheosis","floor":23,"key":"SMITH"},{"data":"Ghostly","floor":25,"key":"SMITH"},{"floor":32,"key":"REST"},{"data":"Exhume","floor":40,"key":"SMITH"},{"data":"Havoc","floor":45,"key":"SMITH"},{"floor":49,"key":"REST"},{"data":"Disarm","floor":52,"key":"SMITH"}],"neow_cost":"NONE","seed_source_timestamp":670602465139362,"circlet_count":0,"master_deck":["Strike_R","Strike_R+1","Strike_R","Strike_R","Strike_R","Defend_R","Defend_R","Defend_R","Defend_R","Bash+1","Ghostly Armor+1","Perfected Strike+1","Disarm+1","Thunderclap","Cleave","Berserk","Cleave+1","Thunderclap","Inflame","Apotheosis+1","Ghostly+1","Ghostly","Ghostly","Ghostly","Ghostly","Ghostly","Warcry+1","Sword Boomerang","Disarm+1","Twin Strike+1","Clash","Shrug It Off","Reaper","Cleave","True Grit+1","Headbutt+1","Exhume+1","Havoc+1","Ghostly Armor+1","Sword Boomerang","Shrug It Off","Shrug It Off+1","Dual Wield+1","Shrug It Off","Iron Wave"],"relics":["Burning Blood","Golden Idol","Potion Belt","Matryoshka","Thread and Needle","Omamori","Philosopher\u0027s Stone","Sundial","Tiny House","PreservedInsect","Tiny Chest","Turnip","Pen Nib","Strawberry"],"potions_floor_usage":[7,12,24,33,35,35,44,50,50,50],"damage_taken":[{"damage":6,"enemies":"Small Slimes","floor":1,"turns":4},{"damage":2,"enemies":"2 Louse","floor":5,"turns":4},{"damage":31,"enemies":"3 Sentries","floor":7,"turns":9},{"damage":26,"enemies":"Gremlin Nob","floor":11,"turns":4},{"damage":0,"enemies":"3 Sentries","floor":12,"turns":1},{"damage":0,"enemies":"Jaw Worm","floor":13,"turns":3},{"damage":32,"enemies":"Hexaghost","floor":16,"turns":12},{"damage":17,"enemies":"2 Thieves","floor":18,"turns":4},{"damage":4,"enemies":"Shell Parasite","floor":19,"turns":6},{"damage":0,"enemies":"Snecko","floor":24,"turns":4},{"damage":0,"enemies":"Snake Plant","floor":27,"turns":5},{"damage":0,"enemies":"Centurion and Healer","floor":28,"turns":5},{"damage":0,"enemies":"Snecko","floor":29,"turns":7},{"damage":20,"enemies":"Snake Plant","floor":30,"turns":5},{"damage":8,"enemies":"Cultist and Chosen","floor":31,"turns":7},{"damage":18,"enemies":"Automaton","floor":33,"turns":9},{"damage":0,"enemies":"3 Darklings","floor":35,"turns":7},{"damage":14,"enemies":"3 Shapes","floor":36,"turns":6},{"damage":0,"enemies":"Maw","floor":41,"turns":9},{"damage":1,"enemies":"Transient","floor":44,"turns":5},{"damage":47,"enemies":"4 Shapes","floor":47,"turns":8},{"damage":0,"enemies":"Spire Growth","floor":48,"turns":7},{"damage":55,"enemies":"Time Eater","floor":50,"turns":17},{"damage":83,"enemies":"Shield and Spear","floor":54,"turns":6}],"seed_played":"6267235321324357646","potions_obtained":[{"floor":1,"key":"Energy Potion"},{"floor":7,"key":"SmokeBomb"},{"floor":18,"key":"Swift Potion"},{"floor":24,"key":"Strength Potion"},{"floor":33,"key":"AttackPotion"},{"floor":34,"key":"Fruit Juice"},{"floor":35,"key":"Regen Potion"},{"floor":41,"key":"Fire Potion"},{"floor":47,"key":"LiquidBronze"},{"floor":48,"key":"Poison Potion"}],"is_trial":false,"path_per_floor":["M","?","?","?","M","R","E","R","T","R","E","?","M","$","R","B",null,"M","M","$","?","?","R","M","R","T","M","M","M","M","M","R","B",null,"M","M","$","T","?","R","M","T","T","M","R","$","M","M","R","B",null,"R","$","E"],"character_chosen":"IRONCLAD","items_purchased":["Omamori","Cleave","Inflame","Apotheosis","Exhume","Strawberry","Sword Boomerang","Shrug It Off","Shrug It Off","Iron Wave"],"campfire_rested":2,"item_purchase_floors":[14,14,20,20,37,46,46,46,53,53],"current_hp_per_floor":[88,66,66,88,88,88,63,63,63,63,43,49,55,55,55,29,88,77,79,79,44,44,44,44,44,44,44,44,44,30,28,41,29,49,54,46,46,46,46,46,54,54,54,54,54,61,20,26,44,12,61,61,61,0],"gold":42,"neow_bonus":"TEN_PERCENT_HP_BONUS","is_prod":false,"is_daily":false,"chose_seed":false,"campfire_upgraded":8,"win_rate":0,"timestamp":1555627048,"path_taken":["M","?","?","?","M","R","E","R","T","R","E","?","M","$","R","BOSS","M","M","$","?","?","R","M","R","T","M","M","M","?","M","R","BOSS","M","M","$","?","?","R","M","?","T","M","R","?","M","M","R","BOSS","R","$","E"],"build_version":"2019-01-23","purchased_purges":0,"victory":false,"max_hp_per_floor":[88,88,88,88,88,88,88,88,88,88,88,88,88,88,88,88,88,88,88,88,44,44,44,44,44,44,44,44,44,44,44,44,44,49,54,54,54,54,54,54,54,54,54,54,54,61,61,61,61,61,61,61,61,61],"card_choices":[{"not_picked":["Clash","Cleave"],"picked":"Ghostly Armor","floor":1},{"not_picked":["Anger","Carnage"],"picked":"Perfected Strike","floor":5},{"not_picked":["Clothesline","Sever Soul"],"picked":"Disarm","floor":7},{"not_picked":["Uppercut","Warcry"],"picked":"Thunderclap","floor":11},{"not_picked":["Second Wind","Clash","Heavy Blade"],"picked":"SKIP","floor":13},{"not_picked":["Exhume","Barricade"],"picked":"Berserk","floor":16},{"not_picked":["Warcry","Evolve"],"picked":"Cleave+1","floor":18},{"not_picked":["Anger","Cleave"],"picked":"Thunderclap","floor":19},{"not_picked":["Power Through","Intimidate"],"picked":"Warcry+1","floor":24},{"not_picked":["Anger+1","Armaments"],"picked":"Sword Boomerang","floor":27},{"not_picked":["Combust","Shrug It Off"],"picked":"Disarm","floor":28},{"not_picked":["Flex","Heavy Blade"],"picked":"Twin Strike+1","floor":29},{"not_picked":["Combust","Wild Strike+1"],"picked":"Clash","floor":30},{"not_picked":["Flame Barrier","Feed"],"picked":"Shrug It Off","floor":31},{"not_picked":["Dark Embrace","Brutality"],"picked":"Reaper","floor":33},{"not_picked":["Clash+1","Armaments"],"picked":"Cleave","floor":34},{"not_picked":["Cleave+1","Whirlwind+1"],"picked":"True Grit+1","floor":35},{"not_picked":["Warcry","Reaper"],"picked":"Headbutt+1","floor":36},{"not_picked":["Perfected Strike","Clash+1"],"picked":"Havoc","floor":41},{"not_picked":["Pommel Strike","Warcry+1"],"picked":"Ghostly Armor+1","floor":44},{"not_picked":["Pommel Strike+1","True Grit"],"picked":"Shrug It Off+1","floor":47},{"not_picked":["Perfected Strike","Havoc"],"picked":"Dual Wield+1","floor":48}],"player_experience":210479,"relics_obtained":[{"floor":7,"key":"Potion Belt"},{"floor":9,"key":"Matryoshka"},{"floor":11,"key":"Thread and Needle"},{"floor":26,"key":"Sundial"},{"floor":38,"key":"PreservedInsect"},{"floor":38,"key":"Tiny Chest"},{"floor":42,"key":"Turnip"},{"floor":43,"key":"Pen Nib"}],"event_choices":[{"damage_healed":0,"gold_gain":0,"player_choice":"Take Damage","damage_taken":22,"relics_obtained":["Golden Idol"],"max_hp_gain":0,"max_hp_loss":0,"event_name":"Golden Idol","floor":2,"gold_loss":0},{"damage_healed":0,"gold_gain":0,"player_choice":"Grow","damage_taken":0,"max_hp_gain":0,"max_hp_loss":0,"event_name":"Living Wall","floor":3,"gold_loss":0,"cards_upgraded":["Ghostly Armor"]},{"damage_healed":22,"gold_gain":0,"player_choice":"Healed","damage_taken":0,"max_hp_gain":0,"max_hp_loss":0,"event_name":"The Cleric","floor":4,"gold_loss":35},{"damage_healed":0,"gold_gain":30,"player_choice":"Searched \u00272\u0027 times","damage_taken":0,"max_hp_gain":0,"max_hp_loss":0,"event_name":"Dead Adventurer","floor":12,"gold_loss":0},{"damage_healed":0,"gold_gain":0,"player_choice":"Became a Ghost","damage_taken":0,"max_hp_gain":0,"max_hp_loss":44,"event_name":"Ghosts","floor":21,"gold_loss":0,"cards_obtained":["Ghostly","Ghostly","Ghostly","Ghostly","Ghostly"]},{"damage_healed":0,"gold_gain":0,"player_choice":"Copied","damage_taken":0,"max_hp_gain":0,"max_hp_loss":0,"event_name":"Duplicator","floor":22,"gold_loss":0,"cards_obtained":["Ghostly"]},{"damage_healed":0,"gold_gain":0,"player_choice":"Ignored","damage_taken":0,"max_hp_gain":0,"max_hp_loss":0,"event_name":"Mysterious Sphere","floor":39,"gold_loss":0}],"is_beta":false,"boss_relics":[{"not_picked":["Sozu","Black Star"],"picked":"Philosopher\u0027s Stone"},{"not_picked":["Busted Crown","Snecko Eye"],"picked":"Tiny House"}],"items_purged_floors":[],"is_endless":false,"potions_floor_spawned":[1,7,12,18,24,33,35,41,47,48],"killed_by":"Shield and Spear","ascension_level":0}