{"gold_per_floor":[114,129,129,144,159,189,45,75,75,105,120,135,135,150,150,250,300,315,330,330,330,48,78,93,93,168,168,198,213,238,253,253,353,353,368,368,383,183,198,198,228,228,228,243,258,273,273,13,13,33],"floor_reached":51,"playtime":3667,"items_purged":[],"score":966,"play_id":"6af0df81-b735-480a-8652-5d272b675f0e","local_time":"20190102003614","daily_mods":["Insanity","Colorless Cards","Terminal"],"is_ascension_mode":false,"campfire_choices":[{"data":"Mind Blast","floor":13,"key":"SMITH"},{"data":"Flash of Steel","floor":15,"key":"SMITH"},{"data":"RitualDagger","floor":25,"key":"SMITH"},{"data":"Terror","floor":27,"key":"SMITH"},{"data":"Apotheosis","floor":32,"key":"SMITH"},{"data":"Deep Breath","floor":40,"key":"SMITH"},{"data":"Terror","floor":47,"key":"SMITH"},{"data":"Sucker Punch","floor":49,"key":"SMITH"}],"neow_cost":"","seed_source_timestamp":0,"circlet_count":0,"master_deck":["Dagger Spray","Deadly Poison","Acrobatics","Slice","Expertise","PiercingWail","Blade Dance","Deflect","Dagger Spray","Finisher","Expertise","Mind Blast+1","Sucker Punch+1","Leg Sweep","Dodge and Roll","PanicButton","Jack Of All Trades","PiercingWail","Terror+1","Bane","Acrobatics","Deadly Poison","Cloak And Dagger","Dagger Throw","Flying Knee","Deadly Poison","PiercingWail","Masterful Stab","Caltrops","Dodge and Roll","Well Laid Plans","All Out Attack","Infinite Blades","Deflect","Quick Slash","Dodge and Roll","Slice+1","Trip","PiercingWail","Quick Slash","Calculated Gamble","Good Instincts","Infinite Blades","Bane","Underhanded Strike","Crippling Poison","Underhanded Strike","Cloak And Dagger","Leg Sweep","Discovery","Concentrate","Enlightenment","Dagger Throw","Underhanded Strike","Sucker Punch","Predator","Flying Knee","Flash of Steel+1","Terror+1","Slice","Transmutation","Underhanded Strike","Slice","Backflip+1","Deflect","RitualDagger+1","Deep Breath+1","Cloak And Dagger","Finesse","Mind Blast+1","Apotheosis+1","Predator+1","Die Die Die+1","Prepared","Slice+1","Flying Knee+1","Sucker Punch+1","Swift Strike+1","Predator+1","Sucker Punch+1","Dagger Spray+1","Transmutation","Trip"],"special_seed":17898,"relics":["Ring of the Snake","Regal Pillow","Tiny Chest","Thread and Needle","Meat on the Bone","Darkstone Periapt","Tiny House","ClockworkSouvenir","Matryoshka","Blood Vial","Molten Egg 2","Art of War","Bronze Scales","Omamori","Cursed Key","Medical Kit","Pantograph","Tingsha"],"potions_floor_usage":[16,16,23,28,33,33,50,50,50],"damage_taken":[{"damage":0,"enemies":"Jaw Worm","floor":1,"turns":1},{"damage":0,"enemies":"Cultist","floor":2,"turns":1},{"damage":0,"enemies":"2 Louse","floor":4,"turns":2},{"damage":0,"enemies":"2 Fungi Beasts","floor":5,"turns":3},{"damage":0,"enemies":"Lagavulin","floor":6,"turns":2},{"damage":0,"enemies":"Gremlin Nob","floor":8,"turns":2},{"damage":1,"enemies":"Lagavulin","floor":10,"turns":4},{"damage":0,"enemies":"Blue Slaver","floor":11,"turns":1},{"damage":0,"enemies":"Exordium Wildlife","floor":12,"turns":2},{"damage":0,"enemies":"Lots of Slimes","floor":14,"turns":2},{"damage":19,"enemies":"The Guardian","floor":16,"turns":7},{"damage":0,"enemies":"Shell Parasite","floor":18,"turns":2},{"damage":0,"enemies":"3 Byrds","floor":19,"turns":4},{"damage":8,"enemies":"Slavers","floor":23,"turns":4},{"damage":0,"enemies":"Centurion and Healer","floor":24,"turns":4},{"damage":0,"enemies":"Book of Stabbing","floor":28,"turns":5},{"damage":0,"enemies":"3 Cultists","floor":29,"turns":2},{"damage":0,"enemies":"Shelled Parasite and Fungi","floor":31,"turns":2},{"damage":12,"enemies":"Automaton","floor":33,"turns":9},{"damage":3,"enemies":"3 Shapes","floor":35,"turns":2},{"damage":0,"enemies":"Orb Walker","floor":37,"turns":1},{"damage":0,"enemies":"Sphere and 2 Shapes","floor":39,"turns":3},{"damage":0,"enemies":"Giant Head","floor":41,"turns":7},{"damage":0,"enemies":"Transient","floor":44,"turns":5},{"damage":0,"enemies":"Spire Growth","floor":45,"turns":1},{"damage":0,"enemies":"3 Darklings","floor":46,"turns":2},{"damage":24,"enemies":"Time Eater","floor":50,"turns":11}],"seed_played":"-1260152558293365806","potions_obtained":[{"floor":5,"key":"SkillPotion"},{"floor":8,"key":"Weak Potion"},{"floor":10,"key":"AttackPotion"},{"floor":16,"key":"Explosive Potion"},{"floor":17,"key":"GhostInAJar"},{"floor":29,"key":"Dexterity Potion"},{"floor":31,"key":"EssenceOfSteel"},{"floor":37,"key":"EssenceOfSteel"},{"floor":41,"key":"GhostInAJar"}],"is_trial":false,"path_per_floor":["M","M","?","M","M","E","$","E","T","E","M","M","R","M","R","B",null,"M","M","?","?","$","E","M","R","T","R","E","M","T","M","R","B",null,"M","$","M","$","M","R","E","?","T","M","M","M","R","$","R","B",null],"character_chosen":"THE_SILENT","items_purchased":["Tiny Chest","Sucker Punch","ClockworkSouvenir","Deep Breath","Medical Kit","Transmutation","Trip"],"campfire_rested":0,"item_purchase_floors":[7,7,22,22,38,48,48],"current_hp_per_floor":[68,67,66,65,64,63,62,61,60,59,58,57,56,55,54,35,57,56,55,54,48,48,40,40,40,40,40,42,44,44,43,42,30,40,37,37,37,36,35,34,33,32,31,30,29,28,27,26,25,13],"gold":33,"neow_bonus":"","is_prod":false,"is_daily":true,"chose_seed":false,"campfire_upgraded":8,"win_rate":0,"timestamp":1546407374,"path_taken":["M","M","?","?","M","E","$","E","T","E","M","M","R","M","R","BOSS","M","M","?","?","$","E","M","R","T","R","E","M","?","M","R","BOSS","M","$","M","$","M","R","E","?","T","?","M","M","R","$","R","BOSS"],"build_version":"2018-12-20","purchased_purges":0,"victory":true,"max_hp_per_floor":[68,67,66,65,64,63,62,61,60,59,58,57,56,55,54,53,57,56,55,54,53,52,51,50,49,48,47,46,45,44,43,42,41,40,39,38,37,36,35,34,33,32,31,30,29,28,27,26,25,24],"card_choices":[{"not_picked":["Cloak And Dagger","Bane"],"picked":"Discovery","floor":1},{"not_picked":["Dodge and Roll","Choke"],"picked":"Concentrate","floor":2},{"not_picked":["PiercingWail","Acrobatics"],"picked":"Enlightenment","floor":4},{"not_picked":["Deflect","Dagger Spray"],"picked":"Dagger Throw","floor":5},{"not_picked":["Blade Dance","Good Instincts"],"picked":"Underhanded Strike","floor":6},{"not_picked":["PiercingWail","Dagger Throw"],"picked":"Predator","floor":8},{"not_picked":["Dagger Spray","Acrobatics"],"picked":"Flying Knee","floor":10},{"not_picked":["Panache","Outmaneuver"],"picked":"Flash of Steel","floor":11},{"not_picked":["PiercingWail","Cloak And Dagger"],"picked":"Terror","floor":12},{"not_picked":["Skewer","Prepared"],"picked":"Slice","floor":14},{"not_picked":["Venomology","Malaise"],"picked":"Transmutation","floor":16},{"not_picked":["Slice","Acrobatics"],"picked":"Underhanded Strike","floor":17},{"not_picked":["Sucker Punch","Infinite Blades"],"picked":"Slice","floor":18},{"not_picked":["Quick Slash","Madness"],"picked":"Backflip+1","floor":19},{"not_picked":["Concentrate+1","Blade Dance"],"picked":"Cloak And Dagger","floor":23},{"not_picked":["Underhanded Strike","Well Laid Plans+1"],"picked":"Finesse","floor":24},{"not_picked":["Deadly Poison","Finisher+1"],"picked":"Mind Blast+1","floor":28},{"not_picked":["Bane+1","Leg Sweep"],"picked":"Apotheosis","floor":29},{"not_picked":["Acrobatics","Outmaneuver"],"picked":"Predator+1","floor":31},{"not_picked":["Unload+1","Grand Finale+1"],"picked":"Die Die Die+1","floor":33},{"not_picked":["Poisoned Stab+1","Blade Dance"],"picked":"Prepared","floor":35},{"not_picked":["Outmaneuver","Impatience+1"],"picked":"Slice+1","floor":37},{"not_picked":["Backflip+1","Dagger Spray+1"],"picked":"Flying Knee+1","floor":39},{"not_picked":["Acrobatics+1","Storm of Steel"],"picked":"Sucker Punch+1","floor":41},{"not_picked":["PiercingWail","Riddle With Holes+1"],"picked":"Predator+1","floor":44},{"not_picked":["Acrobatics+1","Cloak And Dagger+1"],"picked":"Sucker Punch+1","floor":45},{"not_picked":["Infinite Blades+1","Enlightenment+1"],"picked":"Dagger Spray+1","floor":46}],"player_experience":98246,"relics_obtained":[{"floor":6,"key":"Regal Pillow"},{"floor":8,"key":"Thread and Needle"},{"floor":9,"key":"Meat on the Bone"},{"floor":10,"key":"Darkstone Periapt"},{"floor":23,"key":"Matryoshka"},{"floor":26,"key":"Blood Vial"},{"floor":26,"key":"Molten Egg 2"},{"floor":28,"key":"Art of War"},{"floor":30,"key":"Bronze Scales"},{"floor":30,"key":"Omamori"},{"floor":41,"key":"Pantograph"},{"floor":43,"key":"Tingsha"}],"event_choices":[{"cards_removed":["Skewer"],"damage_healed":0,"gold_gain":0,"player_choice":"Offered Uncommon","damage_taken":0,"max_hp_gain":0,"max_hp_loss":0,"event_name":"Bonfire Elementals","floor":3,"gold_loss":0},{"damage_healed":0,"gold_gain":0,"player_choice":"Read","damage_taken":0,"max_hp_gain":0,"max_hp_loss":0,"event_name":"The Library","floor":20,"gold_loss":0,"cards_obtained":["Deflect"]},{"damage_healed":0,"gold_gain":0,"player_choice":"Joined the Cult","damage_taken":6,"max_hp_gain":0,"max_hp_loss":0,"event_name":"Nest","floor":21,"gold_loss":0,"cards_obtained":["RitualDagger"]},{"damage_healed":0,"gold_gain":0,"player_choice":"1 cards matched","damage_taken":0,"max_hp_gain":0,"max_hp_loss":0,"event_name":"Match and Keep!","floor":42,"gold_loss":0,"cards_obtained":["Swift Strike"]}],"is_beta":false,"boss_relics":[{"not_picked":["Snecko Eye","Sozu"],"picked":"Tiny House"},{"not_picked":["Runic Dome","Coffee Dripper"],"picked":"Cursed Key"}],"items_purged_floors":[],"is_endless":false,"potions_floor_spawned":[5,8,10,11,16,18,29,31,37,41,45,46],"ascension_level":0}