{"path_per_floor":["M","?","M","M","M","E","M","$","T","E","M","R","M","?","R","B",null,"M","?","M","M","?","R","M","R","T","E","$","M","R","?","R"],"character_chosen":"IRONCLAD","items_purchased":["Secret Weapon"],"gold_per_floor":[115,115,131,145,163,197,214,139,139,170,180,180,192,192,192,288,288,303,218,230,241,341,341,356,356,356,389,93,110,110,110,110,110],"floor_reached":33,"campfire_rested":2,"playtime":2088,"current_hp_per_floor":[80,80,80,79,80,58,46,46,46,20,20,20,26,26,50,20,80,69,69,71,49,49,49,36,36,36,25,25,19,19,3,27,0],"items_purged":["Defend_R","Strike_R"],"gold":110,"score":279,"play_id":"e17fe31a-26a7-4d4f-a3ce-0df343323a83","local_time":"20180427135635","is_prod":false,"is_daily":false,"chose_seed":false,"is_ascension_mode":false,"campfire_upgraded":4,"timestamp":1524808595,"path_taken":["M","?","M","M","?","E","M","$","T","E","M","R","M","?","R","BOSS","M","?","M","M","?","R","M","R","T","E","?","M","R","?","R","BOSS"],"build_version":"2018-04-26v2","seed_source_timestamp":1053071927521260,"purchased_purges":2,"victory":false,"master_deck":["Strike_R","Strike_R","Strike_R","Strike_R","Defend_R","Defend_R","Bash","Clash","Double Tap","Inflame+1","Double Tap","Twin Strike","Rampage+1","Inflame+1","Sword Boomerang+1","Warcry+1","Secret Weapon+1","Battle Trance+1"],"max_hp_per_floor":[80,80,80,80,80,80,80,80,80,80,80,80,80,80,80,80,80,80,80,80,80,80,80,80,80,80,80,80,80,80,80,80,80],"relics":["Black Blood","Ornamental Fan","Toxic Egg 2","Mummified Hand","Paper Frog","Pantograph","Letter Opener","Nilry\u0027s Codex"],"card_choices":[{"not_picked":["Twin Strike","Pommel Strike"],"picked":"Clash","floor":1},{"not_picked":["Sword Boomerang","Thunderclap"],"picked":"Double Tap","floor":3},{"not_picked":["Perfected Strike","Thunderclap"],"picked":"Inflame","floor":5},{"not_picked":["Juggernaut","Anger"],"picked":"Double Tap","floor":6},{"not_picked":["Perfected Strike","Shrug It Off"],"picked":"Twin Strike","floor":7},{"not_picked":["Warcry","Anger"],"picked":"Rampage","floor":10},{"not_picked":["True Grit","Clothesline"],"picked":"Inflame","floor":11},{"not_picked":["True Grit","Armaments"],"picked":"Sword Boomerang","floor":18},{"not_picked":["Cleave","Twin Strike"],"picked":"Warcry","floor":20},{"not_picked":["Clothesline","Anger"],"picked":"Battle Trance","floor":29}],"player_experience":0,"potions_floor_usage":[5,16,16,21,27,33,33],"damage_taken":[{"damage":6,"enemies":"2 Louse","floor":1,"turns":3},{"damage":0,"enemies":"Cultist","floor":3,"turns":2},{"damage":7,"enemies":"Small Slimes","floor":4,"turns":2},{"damage":0,"enemies":"3 Louse","floor":5,"turns":1},{"damage":28,"enemies":"Gremlin Nob","floor":6,"turns":4},{"damage":18,"enemies":"Exordium Thugs","floor":7,"turns":4},{"damage":32,"enemies":"Lagavulin","floor":10,"turns":4},{"damage":6,"enemies":"Looter","floor":11,"turns":2},{"damage":0,"enemies":"Large Slime","floor":13,"turns":3},{"damage":36,"enemies":"The Guardian","floor":16,"turns":5},{"damage":21,"enemies":"2 Thieves","floor":18,"turns":3},{"damage":8,"enemies":"Shell Parasite","floor":20,"turns":2},{"damage":32,"enemies":"3 Cultists","floor":21,"turns":6},{"damage":23,"enemies":"Sentry and Sphere","floor":24,"turns":4},{"damage":21,"enemies":"Gremlin Leader","floor":27,"turns":4},{"damage":16,"enemies":"Centurion and Healer","floor":29,"turns":5},{"damage":53,"enemies":"Champ","floor":33,"turns":6}],"event_choices":[{"event_name":"Bonfire Elementals","player_choice":"BASIC","floor":2,"damage_taken":0},{"event_name":"Liars Game","player_choice":"disagreed","floor":14,"damage_taken":0},{"event_name":"Addict","player_choice":"Obtained Relic","floor":19,"damage_taken":0},{"event_name":"Golden Shrine","player_choice":"Pray","floor":22,"damage_taken":0},{"event_name":"Cursed Tome","player_choice":"Obtained Book","floor":31,"damage_taken":0}],"boss_relics":[{"not_picked":["Velvet Choker","Orrery"],"picked":"Black Blood"}],"potions_floor_spawned":[3,7,11,13,16,21,27],"seed_played":"9162249040968725080","killed_by":"Champ","ascension_level":0,"is_trial":false}