{"gold_per_floor":[112,37,56,56,72,72,72,87,87,87,100,100,126,201,201,305,305,319,332,332,53,0,0,20,20,20,20,54,74,74,74,74,176,176,188,188,203,222,222,222,253,253,253,273,183,183,9,19,19,19],"floor_reached":51,"playtime":2772,"items_purged":["Strike_R","Strike_R","Defend_R"],"score":700,"play_id":"a8faa36d-a96c-4aba-b110-dd2c06fb60be","local_time":"20190508132141","is_ascension_mode":true,"campfire_choices":[{"data":"Anger","floor":6,"key":"SMITH"},{"data":"Bash","floor":10,"key":"SMITH"},{"data":"Clothesline","floor":12,"key":"SMITH"},{"floor":15,"key":"REST"},{"data":"Offering","floor":23,"key":"SMITH"},{"data":"Feel No Pain","floor":25,"key":"SMITH"},{"data":"Ghostly Armor","floor":27,"key":"SMITH"},{"floor":32,"key":"REST"},{"data":"Bludgeon","floor":40,"key":"SMITH"},{"data":"Juggernaut","floor":42,"key":"SMITH"},{"data":"Ghostly Armor","floor":46,"key":"SMITH"},{"floor":49,"key":"REST"}],"neow_cost":"NONE","seed_source_timestamp":3809405760529,"circlet_count":0,"master_deck":["Strike_R+1","Strike_R","Defend_R","Defend_R","Defend_R","Bash+1","Anger+1","Uppercut+1","Ghostly Armor+1","Clothesline+1","Offering+1","Corruption+1","Shrug It Off","Feel No Pain+1","Ghostly Armor+1","Burning Pact","Flame Barrier+1","Necronomicurse","Bludgeon+1","Power Through+1","Burning Pact+1","Juggernaut+1"],"relics":["Black Blood","Meat on the Bone","Pen Nib","Mark of Pain","Centennial Puzzle","Kunai","Happy Flower","Necronomicon","Molten Egg 2","Dodecahedron"],"potions_floor_usage":[16,28,33,33,33,41,50],"damage_taken":[{"damage":6,"enemies":"2 Louse","floor":1,"turns":3},{"damage":1,"enemies":"Cultist","floor":3,"turns":3},{"damage":5,"enemies":"Small Slimes","floor":5,"turns":3},{"damage":11,"enemies":"Exordium Thugs","floor":8,"turns":5},{"damage":7,"enemies":"Looter","floor":11,"turns":3},{"damage":22,"enemies":"3 Sentries","floor":13,"turns":7},{"damage":33,"enemies":"Hexaghost","floor":16,"turns":9},{"damage":21,"enemies":"Spheric Guardian","floor":18,"turns":4},{"damage":24,"enemies":"3 Byrds","floor":19,"turns":6},{"damage":6,"enemies":"Snecko","floor":24,"turns":3},{"damage":12,"enemies":"Book of Stabbing","floor":28,"turns":5},{"damage":9,"enemies":"Cultist and Chosen","floor":29,"turns":8},{"damage":71,"enemies":"Champ","floor":33,"turns":12},{"damage":0,"enemies":"Orb Walker","floor":35,"turns":2},{"damage":6,"enemies":"3 Shapes","floor":37,"turns":5},{"damage":25,"enemies":"Sphere and 2 Shapes","floor":38,"turns":8},{"damage":37,"enemies":"Nemesis","floor":41,"turns":7},{"damage":9,"enemies":"4 Shapes","floor":44,"turns":4},{"damage":6,"enemies":"3 Darklings","floor":48,"turns":4},{"damage":50,"enemies":"Donu and Deca","floor":50,"turns":11}],"seed_played":"-8997044318881100442","potions_obtained":[{"floor":1,"key":"FearPotion"},{"floor":11,"key":"FearPotion"},{"floor":16,"key":"FearPotion"},{"floor":18,"key":"Dexterity Potion"},{"floor":24,"key":"LiquidBronze"},{"floor":29,"key":"Fire Potion"},{"floor":33,"key":"AttackPotion"},{"floor":37,"key":"Energy Potion"},{"floor":38,"key":"Strength Potion"}],"is_trial":false,"path_per_floor":["M","$","M","?","M","R","?","M","T","R","M","R","E","?","R","B",null,"M","M","?","$","?","R","M","R","T","R","E","M","?","$","R","B",null,"M","?","M","M","?","R","E","R","T","M","?","R","$","M","R","B",null],"character_chosen":"IRONCLAD","items_purchased":["Centennial Puzzle","Feel No Pain","SteroidPotion"],"campfire_rested":3,"item_purchase_floors":[21,21,47],"current_hp_per_floor":[88,88,88,88,88,88,93,88,88,88,87,87,71,60,87,60,93,78,60,60,60,60,60,60,60,60,60,54,63,47,47,74,21,93,93,93,93,78,78,78,63,63,63,64,64,64,64,68,93,65],"gold":19,"neow_bonus":"TEN_PERCENT_HP_BONUS","is_prod":false,"is_daily":false,"chose_seed":false,"campfire_upgraded":9,"win_rate":0,"timestamp":1557314501,"path_taken":["M","$","M","?","?","R","?","M","T","R","M","R","E","?","R","BOSS","M","M","?","$","?","R","M","R","T","R","E","M","?","$","R","BOSS","M","?","M","?","?","R","E","R","T","M","?","R","$","M","R","BOSS"],"build_version":"2019-01-23","purchased_purges":3,"victory":true,"max_hp_per_floor":[88,88,88,88,88,88,93,93,93,93,93,93,93,93,93,93,93,93,93,93,93,93,93,93,93,93,93,93,93,93,93,93,93,93,93,93,93,93,93,93,93,93,93,93,93,93,93,93,93,93],"card_choices":[{"not_picked":["Reckless Charge","Iron Wave"],"picked":"Anger","floor":1},{"not_picked":["Power Through","True Grit"],"picked":"Uppercut","floor":3},{"not_picked":["Clash","Iron Wave"],"picked":"Ghostly Armor","floor":5},{"not_picked":["Brutality","Thunderclap","Perfected Strike"],"picked":"SKIP","floor":8},{"not_picked":["Sword Boomerang","Combust"],"picked":"Clothesline","floor":11},{"not_picked":["Sever Soul","Dropkick","Rampage"],"picked":"SKIP","floor":13},{"not_picked":["Feed","Fiend Fire"],"picked":"Offering","floor":16},{"not_picked":["Clash","Anger"],"picked":"Corruption+1","floor":18},{"not_picked":["Reckless Charge","Searing Blow"],"picked":"Shrug It Off","floor":19},{"not_picked":["Rage","Searing Blow"],"picked":"Ghostly Armor","floor":24},{"not_picked":["Havoc+1","Thunderclap"],"picked":"Burning Pact","floor":28},{"not_picked":["True Grit","Bloodletting"],"picked":"Flame Barrier+1","floor":29},{"not_picked":["Impervious","Reaper"],"picked":"Bludgeon","floor":33},{"not_picked":["Battle Trance+1","Shrug It Off"],"picked":"Power Through+1","floor":35},{"not_picked":["Shrug It Off+1","Feel No Pain+1"],"picked":"Burning Pact+1","floor":37},{"not_picked":["Seeing Red","Searing Blow+1","Pommel Strike+1"],"picked":"SKIP","floor":38},{"not_picked":["Rage+1","Sword Boomerang+1"],"picked":"Juggernaut","floor":41},{"not_picked":["Sword Boomerang+1","Clash+1","Pommel Strike+1"],"picked":"SKIP","floor":44},{"not_picked":["Dropkick+1","Inflame","Bloodletting+1"],"picked":"SKIP","floor":48}],"player_experience":285226,"relics_obtained":[{"floor":9,"key":"Meat on the Bone"},{"floor":13,"key":"Pen Nib"},{"floor":26,"key":"Kunai"},{"floor":28,"key":"Happy Flower"},{"floor":30,"key":"Necronomicon"},{"floor":41,"key":"Molten Egg 2"},{"floor":43,"key":"Dodecahedron"}],"event_choices":[{"damage_healed":0,"gold_gain":0,"player_choice":"Upgraded","damage_taken":0,"max_hp_gain":0,"max_hp_loss":0,"event_name":"Upgrade Shrine","floor":4,"gold_loss":0,"cards_upgraded":["Uppercut"]},{"damage_healed":0,"gold_gain":0,"player_choice":"Donut","damage_taken":0,"max_hp_gain":5,"max_hp_loss":0,"event_name":"Big Fish","floor":7,"gold_loss":0},{"damage_healed":0,"gold_gain":75,"player_choice":"Gather Gold","damage_taken":11,"max_hp_gain":0,"max_hp_loss":0,"event_name":"World of Goop","floor":14,"gold_loss":0},{"damage_healed":0,"gold_gain":0,"player_choice":"Ignored","damage_taken":0,"max_hp_gain":0,"max_hp_loss":0,"event_name":"Ghosts","floor":20,"gold_loss":0},{"damage_healed":0,"gold_gain":0,"player_choice":"Paid Fearfully","damage_taken":0,"max_hp_gain":0,"max_hp_loss":0,"event_name":"Masked Bandits","floor":22,"gold_loss":53},{"damage_healed":0,"gold_gain":0,"player_choice":"Obtained Book","damage_taken":16,"max_hp_gain":0,"max_hp_loss":0,"event_name":"Cursed Tome","floor":30,"gold_loss":0},{"damage_healed":0,"gold_gain":0,"player_choice":"Bought 0 Potions","damage_taken":0,"max_hp_gain":0,"max_hp_loss":0,"event_name":"The Woman in Blue","floor":36,"gold_loss":0},{"damage_healed":0,"gold_gain":0,"player_choice":"Ignored","damage_taken":0,"max_hp_gain":0,"max_hp_loss":0,"event_name":"Tomb of Lord Red Mask","floor":39,"gold_loss":0},{"cards_removed":["Strike_R"],"damage_healed":0,"gold_gain":0,"player_choice":"Upgrade and Remove","damage_taken":0,"max_hp_gain":0,"max_hp_loss":0,"event_name":"Designer","floor":45,"gold_loss":90,"cards_upgraded":["Strike_R"]}],"is_beta":false,"boss_relics":[{"not_picked":["Runic Cube","Runic Pyramid"],"picked":"Mark of Pain"},{"not_picked":["Astrolabe","Orrery"],"picked":"Black Blood"}],"items_purged_floors":[2,21,47],"is_endless":false,"potions_floor_spawned":[1,11,16,18,24,29,33,37,38],"ascension_level":1}