{"gold_per_floor":[117,117,117,117,133,133,133,161,185,185,205,22,22,34,34,137,137,147,147,163,163,163,196,196,208,208,208,220,236,254,273,273,375,375,393,393,0,0,11,11,46,46,73,88,363,36,36,47,47,47],"floor_reached":51,"playtime":3396,"items_purged":["Regret"],"score":1075,"play_id":"56d7b348-5eb8-4a44-8773-206f361760b5","local_time":"20190506184731","is_ascension_mode":true,"campfire_choices":[{"data":"Rip and Tear","floor":6.0,"key":"SMITH"},{"floor":10.0,"key":"REST"},{"floor":15.0,"key":"REST"},{"floor":27.0,"key":"REST"},{"floor":32.0,"key":"REST"},{"floor":40,"key":"REST"},{"data":"Panache","floor":42,"key":"SMITH"},{"data":"Defragment","floor":47,"key":"SMITH"},{"floor":49,"key":"REST"}],"neow_cost":"NONE","seed_source_timestamp":0,"circlet_count":0,"master_deck":["AscendersBane","Strike_B+1","Strike_B+1","Strike_B+1","Defend_B+1","Defend_B+1","Defend_B+1","Defend_B+1","Zap","Dualcast","Amplify","Redo+1","Rip and Tear+1","Reinforced Body+1","Hologram+1","Panache+1","Discovery+1","Compile Driver+1","Reinforced Body+1","Reboot+1","Gash","FTL+1","RitualDagger","Defragment+1","Go for the Eyes+1","Steam+1","Redo+1","Consume+1","Heatsinks","Fission+1","Cold Snap+1","Forethought+1","Secret Weapon+1","Discovery+1","Streamline+1","Beam Cell","Defragment+1","Stack+1"],"special_seed":0,"relics":["FrozenCore","Centennial Puzzle","Toxic Egg 2","Happy Flower","Art of War","Enchiridion","Pear","Sozu","Red Mask","Whetstone","Bag of Marbles","Letter Opener"],"potions_floor_usage":[50],"damage_taken":[{"damage":0.0,"enemies":"2 Louse","floor":1.0,"turns":4.0},{"damage":4.0,"enemies":"Small Slimes","floor":5.0,"turns":2.0},{"damage":35.0,"enemies":"3 Sentries","floor":8.0,"turns":7.0},{"damage":1.0,"enemies":"Cultist","floor":11.0,"turns":3.0},{"damage":6.0,"enemies":"Exordium Thugs","floor":14.0,"turns":4.0},{"damage":4.0,"enemies":"The Guardian","floor":16.0,"turns":10.0},{"damage":7.0,"enemies":"Chosen","floor":18.0,"turns":5.0},{"damage":15.0,"enemies":"2 Thieves","floor":20.0,"turns":4.0},{"damage":19.0,"enemies":"Slavers","floor":23.0,"turns":7.0},{"damage":0.0,"enemies":"Centurion and Healer","floor":25.0,"turns":5.0},{"damage":8.0,"enemies":"Chosen and Byrds","floor":28.0,"turns":7.0},{"damage":22.0,"enemies":"Snake Plant","floor":29.0,"turns":2.0},{"damage":3.0,"enemies":"Shelled Parasite and Fungi","floor":30.0,"turns":4.0},{"damage":0.0,"enemies":"3 Cultists","floor":31.0,"turns":7.0},{"damage":15.0,"enemies":"Automaton","floor":33.0,"turns":10.0},{"damage":8.0,"enemies":"3 Shapes","floor":35.0,"turns":4.0},{"damage":8,"enemies":"3 Darklings","floor":39,"turns":5},{"damage":9,"enemies":"Nemesis","floor":41,"turns":7},{"damage":4,"enemies":"Sphere and 2 Shapes","floor":44,"turns":3},{"damage":0,"enemies":"4 Shapes","floor":48,"turns":4},{"damage":5,"enemies":"Donu and Deca","floor":50,"turns":15}],"seed_played":"3935174540430484021","potions_obtained":[{"floor":5.0,"key":"Swift Potion"},{"floor":8.0,"key":"Swift Potion"},{"floor":11.0,"key":"Poison Potion"},{"floor":14.0,"key":"Ancient Potion"},{"floor":16.0,"key":"LiquidBronze"},{"floor":30.0,"key":"Block Potion"},{"floor":31.0,"key":"LiquidBronze"},{"floor":33.0,"key":"Weak Potion"}],"is_trial":false,"path_per_floor":["M","?","?","?","M","R","?","E","T","R","M","$","?","M","R","B",null,"M","?","M","?","?","E","?","M","T","R","M","M","M","M","R","B",null,"M","?","?","?","M","R","E","R","T","M","?","$","R","M","R","B",null],"character_chosen":"DEFECT","items_purchased":["Panache","Letter Opener"],"campfire_rested":6,"item_purchase_floors":[12,46],"current_hp_per_floor":[68,68,68,43,39,39,39,4,4,26,25,25,25,19,41,37,66,59,59,44,38,38,19,3,3,13,38,30,8,5,5,30,15,68,60,50,50,50,42,67,58,58,58,54,54,54,54,54,79,74],"gold":47,"neow_bonus":"ONE_RANDOM_RARE_CARD","is_prod":false,"is_daily":false,"chose_seed":false,"campfire_upgraded":3,"win_rate":0,"timestamp":1557193651,"path_taken":["M","?","?","?","M","R","?","E","T","R","?","?","?","?","R","BOSS","M","?","M","?","?","E","?","M","T","R","?","M","M","M","R","BOSS","M","?","?","?","M","R","E","R","T","?","?","$","R","M","R","BOSS"],"build_version":"2019-01-23","purchased_purges":1,"victory":true,"max_hp_per_floor":[75,75,75,75,75,75,75,75,75,75,75,75,75,75,75,75,75,75,75,75,75,75,75,75,75,85,85,85,85,85,85,85,85,85,85,85,85,85,85,85,85,85,85,85,85,85,85,85,85,85],"card_choices":[{"not_picked":["Barrage","Darkness"],"picked":"Redo","floor":1.0},{"not_picked":["Force Field","Stack"],"picked":"Rip and Tear","floor":5.0},{"not_picked":["Compile Driver","Amplify"],"picked":"Reinforced Body","floor":8.0},{"not_picked":["Barrage","Leap+1"],"picked":"Hologram+1","floor":11.0},{"not_picked":["Ball Lightning","Hologram+1"],"picked":"Reinforced Body+1","floor":14.0},{"not_picked":["All For One","Amplify+1"],"picked":"Reboot+1","floor":16.0},{"not_picked":["Hologram+1","Barrage"],"picked":"Gash","floor":18.0},{"not_picked":["Cold Snap","Steam+1"],"picked":"FTL","floor":20.0},{"not_picked":["Skim+1","Reprogram+1"],"picked":"Defragment","floor":23.0},{"not_picked":["Barrage","Rebound"],"picked":"Go for the Eyes+1","floor":25.0},{"not_picked":["Beam Cell","Go for the Eyes+1"],"picked":"Steam+1","floor":28.0},{"not_picked":["Compile Driver","Hologram+1"],"picked":"Redo+1","floor":29.0},{"not_picked":["Doom and Gloom","Ball Lightning"],"picked":"Consume+1","floor":30.0},{"not_picked":["Redo+1","Cold Snap"],"picked":"Heatsinks","floor":31.0},{"not_picked":["Hyperbeam","All For One"],"picked":"Fission+1","floor":33.0},{"not_picked":["Sweeping Beam","Stack+1"],"picked":"Cold Snap+1","floor":35.0},{"not_picked":["Panache","Swift Strike"],"picked":"Forethought+1","floor":36.0},{"not_picked":["Impatience+1","Magnetism"],"picked":"Secret Weapon+1","floor":36.0},{"not_picked":["Flash of Steel","HandOfGreed"],"picked":"Discovery+1","floor":36.0},{"not_picked":["Barrage","Coolheaded+1"],"picked":"Streamline+1","floor":39},{"not_picked":["Cold Snap+1","Rebound+1"],"picked":"Beam Cell","floor":41},{"not_picked":["Auto Shields+1","Recycle+1"],"picked":"Defragment+1","floor":44},{"not_picked":["Darkness+1","Consume+1"],"picked":"Stack+1","floor":48}],"player_experience":595519,"relics_obtained":[{"floor":8.0,"key":"Toxic Egg 2"},{"floor":9.0,"key":"Happy Flower"},{"floor":23.0,"key":"Art of War"},{"floor":24.0,"key":"Enchiridion"},{"floor":26.0,"key":"Pear"},{"floor":41,"key":"Whetstone"},{"floor":43,"key":"Bag of Marbles"}],"event_choices":[{"damage_healed":0.0,"max_hp_gain":0.0,"max_hp_loss":0.0,"gold_gain":0.0,"event_name":"Living Wall","player_choice":"Grow","floor":2.0,"gold_loss":0.0,"damage_taken":0.0,"cards_upgraded":["Redo"]},{"damage_healed":0.0,"max_hp_gain":0.0,"max_hp_loss":0.0,"gold_gain":0.0,"event_name":"The Cleric","player_choice":"Leave","floor":3.0,"gold_loss":0.0,"damage_taken":0.0},{"damage_healed":0.0,"max_hp_gain":0.0,"max_hp_loss":0.0,"gold_gain":0.0,"event_name":"Scrap Ooze","player_choice":"Success","floor":4.0,"gold_loss":0.0,"damage_taken":25.0,"relics_obtained":["Centennial Puzzle"]},{"damage_healed":0.0,"max_hp_gain":0.0,"max_hp_loss":0.0,"gold_gain":0.0,"event_name":"The Woman in Blue","player_choice":"Bought 0 Potions","floor":7.0,"gold_loss":0.0,"damage_taken":0.0},{"damage_healed":0.0,"max_hp_gain":0.0,"max_hp_loss":0.0,"gold_gain":0.0,"event_name":"Match and Keep!","player_choice":"2 cards matched","floor":13.0,"gold_loss":0.0,"damage_taken":0.0,"cards_obtained":["Discovery","Compile Driver"]},{"damage_healed":0.0,"max_hp_gain":0.0,"max_hp_loss":0.0,"gold_gain":0.0,"event_name":"Ghosts","player_choice":"Ignored","floor":19.0,"gold_loss":0.0,"damage_taken":0.0},{"damage_healed":0.0,"max_hp_gain":0.0,"max_hp_loss":0.0,"gold_gain":0.0,"event_name":"Nest","player_choice":"Joined the Cult","floor":21.0,"gold_loss":0.0,"damage_taken":6.0,"cards_obtained":["RitualDagger"]},{"damage_healed":0.0,"max_hp_gain":0.0,"max_hp_loss":0.0,"gold_gain":0.0,"event_name":"Back to Basics","player_choice":"Simplicity","floor":22.0,"gold_loss":0.0,"damage_taken":0.0,"cards_upgraded":["Strike_B","Strike_B","Strike_B","Strike_B","Defend_B","Defend_B","Defend_B","Defend_B"]},{"damage_healed":0.0,"max_hp_gain":0.0,"max_hp_loss":0.0,"gold_gain":0.0,"event_name":"Cursed Tome","player_choice":"Obtained Book","floor":24.0,"gold_loss":0.0,"damage_taken":16.0},{"damage_healed":0.0,"max_hp_gain":0.0,"max_hp_loss":0.0,"gold_gain":0.0,"event_name":"SensoryStone","player_choice":"Memory 3","floor":36.0,"gold_loss":0.0,"damage_taken":10.0},{"damage_healed":0.0,"max_hp_gain":0.0,"max_hp_loss":0.0,"gold_gain":0.0,"event_name":"Tomb of Lord Red Mask","player_choice":"Paid","floor":37.0,"gold_loss":393.0,"damage_taken":0.0,"relics_obtained":["Red Mask"]},{"cards_removed":["Strike_B"],"damage_healed":0.0,"max_hp_gain":0.0,"max_hp_loss":0.0,"gold_gain":0.0,"event_name":"Falling","player_choice":"Removed Attack","floor":38.0,"gold_loss":0.0,"damage_taken":0.0},{"damage_healed":0,"gold_gain":275,"player_choice":"Desecrate","damage_taken":0,"max_hp_gain":0,"max_hp_loss":0,"event_name":"Golden Shrine","floor":45,"gold_loss":0,"cards_obtained":["Regret"]}],"is_beta":false,"boss_relics":[{"not_picked":["Cursed Key","Coffee Dripper"],"picked":"FrozenCore"},{"not_picked":["Empty Cage","Velvet Choker"],"picked":"Sozu"}],"items_purged_floors":[46],"is_endless":false,"potions_floor_spawned":[5,8,11,14,16,20,30,31,33,35,39,44],"ascension_level":11}