{"gold_per_floor":[116,41,41,41,59,85,96,96,96,127,127,153,165,177,189,276,288,228,228,228,107,107,107,107,107,107,107,107,107,107,107,107,107,107,107,0,0,0,0,0,0,0,0,0,0,0,0,0,0,0],"floor_reached":51,"playtime":1911,"items_purged":["Strike_R"],"score":1478,"play_id":"79fb6d5f-ff2e-4c3e-a1dd-e0e6ff86a4e5","local_time":"20190501131740","is_ascension_mode":true,"campfire_choices":[{"data":"Inflame","floor":8.0,"key":"SMITH"},{"data":"Flame Barrier","floor":13.0,"key":"SMITH"},{"data":"Shrug It Off","floor":15.0,"key":"SMITH"},{"data":"Limit Break","floor":23,"key":"SMITH"},{"floor":32,"key":"REST"},{"floor":40,"key":"REST"},{"data":"Flex","floor":45,"key":"SMITH"},{"floor":49,"key":"REST"}],"neow_cost":"CURSE","seed_source_timestamp":96478027593200,"circlet_count":0,"master_deck":["AscendersBane","Strike_R+1","Strike_R+1","Defend_R","Defend_R","Defend_R","Bash","Pommel Strike+1","Flame Barrier+1","Shrug It Off+1","Inflame+1","Limit Break+1","Sword Boomerang","Pummel","Flex+1","Reaper","Heavy Blade+1","Armaments+1"],"special_seed":0,"relics":["Burning Blood","Incense Burner","Meat on the Bone","Singing Bowl","Juzu Bracelet","MawBank","Whetstone","Ectoplasm","Turnip","Pear","Bag of Preparation","Dream Catcher","Bottled Tornado","Darkstone Periapt","Runic Dome","Red Mask","Bronze Scales","PreservedInsect","Orichalcum"],"potions_floor_usage":[16,25,27,27,39,50,50],"damage_taken":[{"damage":2.0,"enemies":"2 Louse","floor":1.0,"turns":2.0},{"damage":6.0,"enemies":"Small Slimes","floor":5.0,"turns":3.0},{"damage":39.0,"enemies":"Lagavulin","floor":6.0,"turns":8.0},{"damage":0.0,"enemies":"Cultist","floor":7.0,"turns":3.0},{"damage":16.0,"enemies":"Gremlin Nob","floor":10.0,"turns":4.0},{"damage":16.0,"enemies":"Exordium Thugs","floor":12.0,"turns":5.0},{"damage":18,"enemies":"The Guardian","floor":16,"turns":12},{"damage":24,"enemies":"2 Thieves","floor":18,"turns":4},{"damage":13,"enemies":"Colosseum Slavers","floor":19,"turns":4},{"damage":15,"enemies":"Colosseum Nobs","floor":19,"turns":8},{"damage":1,"enemies":"Shell Parasite","floor":20,"turns":2},{"damage":22,"enemies":"3 Cultists","floor":22,"turns":6},{"damage":32,"enemies":"Snake Plant","floor":24,"turns":5},{"damage":2,"enemies":"Snecko","floor":25,"turns":3},{"damage":7,"enemies":"Gremlin Leader","floor":27,"turns":4},{"damage":57,"enemies":"Slavers","floor":30,"turns":5},{"damage":38,"enemies":"Champ","floor":33,"turns":7},{"damage":19,"enemies":"3 Darklings","floor":35,"turns":4},{"damage":4,"enemies":"Orb Walker","floor":37,"turns":3},{"damage":51,"enemies":"Writhing Mass","floor":38,"turns":3},{"damage":32,"enemies":"Spire Growth","floor":39,"turns":5},{"damage":6,"enemies":"Reptomancer","floor":41,"turns":3},{"damage":15,"enemies":"Jaw Worm Horde","floor":44,"turns":3},{"damage":29,"enemies":"Writhing Mass","floor":47,"turns":3},{"damage":13,"enemies":"Nemesis","floor":48,"turns":3},{"damage":71,"enemies":"Time Eater","floor":50,"turns":9}],"seed_played":"-4566373478349348063","potions_obtained":[{"floor":5.0,"key":"PowerPotion"},{"floor":6.0,"key":"Explosive Potion"},{"floor":7.0,"key":"SteroidPotion"},{"floor":10.0,"key":"Strength Potion"},{"floor":22,"key":"Poison Potion"},{"floor":24,"key":"GamblersBrew"},{"floor":25,"key":"Strength Potion"},{"floor":33,"key":"Fire Potion"},{"floor":37,"key":"Regen Potion"},{"floor":47,"key":"Energy Potion"},{"floor":48,"key":"GamblersBrew"}],"is_trial":false,"path_per_floor":["M","?","?","?","M","E","M","R","T","E","?","M","R","T","R","B",null,"M","?","M","$","M","R","M","M","T","E","?","T","E","?","R","B",null,"M","?","M","M","M","R","E","?","T","M","R","?","M","E","R","B",null],"character_chosen":"IRONCLAD","items_purchased":["Flex"],"campfire_rested":3,"item_purchase_floors":[21],"current_hp_per_floor":[72,72,65,65,65,32,50,50,50,54,49,53,53,53,53,53,73,57,63,68,68,54,54,42,60,60,61,61,61,24,24,56,36,86,105,105,105,64,71,105,111,111,111,113,113,113,92,87,119,68],"gold":0,"neow_bonus":"ONE_RARE_RELIC","is_prod":false,"is_daily":false,"chose_seed":false,"campfire_upgraded":5,"win_rate":0,"timestamp":1556687860,"path_taken":["M","?","?","?","M","E","M","R","T","E","?","M","R","?","R","BOSS","M","?","M","$","M","R","M","M","T","E","?","?","E","?","R","BOSS","M","?","M","M","M","R","E","?","T","M","R","?","M","E","R","BOSS"],"build_version":"2019-01-23","purchased_purges":1,"victory":true,"max_hp_per_floor":[75,75,75,75,75,75,75,75,75,77,77,79,79,79,79,79,79,81,91,91,91,93,93,95,97,97,99,99,99,101,101,103,103,103,105,105,105,107,107,109,111,111,111,113,113,113,115,117,119,119],"card_choices":[{"not_picked":["Pummel","Havoc"],"picked":"Pommel Strike","floor":1.0},{"not_picked":["Whirlwind","Corruption"],"picked":"Flame Barrier","floor":5.0},{"not_picked":["Perfected Strike","Power Through"],"picked":"Shrug It Off","floor":6.0},{"not_picked":["Pommel Strike","Perfected Strike"],"picked":"Inflame","floor":7.0},{"not_picked":["Clothesline","Rage","Power Through"],"picked":"Singing Bowl","floor":10.0},{"not_picked":["Sever Soul","Rampage","True Grit"],"picked":"Singing Bowl","floor":12.0},{"not_picked":["Double Tap","Feed"],"picked":"Limit Break","floor":16},{"not_picked":["Pommel Strike","Headbutt","Combust"],"picked":"Singing Bowl","floor":18},{"not_picked":["Spot Weakness","Cleave"],"picked":"Sword Boomerang","floor":19},{"not_picked":["Warcry","Seeing Red"],"picked":"Pummel","floor":20},{"not_picked":["Twin Strike","Barricade","Fire Breathing"],"picked":"Singing Bowl","floor":22},{"not_picked":["Clothesline+1","Cleave","Wild Strike"],"picked":"Singing Bowl","floor":24},{"not_picked":["Intimidate","Body Slam","Iron Wave"],"picked":"Singing Bowl","floor":25},{"not_picked":["Clothesline","Flex","Havoc"],"picked":"Singing Bowl","floor":27},{"not_picked":["Sword Boomerang","Bludgeon","Bloodletting"],"picked":"Singing Bowl","floor":30},{"not_picked":["Warcry","Headbutt+1","Seeing Red"],"picked":"Singing Bowl","floor":32},{"not_picked":["Fiend Fire","Demon Form"],"picked":"Reaper","floor":33},{"not_picked":["Anger+1","Body Slam+1","True Grit+1"],"picked":"Singing Bowl","floor":35},{"not_picked":["Wild Strike","Infernal Blade"],"picked":"Heavy Blade","floor":37},{"not_picked":["Infernal Blade","Shrug It Off","Cleave"],"picked":"Singing Bowl","floor":38},{"not_picked":["Sever Soul","Heavy Blade"],"picked":"Armaments+1","floor":39},{"not_picked":["Intimidate+1","Twin Strike","Thunderclap"],"picked":"Singing Bowl","floor":40},{"not_picked":["Immolate","Headbutt","Dual Wield+1"],"picked":"Singing Bowl","floor":41},{"not_picked":["Thunderclap+1","Hemokinesis","Iron Wave"],"picked":"Singing Bowl","floor":44},{"not_picked":["Flame Barrier","Anger","Thunderclap"],"picked":"Singing Bowl","floor":47},{"not_picked":["Perfected Strike","Sentinel","Entrench+1"],"picked":"Singing Bowl","floor":48},{"not_picked":["Rupture","Feel No Pain+1","Havoc"],"picked":"Singing Bowl","floor":49}],"player_experience":570794,"relics_obtained":[{"floor":6.0,"key":"Meat on the Bone"},{"floor":9.0,"key":"Singing Bowl"},{"floor":10.0,"key":"Juzu Bracelet"},{"floor":14.0,"key":"Whetstone"},{"floor":19,"key":"Turnip"},{"floor":19,"key":"Pear"},{"floor":26,"key":"Bag of Preparation"},{"floor":27,"key":"Dream Catcher"},{"floor":29,"key":"Bottled Tornado"},{"floor":30,"key":"Darkstone Periapt"},{"floor":41,"key":"Bronze Scales"},{"floor":43,"key":"PreservedInsect"},{"floor":48,"key":"Orichalcum"}],"event_choices":[{"cards_removed":["Normality"],"damage_healed":0.0,"max_hp_gain":0.0,"max_hp_loss":0.0,"gold_gain":0.0,"event_name":"The Cleric","player_choice":"Card Removal","floor":2.0,"gold_loss":75.0,"damage_taken":0.0},{"cards_removed":["Strike_R"],"damage_healed":0.0,"max_hp_gain":0.0,"max_hp_loss":0.0,"gold_gain":0.0,"event_name":"Golden Wing","player_choice":"Card Removal","floor":3.0,"gold_loss":0.0,"damage_taken":7.0},{"damage_healed":0.0,"max_hp_gain":0.0,"max_hp_loss":0.0,"gold_gain":0.0,"event_name":"Upgrade Shrine","player_choice":"Upgraded","floor":4.0,"gold_loss":0.0,"damage_taken":0.0,"cards_upgraded":["Pommel Strike"]},{"damage_healed":0.0,"max_hp_gain":0.0,"max_hp_loss":0.0,"gold_gain":0.0,"event_name":"Scrap Ooze","player_choice":"Success","floor":11.0,"gold_loss":0.0,"damage_taken":5.0,"relics_obtained":["MawBank"]},{"damage_healed":0,"gold_gain":0,"player_choice":"Fight","damage_taken":0,"max_hp_gain":0,"max_hp_loss":0,"event_name":"Colosseum","floor":19,"gold_loss":0},{"damage_healed":0,"gold_gain":0,"player_choice":"Fought Nobs","damage_taken":0,"max_hp_gain":0,"max_hp_loss":0,"event_name":"Colosseum","floor":19,"gold_loss":0},{"damage_healed":0,"gold_gain":0,"player_choice":"Ignored","damage_taken":0,"max_hp_gain":0,"max_hp_loss":0,"event_name":"Cursed Tome","floor":28,"gold_loss":0},{"cards_removed":["Strike_R"],"damage_healed":0,"gold_gain":0,"player_choice":"Elegance","damage_taken":0,"max_hp_gain":0,"max_hp_loss":0,"event_name":"Back to Basics","floor":31,"gold_loss":0},{"damage_healed":0,"gold_gain":0,"player_choice":"Paid","damage_taken":0,"relics_obtained":["Red Mask"],"max_hp_gain":0,"max_hp_loss":0,"event_name":"Tomb of Lord Red Mask","floor":36,"gold_loss":107},{"cards_removed":["Defend_R"],"damage_healed":0,"gold_gain":0,"player_choice":"Removed Skill","damage_taken":0,"max_hp_gain":0,"max_hp_loss":0,"event_name":"Falling","floor":42,"gold_loss":0},{"damage_healed":0,"gold_gain":0,"player_choice":"Forge","damage_taken":0,"max_hp_gain":0,"max_hp_loss":0,"event_name":"Accursed Blacksmith","floor":46,"gold_loss":0,"cards_upgraded":["Heavy Blade"]}],"is_beta":false,"boss_relics":[{"not_picked":["Astrolabe","Philosopher\u0027s Stone"],"picked":"Ectoplasm"},{"not_picked":["Pandora\u0027s Box","Calling Bell"],"picked":"Runic Dome"}],"items_purged_floors":[21],"is_endless":false,"potions_floor_spawned":[5,6,7,10,19,22,24,25,33,37,47,48],"ascension_level":15}