{"gold_per_floor":[116,130,30,30,30,30,43,43,89,52,52,70,70,90,90,90],"floor_reached":16,"playtime":352,"items_purged":["Shame"],"score":180,"play_id":"d5d77eef-04ff-4963-80a0-e2a0c3da71c7","local_time":"20190417095933","is_ascension_mode":true,"campfire_choices":[{"data":"Flex","floor":6,"key":"SMITH"},{"data":"Bash","floor":8,"key":"SMITH"},{"data":"Rampage","floor":11,"key":"SMITH"},{"data":"Flame Barrier","floor":15,"key":"SMITH"}],"neow_cost":"CURSE","seed_source_timestamp":577181116740219,"circlet_count":0,"master_deck":["AscendersBane","Strike_R","Strike_R","Strike_R","Strike_R","Defend_R","Defend_R","Defend_R","Defend_R","Bash+1","Immolate","Burning Pact","Flame Barrier+1","Flex+1","Seeing Red","Fiend Fire","Rampage+1","Twin Strike","Regret"],"relics":["Burning Blood","Blood Vial","Centennial Puzzle"],"potions_floor_usage":[2,16],"damage_taken":[{"damage":12,"enemies":"Jaw Worm","floor":1,"turns":3},{"damage":0,"enemies":"Small Slimes","floor":2,"turns":1},{"damage":1,"enemies":"Cultist","floor":7,"turns":3},{"damage":31,"enemies":"Exordium Wildlife","floor":12,"turns":4},{"damage":19,"enemies":"Blue Slaver","floor":14,"turns":3},{"damage":69,"enemies":"The Guardian","floor":16,"turns":8}],"seed_played":"-8573738761131195750","potions_obtained":[{"floor":1,"key":"Explosive Potion"},{"floor":7,"key":"Weak Potion"}],"is_trial":false,"path_per_floor":["M","M","$","?","?","R","M","R","T","$","R","M","?","M","R","B"],"character_chosen":"IRONCLAD","items_purchased":["Flex","Rampage"],"campfire_rested":0,"item_purchase_floors":[3,10],"current_hp_per_floor":[62,68,68,68,68,68,73,73,73,73,73,50,50,39,39,0],"gold":90,"neow_bonus":"THREE_RARE_CARDS","is_prod":false,"is_daily":false,"chose_seed":false,"campfire_upgraded":4,"win_rate":0,"timestamp":1555509573,"path_taken":["M","M","$","?","?","R","M","R","T","$","R","?","?","M","R","BOSS"],"build_version":"2019-01-23","purchased_purges":1,"victory":false,"max_hp_per_floor":[75,75,75,75,75,75,75,75,75,75,75,75,75,75,75,75],"card_choices":[{"not_picked":["Double Tap","Fiend Fire"],"picked":"Immolate","floor":0},{"not_picked":["Pommel Strike","Anger"],"picked":"Burning Pact","floor":1},{"not_picked":["Armaments","Body Slam"],"picked":"Flame Barrier","floor":2},{"not_picked":["Evolve","Perfected Strike"],"picked":"Fiend Fire","floor":7},{"not_picked":["Armaments","Havoc"],"picked":"Twin Strike","floor":12},{"not_picked":["Cleave","True Grit","Rage"],"picked":"SKIP","floor":14}],"player_experience":904326,"relics_obtained":[{"floor":9,"key":"Blood Vial"}],"event_choices":[{"damage_healed":0,"gold_gain":0,"player_choice":"Leave","damage_taken":0,"max_hp_gain":0,"max_hp_loss":0,"event_name":"The Cleric","floor":4,"gold_loss":0},{"damage_healed":0,"gold_gain":0,"cards_transformed":["Strike_R"],"player_choice":"Transformed","damage_taken":0,"max_hp_gain":0,"max_hp_loss":0,"event_name":"Transmorgrifier","floor":5,"gold_loss":0,"cards_obtained":["Seeing Red"]},{"damage_healed":0,"gold_gain":0,"player_choice":"Box","damage_taken":0,"relics_obtained":["Centennial Puzzle"],"max_hp_gain":0,"max_hp_loss":0,"event_name":"Big Fish","floor":13,"gold_loss":0,"cards_obtained":["Regret"]}],"is_beta":false,"boss_relics":[],"items_purged_floors":[3],"is_endless":false,"potions_floor_spawned":[1,7],"killed_by":"The Guardian","ascension_level":20}