{"gold_per_floor":[114,129,144,48,63,93,108,108,158,158,173,173,188,203,203,303,303,318,333,348,363,113,128,139,139,139,139,154,154,47,62,62,162,162,177,192,112,127,127,127,157,157,212,212,227,257,272,272,272,272],"floor_reached":51,"playtime":1212,"items_purged":[],"score":1015,"play_id":"43a8ef5d-4fee-4be3-ac9e-5a03ac514ac0","local_time":"20180731125512","daily_mods":["Brewmaster","Time Dilation","Hoarder"],"is_ascension_mode":false,"campfire_choices":[{"data":"Mind Blast","floor":8,"key":"SMITH"},{"data":"Mind Blast","floor":10,"key":"SMITH"},{"data":"Mind Blast","floor":12,"key":"SMITH"},{"data":"Havoc","floor":15,"key":"SMITH"},{"data":"Double Tap","floor":29,"key":"SMITH"},{"data":"Double Tap","floor":32,"key":"SMITH"},{"floor":40,"key":"REST"},{"floor":42,"key":"REST"},{"floor":44,"key":"REST"},{"floor":49,"key":"REST"}],"neow_cost":"","seed_source_timestamp":0,"circlet_count":0,"master_deck":["Strike_R","Strike_R","Strike_R","Strike_R","Strike_R","Defend_R","Defend_R","Defend_R","Defend_R","Bash","Venomology","Venomology","Venomology","Venomology","Venomology","Venomology","Venomology","Venomology","Venomology","Venomology","Venomology","Venomology","Venomology","Venomology","Shrug It Off","Shrug It Off","Shrug It Off","Twin Strike","Twin Strike","Twin Strike","Mind Blast+1","Mind Blast+1","Mind Blast+1","Shockwave","Shockwave","Shockwave","Iron Wave","Iron Wave","Iron Wave","Havoc+1","Havoc","Havoc","Impervious","Impervious","Impervious","Pummel+1","Pummel+1","Pummel+1","Dropkick+1","Dropkick+1","Dropkick+1","Entrench+1","Entrench+1","Entrench+1","Writhe","Writhe","Writhe","Double Tap","Double Tap+1","Double Tap+1","Corruption","Corruption","Corruption","Dark Shackles","Dark Shackles","Dark Shackles","Pummel+1","Pummel+1","Pummel+1","Impervious","Impervious","Impervious","Anger+1","Anger+1","Anger+1","Flame Barrier+1","Flame Barrier+1","Flame Barrier+1","Mind Blast","Mind Blast","Mind Blast","Pommel Strike+1","Pommel Strike+1","Pommel Strike+1","Madness","Madness","Madness","Madness","Madness","Madness"],"special_seed":17743,"relics":["Burning Blood","White Beast Statue","Blood Vial","Bag of Marbles","Black Star","Bottled Lightning","Red Mask","Charon\u0027s Ashes","The Courier","Fusion Hammer","Turnip","StoneCalendar","Tiny Chest","Ancient Tea Set","Bronze Scales"],"potions_floor_usage":[1,1,1,1,1,1,1,2,2,2,2,2,2,2,3,3,3,5,6,6,6,6,6,6,6,6,6,6,7,7,11,16,16,16,16,21,33,33,33,41,41,41,41,45,47,47,47,47,47],"damage_taken":[{"damage":4,"enemies":"Cultist","floor":1,"turns":6},{"damage":10,"enemies":"Small Slimes","floor":2,"turns":4},{"damage":0,"enemies":"2 Louse","floor":3,"turns":3},{"damage":7,"enemies":"Blue Slaver","floor":5,"turns":2},{"damage":8,"enemies":"3 Sentries","floor":6,"turns":5},{"damage":21,"enemies":"Exordium Wildlife","floor":7,"turns":4},{"damage":0,"enemies":"Exordium Thugs","floor":11,"turns":1},{"damage":0,"enemies":"3 Louse","floor":13,"turns":1},{"damage":0,"enemies":"Looter","floor":14,"turns":1},{"damage":40,"enemies":"The Guardian","floor":16,"turns":6},{"damage":0,"enemies":"3 Byrds","floor":18,"turns":1},{"damage":0,"enemies":"Chosen","floor":19,"turns":1},{"damage":0,"enemies":"Snake Plant","floor":20,"turns":1},{"damage":0,"enemies":"Centurion and Healer","floor":21,"turns":1},{"damage":0,"enemies":"3 Cultists","floor":23,"turns":1},{"damage":0,"floor":24,"turns":1},{"damage":0,"enemies":"Snecko","floor":28,"turns":1},{"damage":0,"enemies":"Sentry and Sphere","floor":31,"turns":1},{"damage":6,"enemies":"Champ","floor":33,"turns":4},{"damage":0,"enemies":"Flame Bruiser 1 Orb","floor":35,"turns":1},{"damage":9,"enemies":"3 Shapes","floor":36,"turns":1},{"damage":0,"enemies":"Maw","floor":38,"turns":1},{"damage":0,"enemies":"Giant Head","floor":41,"turns":5},{"damage":0,"enemies":"Spire Growth","floor":45,"turns":1},{"damage":0,"enemies":"Nemesis","floor":46,"turns":1},{"damage":18,"enemies":"Transient","floor":47,"turns":5},{"damage":0,"enemies":"Time Eater","floor":50,"turns":1}],"seed_played":"4161929215003559377","potions_obtained":[{"floor":1,"key":"Swift Potion"},{"floor":2,"key":"Block Potion"},{"floor":5,"key":"PowerPotion"},{"floor":6,"key":"Explosive Potion"},{"floor":7,"key":"Fire Potion"},{"floor":11,"key":"FearPotion"},{"floor":16,"key":"Poison Potion"},{"floor":21,"key":"Energy Potion"},{"floor":45,"key":"Poison Potion"},{"floor":47,"key":"PowerPotion"}],"is_trial":false,"path_per_floor":["M","M","M","$","M","E","M","R","T","R","M","R","M","M","R","B",null,"M","M","M","M","$","M","?","?","T","?","M","R","$","M","R","B",null,"M","M","$","M","?","R","E","R","T","R","M","E","M","?","R","B"],"character_chosen":"IRONCLAD","items_purchased":["Mind Blast","Bottled Lightning","Corruption","Dark Shackles","Mind Blast"],"campfire_rested":4,"item_purchase_floors":[4,22,30,30,37],"current_hp_per_floor":[80,76,80,80,79,80,73,73,73,73,80,80,80,80,80,46,80,80,80,80,80,80,80,80,80,80,80,80,80,80,80,80,80,80,80,77,77,80,80,80,80,80,80,80,80,80,76,66,80,80],"gold":272,"neow_bonus":"","is_prod":false,"is_daily":true,"chose_seed":false,"campfire_upgraded":6,"win_rate":0,"timestamp":1533056112,"path_taken":["M","M","M","$","M","E","M","R","T","R","M","R","M","M","R","BOSS","M","M","M","M","$","M","?","?","T","?","M","R","$","?","R","BOSS","M","M","$","M","?","R","E","R","T","R","M","E","M","?","R","BOSS"],"build_version":"2018-07-30","purchased_purges":0,"victory":true,"max_hp_per_floor":[80,80,80,80,80,80,80,80,80,80,80,80,80,80,80,80,80,80,80,80,80,80,80,80,80,80,80,80,80,80,80,80,80,80,80,80,80,80,80,80,80,80,80,80,80,80,80,80,80,80],"card_choices":[{"not_picked":["Headbutt","Blood for Blood"],"picked":"Shrug It Off","floor":1},{"not_picked":["Perfected Strike","Metallicize","Sentinel"],"picked":"SKIP","floor":2},{"not_picked":["Body Slam","Feel No Pain"],"picked":"Twin Strike","floor":3},{"not_picked":["Anger","Clothesline","Rampage"],"picked":"SKIP","floor":5},{"not_picked":["Bludgeon","Fire Breathing"],"picked":"Shockwave","floor":6},{"not_picked":["Whirlwind","Wild Strike","Uppercut"],"picked":"SKIP","floor":7},{"not_picked":["Wild Strike","Bloodletting","Inflame"],"picked":"SKIP","floor":11},{"not_picked":["Bloodletting","Anger"],"picked":"Iron Wave","floor":13},{"not_picked":["Reckless Charge","Armaments"],"picked":"Havoc","floor":14},{"not_picked":["Demon Form","Brutality"],"picked":"Impervious","floor":16},{"not_picked":["Heavy Blade","Searing Blow","True Grit"],"picked":"SKIP","floor":18},{"not_picked":["Havoc","Intimidate"],"picked":"Pummel+1","floor":19},{"not_picked":["Uppercut+1","Sentinel"],"picked":"Dropkick+1","floor":20},{"not_picked":["Pommel Strike+1","Inflame","Anger"],"picked":"SKIP","floor":21},{"not_picked":["Evolve","Sword Boomerang","Fire Breathing"],"picked":"SKIP","floor":23},{"not_picked":["Iron Wave+1","Sword Boomerang+1"],"picked":"Entrench+1","floor":24},{"not_picked":["Thunderclap","Sword Boomerang","Whirlwind"],"picked":"SKIP","floor":28},{"not_picked":["Shrug It Off+1","Sever Soul"],"picked":"Pummel+1","floor":31},{"not_picked":["Bludgeon","Fiend Fire"],"picked":"Impervious","floor":33},{"not_picked":["Power Through+1","Perfected Strike"],"picked":"Anger+1","floor":35},{"not_picked":["Shockwave","Searing Blow"],"picked":"Flame Barrier+1","floor":36},{"not_picked":["Clash+1","Pommel Strike","Bloodletting"],"picked":"SKIP","floor":38},{"not_picked":["Heavy Blade","Flex"],"picked":"Pommel Strike+1","floor":41},{"not_picked":["Anger+1","Pommel Strike","Headbutt"],"picked":"SKIP","floor":45},{"not_picked":["Bludgeon","Feel No Pain","Havoc"],"picked":"SKIP","floor":46},{"not_picked":["Perfected Strike+1","Feel No Pain","Second Wind"],"picked":"SKIP","floor":47}],"player_experience":174416,"relics_obtained":[{"floor":6,"key":"Blood Vial"},{"floor":9,"key":"Bag of Marbles"},{"floor":24,"key":"Red Mask"},{"floor":26,"key":"The Courier"},{"floor":41,"key":"Turnip"},{"floor":41,"key":"StoneCalendar"},{"floor":43,"key":"Tiny Chest"},{"floor":46,"key":"Ancient Tea Set"},{"floor":46,"key":"Bronze Scales"}],"event_choices":[{"event_name":"Masked Bandits","player_choice":"Fought over 128 gold","floor":24,"damage_taken":0},{"event_name":"The Mausoleum","player_choice":"Yes","floor":25,"damage_taken":0},{"event_name":"The Library","player_choice":"Read","floor":27,"damage_taken":0},{"event_name":"Falling","player_choice":"Removed Skill","floor":39,"damage_taken":0},{"event_name":"Winding Halls","player_choice":"Embrace Madness","floor":48,"damage_taken":0}],"is_beta":true,"boss_relics":[{"not_picked":["Coffee Dripper","Runic Pyramid"],"picked":"Black Star"},{"not_picked":["Runic Cube","Eternal Feather"],"picked":"Fusion Hammer"}],"items_purged_floors":[],"is_endless":false,"potions_floor_spawned":[1,2,3,5,6,7,11,13,14,16,18,19,20,21,23,24,28,31,33,35,36,38,41,45,46,47],"ascension_level":0}