{"gold_per_floor":[117,195,206,13,188,216,216,242,265,265,275,295,311,325,325,425,425,442,442,261,280,294,294,294],"floor_reached":24,"playtime":788,"items_purged":["Doubt"],"score":260,"play_id":"b0a1aed1-f78c-4c7a-bebe-914851303c2a","local_time":"20180818141619","is_ascension_mode":true,"campfire_choices":[{"floor":7,"key":"REST"},{"floor":10,"key":"REST"},{"floor":15,"key":"REST"},{"data":"Loop","floor":23,"key":"SMITH"}],"neow_cost":"NONE","seed_source_timestamp":159122732044815,"circlet_count":0,"master_deck":["Strike_B","Strike_B+1","Strike_B","Defend_B","Defend_B","Defend_B","Defend_B","Zap","Dualcast","Amplify","Melter+1","Static Discharge","Electrodynamics","Loop+1","Steam","White Noise","Core Surge","Reinforced Body"],"relics":["Cracked Core","Membership Card","Bag of Marbles","Cables","Whetstone","Black Star","Strawberry"],"potions_floor_usage":[6,14,16,17,24],"damage_taken":[{"damage":0,"enemies":"Small Slimes","floor":1,"turns":3},{"damage":7,"enemies":"Jaw Worm","floor":3,"turns":2},{"damage":35,"enemies":"3 Sentries","floor":6,"turns":7},{"damage":50,"enemies":"Lagavulin","floor":8,"turns":6},{"damage":0,"enemies":"2 Louse","floor":11,"turns":2},{"damage":5,"enemies":"Exordium Wildlife","floor":12,"turns":3},{"damage":6,"enemies":"2 Fungi Beasts","floor":13,"turns":2},{"damage":0,"enemies":"Red Slaver","floor":14,"turns":3},{"damage":28,"enemies":"The Guardian","floor":16,"turns":9},{"damage":11,"enemies":"3 Byrds","floor":18,"turns":1},{"damage":7,"enemies":"Chosen","floor":21,"turns":4},{"damage":13,"enemies":"Snecko","floor":22,"turns":5},{"damage":76,"enemies":"Slavers","floor":24,"turns":3}],"seed_played":"5127536751675737611","potions_obtained":[{"floor":1,"key":"SkillPotion"},{"floor":6,"key":"SpeedPotion"},{"floor":12,"key":"Weak Potion"},{"floor":13,"key":"Block Potion"},{"floor":16,"key":"Fruit Juice"},{"floor":18,"key":"Fire Potion"}],"is_trial":false,"path_per_floor":["M","?","M","$","?","E","R","E","T","R","M","M","M","M","R","B",null,"M","?","$","M","M","R"],"character_chosen":"DEFECT","items_purchased":["Membership Card","Strawberry"],"campfire_rested":3,"item_purchase_floors":[4,20],"current_hp_per_floor":[75,75,68,68,68,33,55,5,5,27,27,22,16,16,38,10,64,53,79,86,79,66,66,0],"gold":294,"neow_bonus":"TRANSFORM_CARD","is_prod":false,"is_daily":false,"chose_seed":false,"campfire_upgraded":1,"win_rate":0,"timestamp":1534594579,"path_taken":["M","?","M","$","?","E","R","E","T","R","M","M","?","?","R","BOSS","M","?","$","?","M","R","E"],"build_version":"2018-08-16","purchased_purges":1,"victory":false,"max_hp_per_floor":[75,75,75,75,75,75,75,75,75,75,75,75,75,75,75,75,80,80,80,87,87,87,87,87],"card_choices":[{"not_picked":["Rebound","Redo"],"picked":"Melter","floor":1},{"not_picked":["Force Field","Chaos"],"picked":"Static Discharge","floor":3},{"not_picked":["Rebound","Compile Driver"],"picked":"Electrodynamics","floor":6},{"not_picked":["Gash","Sweeping Beam","Fusion"],"picked":"SKIP","floor":8},{"not_picked":["Lockon","Cold Snap","Compile Driver"],"picked":"SKIP","floor":11},{"not_picked":["Steam","Gash"],"picked":"Loop","floor":12},{"not_picked":["Ball Lightning","Go for the Eyes"],"picked":"Steam","floor":13},{"not_picked":["Go for the Eyes","Redo"],"picked":"White Noise","floor":14},{"not_picked":["Amplify","Reboot"],"picked":"Core Surge","floor":16},{"not_picked":["Rebound","Streamline"],"picked":"Reinforced Body","floor":18},{"not_picked":["Coolheaded","Compile Driver","FTL"],"picked":"SKIP","floor":21},{"not_picked":["Amplify","Redo","Static Discharge"],"picked":"SKIP","floor":22}],"player_experience":81608,"relics_obtained":[{"floor":6,"key":"Bag of Marbles"},{"floor":8,"key":"Cables"},{"floor":9,"key":"Whetstone"}],"event_choices":[{"event_name":"Golden Wing","player_choice":"Gained Gold","floor":2,"damage_taken":0},{"event_name":"Liars Game","player_choice":"agreed","floor":5,"damage_taken":0},{"event_name":"The Library","player_choice":"Heal","floor":19,"damage_taken":0}],"is_beta":true,"boss_relics":[{"not_picked":["Cursed Key","Empty Cage"],"picked":"Black Star"}],"items_purged_floors":[20],"is_endless":false,"potions_floor_spawned":[1,6,12,13,16,18],"killed_by":"Slavers","ascension_level":5}