{"gold_per_floor":[113,131,146,157,176,209,11,11,11,30,58,58,84,103,103,202,202,216,236,236,248,267,267,267,298,328,22,22,22],"floor_reached":29,"playtime":1736,"items_purged":["Pain"],"score":342,"play_id":"430aaedc-a0d5-4e92-9d30-891032498537","local_time":"20190226195433","is_ascension_mode":false,"campfire_choices":[{"floor":8,"key":"REST"},{"floor":12,"key":"REST"},{"data":"Darkness","floor":15,"key":"SMITH"},{"floor":24,"key":"REST"}],"neow_cost":"NONE","seed_source_timestamp":869026788086235,"circlet_count":0,"master_deck":["Strike_B","Strike_B","Strike_B","Strike_B","Defend_B","Defend_B","Defend_B","Defend_B","Zap","Dualcast","Darkness+1","Streamline","Hologram","Melter","Reprogram","Rip and Tear","Master of Strategy","Cold Snap","Gash","Streamline","Gash","Gash","Machine Learning","Gash","Ball Lightning","Redo+1","Conserve Battery+1","Coolheaded+1","Writhe","Scrape","Normality"],"relics":["Nuclear Battery","Ornamental Fan","Dodecahedron","Orichalcum","Shuriken","Cursed Key","WarpedTongs","Matryoshka","Unceasing Top","Tiny Chest","Darkstone Periapt","Happy Flower","Juzu Bracelet","Strawberry"],"potions_floor_usage":[6,19,19,25,29],"damage_taken":[{"damage":0,"enemies":"Cultist","floor":1,"turns":4},{"damage":3,"enemies":"Jaw Worm","floor":2,"turns":4},{"damage":6,"enemies":"Small Slimes","floor":3,"turns":3},{"damage":29,"enemies":"Exordium Thugs","floor":4,"turns":4},{"damage":4,"enemies":"Blue Slaver","floor":5,"turns":2},{"damage":14,"enemies":"3 Sentries","floor":6,"turns":6},{"damage":0,"enemies":"3 Louse","floor":10,"turns":2},{"damage":13,"enemies":"Lagavulin","floor":11,"turns":5},{"damage":7,"enemies":"3 Sentries","floor":13,"turns":7},{"damage":4,"enemies":"Lots of Slimes","floor":14,"turns":4},{"damage":0,"enemies":"Slime Boss","floor":16,"turns":6},{"damage":0,"enemies":"Chosen","floor":18,"turns":3},{"damage":0,"enemies":"2 Thieves","floor":19,"turns":3},{"damage":11,"enemies":"Snake Plant","floor":21,"turns":3},{"damage":4,"enemies":"Snecko","floor":22,"turns":4},{"damage":45,"enemies":"Gremlin Leader","floor":25,"turns":6},{"damage":43,"enemies":"Slavers","floor":29,"turns":4}],"seed_played":"5748783181981797130","potions_obtained":[{"floor":2,"key":"FearPotion"},{"floor":3,"key":"SkillPotion"},{"floor":10,"key":"Dexterity Potion"},{"floor":13,"key":"Swift Potion"},{"floor":21,"key":"Fire Potion"}],"is_trial":false,"path_per_floor":["M","M","M","M","M","E","$","R","T","M","E","R","E","M","R","B",null,"M","M","?","M","M","?","R","E","T","$","T","E"],"character_chosen":"DEFECT","items_purchased":["Master of Strategy","Cold Snap","Scrape","Happy Flower"],"campfire_rested":3,"item_purchase_floors":[7,7,27,27],"current_hp_per_floor":[75,72,66,37,33,19,19,41,41,41,28,50,43,39,39,39,75,75,75,75,64,60,60,75,30,30,30,43,0],"gold":22,"neow_bonus":"BOSS_RELIC","is_prod":false,"is_daily":false,"chose_seed":false,"campfire_upgraded":1,"win_rate":0.0,"timestamp":1551232473,"path_taken":["M","M","M","M","M","E","$","R","T","M","E","R","E","?","R","BOSS","M","?","?","M","?","?","R","E","T","?","?","E"],"build_version":"2019-01-23","purchased_purges":1,"victory":false,"max_hp_per_floor":[75,75,75,75,75,75,75,75,75,75,75,75,75,75,75,75,75,75,75,75,75,75,75,75,75,75,75,88,88],"card_choices":[{"not_picked":["Rebound","Consume"],"picked":"Darkness","floor":1},{"not_picked":["Sweeping Beam","Skim"],"picked":"Streamline","floor":2},{"not_picked":["Rebound","Streamline"],"picked":"Hologram","floor":3},{"not_picked":["Recycle","Auto Shields"],"picked":"Melter","floor":4},{"not_picked":["Beam Cell","Fusion"],"picked":"Reprogram","floor":5},{"not_picked":["Steam","Chill"],"picked":"Rip and Tear","floor":6},{"not_picked":["Heatsinks","Sweeping Beam"],"picked":"Gash","floor":10},{"not_picked":["Sweeping Beam","Turbo"],"picked":"Streamline","floor":11},{"not_picked":["Beam Cell","Hyperbeam"],"picked":"Gash","floor":13},{"not_picked":["Cold Snap","Undo"],"picked":"Gash","floor":14},{"not_picked":["Meteor Strike","Core Surge"],"picked":"Machine Learning","floor":16},{"not_picked":["Steam","Ball Lightning"],"picked":"Gash","floor":18},{"not_picked":["Reinforced Body+1","Heatsinks"],"picked":"Ball Lightning","floor":19},{"not_picked":["Streamline","Multi-Cast"],"picked":"Redo+1","floor":21},{"not_picked":["Leap","Force Field"],"picked":"Conserve Battery+1","floor":22},{"not_picked":["Cold Snap","Sweeping Beam+1"],"picked":"Coolheaded+1","floor":25}],"player_experience":89069,"relics_obtained":[{"floor":6,"key":"Ornamental Fan"},{"floor":9,"key":"Dodecahedron"},{"floor":11,"key":"Orichalcum"},{"floor":13,"key":"Shuriken"},{"floor":25,"key":"Unceasing Top"},{"floor":26,"key":"Tiny Chest"},{"floor":26,"key":"Darkstone Periapt"},{"floor":28,"key":"Juzu Bracelet"},{"floor":28,"key":"Strawberry"}],"event_choices":[{"damage_healed":0,"gold_gain":0,"player_choice":"Rummage","damage_taken":0,"relics_obtained":["WarpedTongs"],"max_hp_gain":0,"max_hp_loss":0,"event_name":"Accursed Blacksmith","floor":20,"gold_loss":0,"cards_obtained":["Pain"]},{"damage_healed":0,"gold_gain":0,"player_choice":"Opened","damage_taken":0,"relics_obtained":["Matryoshka"],"max_hp_gain":0,"max_hp_loss":0,"event_name":"The Mausoleum","floor":23,"gold_loss":0}],"is_beta":false,"boss_relics":[{"not_picked":["Busted Crown","Runic Pyramid"],"picked":"Cursed Key"}],"items_purged_floors":[27],"is_endless":false,"potions_floor_spawned":[2,3,10,13,16,21],"killed_by":"Slavers","ascension_level":0}