{"gold_per_floor":[112,112,25,25,44,77,77,106,106,106,139,153,153,172,172,172],"floor_reached":16,"playtime":541,"items_purged":[],"score":279,"play_id":"26bfcf34-0a42-47d0-a805-b9cdf0504441","local_time":"20181224122536","is_ascension_mode":true,"campfire_choices":[{"data":"Flechettes","floor":7,"key":"SMITH"},{"data":"Well Laid Plans","floor":10,"key":"SMITH"},{"data":"Dodge and Roll","floor":13,"key":"SMITH"},{"floor":15,"key":"REST"}],"neow_cost":"NONE","seed_source_timestamp":326276201932110,"circlet_count":0,"master_deck":["AscendersBane","Defend_G","Defend_G","Defend_G","Defend_G","Defend_G","Strike_G","Strike_G","Strike_G","Strike_G","Strike_G","Survivor","Neutralize","Flechettes+1","Terror","Dagger Spray","Well Laid Plans+1","Backflip","Doppelganger","Dodge and Roll+1","PiercingWail"],"relics":["Ring of the Snake","NeowsBlessing","Ginger","Pantograph","Question Card","Bronze Scales"],"potions_floor_usage":[8,11,14,16],"damage_taken":[{"damage":0,"enemies":"Jaw Worm","floor":1,"turns":1},{"damage":0,"enemies":"2 Louse","floor":5,"turns":1},{"damage":0,"enemies":"Lagavulin","floor":6,"turns":1},{"damage":8,"enemies":"Gremlin Nob","floor":8,"turns":3},{"damage":20,"enemies":"3 Sentries","floor":11,"turns":8},{"damage":4,"enemies":"Small Slimes","floor":12,"turns":3},{"damage":11,"enemies":"3 Louse","floor":14,"turns":3},{"damage":66,"enemies":"Slime Boss","floor":16,"turns":8}],"seed_played":"-3139064405913808753","potions_obtained":[{"floor":5,"key":"FearPotion"},{"floor":6,"key":"Energy Potion"},{"floor":8,"key":"Weak Potion"},{"floor":14,"key":"Poison Potion"}],"is_trial":false,"path_per_floor":["M","?","$","?","M","E","R","E","T","R","E","M","R","M","R","B"],"character_chosen":"THE_SILENT","items_purchased":["Terror"],"campfire_rested":1,"item_purchase_floors":[3],"current_hp_per_floor":[59,59,59,59,59,59,59,51,51,51,31,27,27,16,35,0],"gold":172,"neow_bonus":"THREE_ENEMY_KILL","is_prod":false,"is_daily":false,"chose_seed":false,"campfire_upgraded":3,"win_rate":0,"timestamp":1545672336,"path_taken":["M","?","$","?","M","E","R","E","T","R","E","M","R","M","R","BOSS"],"build_version":"2018-12-20","purchased_purges":0,"victory":false,"max_hp_per_floor":[66,66,66,66,66,66,66,66,66,66,66,66,66,66,66,66],"card_choices":[{"not_picked":["Deadly Poison","Flying Knee"],"picked":"Flechettes","floor":1},{"not_picked":["Crippling Poison","Outmaneuver"],"picked":"Dagger Spray","floor":5},{"not_picked":["Caltrops","Blur"],"picked":"Well Laid Plans","floor":6},{"not_picked":["PiercingWail","Unload"],"picked":"Backflip","floor":8},{"not_picked":["Deadly Poison","Expertise","PiercingWail"],"picked":"Doppelganger","floor":11},{"not_picked":["Dagger Spray","Heel Hook","Slice"],"picked":"Dodge and Roll","floor":12},{"not_picked":["Sucker Punch","Backstab","Heel Hook"],"picked":"PiercingWail","floor":14}],"player_experience":797303,"relics_obtained":[{"floor":6,"key":"Ginger"},{"floor":8,"key":"Pantograph"},{"floor":9,"key":"Question Card"},{"floor":11,"key":"Bronze Scales"}],"event_choices":[{"damage_healed":0,"gold_gain":0,"player_choice":"Ignored","damage_taken":0,"max_hp_gain":0,"max_hp_loss":0,"event_name":"Shining Light","floor":2,"gold_loss":0},{"damage_healed":0,"gold_gain":0,"player_choice":"Ignored","damage_taken":0,"max_hp_gain":0,"max_hp_loss":0,"event_name":"Golden Wing","floor":4,"gold_loss":0}],"is_beta":false,"boss_relics":[],"items_purged_floors":[],"is_endless":false,"potions_floor_spawned":[5,6,8,14],"killed_by":"Slime Boss","ascension_level":19}