{"gold_per_floor":[110,123,51,69,86,117,117,128,128,155,155,175,191,216,216,314,314,331,246,279,279,22,22,22,22,73,90,100,100,112,125,125,222,222,238,460,460,460,480,480,496,507,507,507,10,28,28,45,45,45,45,45,45,74,74],"floor_reached":55,"playtime":4213,"items_purged":["Normality"],"score":656,"play_id":"5eedad9a-1116-4561-839c-0f2b2105f506","local_time":"20190506203358","is_ascension_mode":false,"campfire_choices":[{"data":"Noxious Fumes","floor":7.0,"key":"SMITH"},{"floor":15.0,"key":"REST"},{"floor":23.0,"key":"RECALL"},{"data":"Blur","floor":25.0,"key":"SMITH"},{"floor":32.0,"key":"REST"},{"floor":40,"key":"REST"},{"floor":44,"key":"REST"},{"floor":47,"key":"REST"},{"floor":49,"key":"REST"},{"floor":52,"key":"REST"}],"neow_cost":"NONE","seed_source_timestamp":117678034051066,"circlet_count":0,"master_deck":["Defend_G","Defend_G","Defend_G","Defend_G","Defend_G","Strike_G","Strike_G","Strike_G","Survivor","Neutralize+1","Dagger Spray","Footwork+1","Noxious Fumes+1","After Image","Poisoned Stab","Setup","PiercingWail","Flying Knee+1","Deadly Poison","Malaise","Blur+1","Terror","Blade Dance+1","Acrobatics+1","Die Die Die","Distraction+1","Madness+1","Madness+1","Cloak And Dagger+1","Noxious Fumes","Crippling Poison+1","Envenom","Noxious Fumes","Flying Knee+1","Blur+1"],"special_seed":0,"relics":["Ring of the Snake","Ornamental Fan","Odd Mushroom","Vajra","Cursed Key","Pantograph","Red Mask","Toxic Egg 2","Whetstone","Fusion Hammer","Bronze Scales","StoneCalendar"],"potions_floor_usage":[33,33,50,50,50,55],"damage_taken":[{"damage":9.0,"enemies":"Cultist","floor":1.0,"turns":5.0},{"damage":5.0,"enemies":"Jaw Worm","floor":2.0,"turns":4.0},{"damage":0.0,"enemies":"2 Louse","floor":4.0,"turns":3.0},{"damage":5.0,"enemies":"Exordium Thugs","floor":5.0,"turns":5.0},{"damage":12.0,"enemies":"Lagavulin","floor":6.0,"turns":10.0},{"damage":8.0,"enemies":"2 Fungi Beasts","floor":8.0,"turns":3.0},{"damage":12.0,"enemies":"The Mushroom Lair","floor":10.0,"turns":5.0},{"damage":0.0,"enemies":"3 Louse","floor":12.0,"turns":4.0},{"damage":1.0,"enemies":"Blue Slaver","floor":13.0,"turns":6.0},{"damage":17.0,"enemies":"Gremlin Nob","floor":14.0,"turns":5.0},{"damage":17.0,"enemies":"The Guardian","floor":16.0,"turns":11.0},{"damage":16.0,"enemies":"3 Byrds","floor":18.0,"turns":6.0},{"damage":11.0,"enemies":"Masked Bandits","floor":20.0,"turns":5.0},{"damage":15.0,"enemies":"Spheric Guardian","floor":27.0,"turns":5.0},{"damage":0.0,"enemies":"3 Cultists","floor":28.0,"turns":5.0},{"damage":12.0,"enemies":"Cultist and Chosen","floor":30.0,"turns":7.0},{"damage":8.0,"enemies":"Centurion and Healer","floor":31.0,"turns":5.0},{"damage":20,"enemies":"Collector","floor":33,"turns":12},{"damage":16,"enemies":"3 Shapes","floor":35,"turns":4},{"damage":0,"enemies":"Orb Walker","floor":39,"turns":4},{"damage":23,"enemies":"Jaw Worm Horde","floor":41,"turns":6},{"damage":24,"enemies":"4 Shapes","floor":42,"turns":7},{"damage":10,"enemies":"Spire Growth","floor":46,"turns":6},{"damage":13,"enemies":"Jaw Worm Horde","floor":48,"turns":4},{"damage":74,"enemies":"Awakened One","floor":50,"turns":14},{"damage":53,"enemies":"Shield and Spear","floor":54,"turns":7},{"damage":49,"enemies":"The Heart","floor":55,"turns":5}],"seed_played":"244938682751093982","potions_obtained":[{"floor":2.0,"key":"Dexterity Potion"},{"floor":6.0,"key":"Strength Potion"},{"floor":10.0,"key":"Strength Potion"},{"floor":13.0,"key":"EssenceOfSteel"},{"floor":16.0,"key":"Swift Potion"},{"floor":30.0,"key":"Fire Potion"},{"floor":39,"key":"Energy Potion"},{"floor":54,"key":"SkillPotion"}],"is_trial":false,"path_per_floor":["M","M","$","M","M","E","R","M","T","?","?","M","M","E","R","B",null,"M","?","?","?","$","R","$","R","T","M","M","?","M","M","R","B",null,"M","?","?","?","M","R","M","M","T","R","$","M","R","M","R","B",null,"R","$","E","B"],"character_chosen":"THE_SILENT","items_purchased":["Noxious Fumes","Toxic Egg 2","Bronze Scales","Crippling Poison+1","Envenom","Regen Potion","SkillPotion"],"campfire_rested":7,"item_purchase_floors":[3,22,45,45,45,45,45],"current_hp_per_floor":[68,63,63,63,58,46,46,38,38,26,26,26,25,8,31,14,77,61,61,50,50,50,50,50,50,50,35,35,35,23,15,38,43,77,61,61,51,51,51,74,51,27,27,50,50,40,63,50,73,18,77,77,77,24,0],"gold":74,"neow_bonus":"TEN_PERCENT_HP_BONUS","is_prod":false,"is_daily":false,"chose_seed":false,"campfire_upgraded":2,"win_rate":0,"timestamp":1557192838,"path_taken":["M","M","$","M","M","E","R","M","T","?","?","M","?","E","R","BOSS","M","?","?","?","$","R","$","R","T","M","?","?","M","M","R","BOSS","M","?","?","?","?","R","M","M","T","R","$","M","R","M","R","BOSS","R","$","E","BOSS"],"build_version":"2019-01-23","purchased_purges":1,"victory":false,"max_hp_per_floor":[77,77,77,77,77,77,77,77,77,77,77,77,77,77,77,77,77,77,77,77,77,77,77,77,77,77,77,77,77,77,77,77,77,77,77,77,77,77,77,77,77,77,77,77,77,77,77,77,77,77,77,77,77,77,77],"card_choices":[{"not_picked":["Bane","Calculated Gamble"],"picked":"Dagger Spray","floor":1.0},{"not_picked":["Dash","Blade Dance"],"picked":"Footwork","floor":2.0},{"not_picked":["Dodge and Roll","Quick Slash"],"picked":"After Image","floor":4.0},{"not_picked":["Well Laid Plans","Prepared"],"picked":"Poisoned Stab","floor":5.0},{"not_picked":["Poisoned Stab","Outmaneuver","Choke"],"picked":"SKIP","floor":6.0},{"not_picked":["Setup","Prepared","Caltrops"],"picked":"SKIP","floor":8.0},{"not_picked":["Poisoned Stab","Prepared"],"picked":"Setup","floor":10.0},{"not_picked":["Outmaneuver","Quick Slash"],"picked":"Flying Knee","floor":12.0},{"not_picked":["Deflect","Tools of the Trade"],"picked":"Deadly Poison","floor":13.0},{"not_picked":["Finisher","Outmaneuver","Flying Knee"],"picked":"SKIP","floor":14.0},{"not_picked":["Tools of the Trade","Adrenaline"],"picked":"Malaise","floor":16.0},{"not_picked":["Poisoned Stab+1","Bane"],"picked":"Blur","floor":18.0},{"not_picked":["Accuracy","Prepared+1"],"picked":"Terror","floor":20.0},{"not_picked":["Endless Agony","Quick Slash"],"picked":"Blade Dance+1","floor":27.0},{"not_picked":["Deflect+1","Backstab","Bane"],"picked":"SKIP","floor":28.0},{"not_picked":["Caltrops","Riddle With Holes+1"],"picked":"Acrobatics+1","floor":30.0},{"not_picked":["Tactician+1","Prepared+1","Expertise+1"],"picked":"SKIP","floor":31.0},{"not_picked":["Wraith Form v2","Tools of the Trade"],"picked":"Die Die Die","floor":33},{"not_picked":["Sucker Punch+1","All Out Attack"],"picked":"Distraction+1","floor":35},{"not_picked":["Heel Hook","Tactician+1","Deflect+1"],"picked":"SKIP","floor":39},{"not_picked":["Acrobatics+1","Deflect+1"],"picked":"Cloak And Dagger+1","floor":41},{"not_picked":["Crippling Poison+1","Deadly Poison+1"],"picked":"Noxious Fumes","floor":42},{"not_picked":["Skewer","A Thousand Cuts"],"picked":"Noxious Fumes","floor":46},{"not_picked":["Noxious Fumes","Slice+1"],"picked":"Flying Knee+1","floor":48},{"not_picked":["Sucker Punch+1","Choke"],"picked":"Blur+1","floor":54}],"player_experience":269168,"relics_obtained":[{"floor":6.0,"key":"Ornamental Fan"},{"floor":10.0,"key":"Odd Mushroom"},{"floor":14.0,"key":"Vajra"},{"floor":20.0,"key":"Red Mask"},{"floor":26.0,"key":"Whetstone"},{"floor":54,"key":"StoneCalendar"}],"event_choices":[{"damage_healed":0.0,"max_hp_gain":0.0,"max_hp_loss":0.0,"gold_gain":0.0,"event_name":"Mushrooms","player_choice":"Fought Mushrooms","floor":10.0,"gold_loss":0.0,"damage_taken":0.0},{"damage_healed":0.0,"max_hp_gain":0.0,"max_hp_loss":0.0,"gold_gain":0.0,"cards_transformed":["Strike_G"],"event_name":"Living Wall","player_choice":"Change","floor":11.0,"gold_loss":0.0,"damage_taken":0.0,"cards_obtained":["PiercingWail"]},{"damage_healed":0.0,"max_hp_gain":0.0,"max_hp_loss":0.0,"gold_gain":0.0,"event_name":"Addict","player_choice":"Obtained Relic","floor":19.0,"gold_loss":85.0,"damage_taken":0.0,"relics_obtained":["Pantograph"]},{"damage_healed":0.0,"max_hp_gain":0.0,"max_hp_loss":0.0,"gold_gain":0.0,"event_name":"Masked Bandits","player_choice":"Fought Bandits","floor":20.0,"gold_loss":0.0,"damage_taken":0.0},{"cards_removed":["Strike_G"],"damage_healed":0.0,"max_hp_gain":0.0,"max_hp_loss":0.0,"gold_gain":0.0,"event_name":"Bonfire Elementals","player_choice":"Offered Basic","floor":21.0,"gold_loss":0.0,"damage_taken":0.0},{"damage_healed":0.0,"max_hp_gain":0.0,"max_hp_loss":0.0,"gold_gain":0.0,"event_name":"Ghosts","player_choice":"Ignored","floor":29.0,"gold_loss":0.0,"damage_taken":0.0},{"damage_healed":0,"gold_gain":222,"player_choice":"Wore Mask","damage_taken":0,"max_hp_gain":0,"max_hp_loss":0,"event_name":"Tomb of Lord Red Mask","floor":36,"gold_loss":0},{"damage_healed":0,"gold_gain":0,"player_choice":"Embrace Madness","damage_taken":10,"max_hp_gain":0,"max_hp_loss":0,"event_name":"Winding Halls","floor":37,"gold_loss":0,"cards_obtained":["Madness","Madness"]},{"damage_healed":0,"gold_gain":0,"player_choice":"Upgraded","damage_taken":0,"max_hp_gain":0,"max_hp_loss":0,"event_name":"Upgrade Shrine","floor":38,"gold_loss":0,"cards_upgraded":["Footwork"]}],"is_beta":false,"boss_relics":[{"not_picked":["Runic Pyramid","Calling Bell"],"picked":"Cursed Key"},{"not_picked":["Eternal Feather","Busted Crown"],"picked":"Fusion Hammer"}],"items_purged_floors":[45],"is_endless":false,"potions_floor_spawned":[2,6,10,13,16,27,30,39,54],"killed_by":"The Heart","ascension_level":0}