{"gold_per_floor":[115,135,35,46,61,61,61,76,76,86,86,101,121,132,132,231,231,211,211,111,122,137,137],"floor_reached":23,"playtime":739,"items_purged":["Strike_B","Strike_B"],"score":189,"play_id":"5acee01c-cd6e-4b15-9a29-6135038c3c4e","local_time":"20180809123354","is_ascension_mode":false,"campfire_choices":[{"data":"Hologram","floor":6,"key":"SMITH"},{"data":"Zap","floor":11,"key":"SMITH"},{"floor":15,"key":"REST"}],"neow_cost":"NONE","seed_source_timestamp":215044982896000,"circlet_count":0,"master_deck":["Strike_B","Defend_B","Defend_B","Defend_B","Zap+1","Dualcast","Tempest","Hologram","Hologram+1","Skim","Loop","Seek","Streamline","Conserve Battery"],"relics":["Nuclear Battery"],"potions_floor_usage":[16,16,22],"damage_taken":[{"damage":0,"enemies":"Small Slimes","floor":1,"turns":3},{"damage":1,"enemies":"Cultist","floor":2,"turns":3},{"damage":16,"enemies":"2 Louse","floor":4,"turns":3},{"damage":2,"enemies":"Looter","floor":5,"turns":3},{"damage":18,"enemies":"Lots of Slimes","floor":8,"turns":4},{"damage":9,"enemies":"Blue Slaver","floor":10,"turns":3},{"damage":2,"enemies":"Looter","floor":12,"turns":2},{"damage":5,"enemies":"Large Slime","floor":13,"turns":3},{"damage":2,"enemies":"Blue Slaver","floor":14,"turns":3},{"damage":25,"enemies":"Hexaghost","floor":16,"turns":6},{"damage":34,"enemies":"2 Thieves","floor":18,"turns":4},{"damage":7,"enemies":"Chosen","floor":21,"turns":4},{"damage":21,"enemies":"3 Cultists","floor":22,"turns":5},{"damage":19,"enemies":"Slavers","floor":23,"turns":1}],"seed_played":"-7649000797974136761","potions_obtained":[{"floor":1,"key":"FocusPotion"},{"floor":5,"key":"FearPotion"},{"floor":8,"key":"FocusPotion"},{"floor":14,"key":"SpeedPotion"},{"floor":21,"key":"PowerPotion"}],"is_trial":false,"path_per_floor":["M","M","$","M","M","R","?","M","T","M","R","M","M","M","R","B",null,"M","?","$","M","M"],"character_chosen":"DEFECT","items_purchased":["Hologram"],"campfire_rested":1,"item_purchase_floors":[3],"current_hp_per_floor":[75,74,74,58,56,56,56,38,38,29,29,27,22,20,42,17,75,41,41,41,34,13,0],"gold":137,"neow_bonus":"BOSS_RELIC","is_prod":false,"is_daily":false,"chose_seed":false,"campfire_upgraded":2,"win_rate":0,"timestamp":1533789234,"path_taken":["M","M","$","M","M","R","?","M","T","M","R","M","M","M","R","BOSS","M","?","$","M","M","E"],"build_version":"2018-08-02","purchased_purges":2,"victory":false,"max_hp_per_floor":[75,75,75,75,75,75,75,75,75,75,75,75,75,75,75,75,75,75,75,75,75,75,75],"card_choices":[{"not_picked":["Beam Cell","Stack"],"picked":"Tempest","floor":1},{"not_picked":["Force Field","Steam","Leap"],"picked":"SKIP","floor":2},{"not_picked":["Lockon","Redo","Leap"],"picked":"SKIP","floor":4},{"not_picked":["Undo","BootSequence"],"picked":"Hologram","floor":5},{"not_picked":["Loop","Barrage"],"picked":"Skim","floor":8},{"not_picked":["FTL","Darkness","Barrage"],"picked":"SKIP","floor":10},{"not_picked":["Static Discharge","Sweeping Beam","Steam"],"picked":"SKIP","floor":12},{"not_picked":["Rainbow","Coolheaded","Tempest"],"picked":"SKIP","floor":13},{"not_picked":["Cold Snap","Coolheaded"],"picked":"Loop","floor":14},{"not_picked":["All For One","Multi-Cast"],"picked":"Seek","floor":16},{"not_picked":["Gash","Coolheaded","Redo"],"picked":"SKIP","floor":18},{"not_picked":["Streamline","Creative AI"],"picked":"Conserve Battery","floor":21},{"not_picked":["Ball Lightning","Steam Power","Compile Driver"],"picked":"SKIP","floor":22}],"player_experience":332967,"relics_obtained":[],"event_choices":[{"event_name":"Purifier","player_choice":"One Purge","floor":7,"damage_taken":0},{"event_name":"Transmorgrifier","player_choice":"Transform","floor":19,"damage_taken":0}],"is_beta":false,"boss_relics":[{"not_picked":["Empty Cage","Lizard Tail","Runic Dome"]}],"items_purged_floors":[3,20],"is_endless":false,"potions_floor_spawned":[1,5,8,14,21],"killed_by":"Slavers","ascension_level":0}