{"gold_per_floor":[362,46,64,64,64,64,75,75,129,129,139,169,169,180,180,276,276,290,315,334,334,16,16,44,44,71,71,94,19,33,33,33,135,135,155,166,66,66,66,66,66,86,86,86,98,98,98,0,0,0],"floor_reached":50,"playtime":2467,"items_purged":["Injury","Shame"],"score":683,"play_id":"427baef1-a8a0-4fc8-8213-4d896bbffb63","local_time":"20190318231105","is_ascension_mode":true,"campfire_choices":[{"data":"Deadly Poison","floor":6,"key":"SMITH"},{"data":"Distraction","floor":8,"key":"SMITH"},{"floor":13,"key":"REST"},{"floor":15,"key":"REST"},{"floor":23,"key":"REST"},{"floor":27,"key":"REST"},{"floor":32,"key":"REST"},{"floor":40,"key":"REST"},{"floor":44,"key":"REST"},{"floor":47,"key":"REST"},{"floor":49,"key":"REST"}],"neow_cost":"CURSE","seed_source_timestamp":482043861327325,"circlet_count":0,"master_deck":["Defend_G","Defend_G","Defend_G","Defend_G+1","Defend_G","Survivor","Neutralize","Clumsy","Noxious Fumes+1","Backflip","Deadly Poison+1","Distraction+1","Catalyst","Adrenaline","Eviscerate","Tools of the Trade","Bouncing Flask","Acrobatics+1","Backstab","Deadly Poison","Bouncing Flask","Bite","Bite","Bite","Bite","Bite","Deadly Poison","Die Die Die","Dodge and Roll+1","Quick Slash+1","Madness","Madness","Distraction+1","Regret","Outmaneuver"],"relics":["Ring of the Snake","ClockworkSouvenir","Omamori","Bottled Flame","Cursed Key","Snake Skull","Mummified Hand","Juzu Bracelet","Strawberry","Blood Vial","StoneCalendar","Runic Pyramid","Calipers","Red Mask"],"potions_floor_usage":[12,12,16,16,30,33,36],"damage_taken":[{"damage":6,"enemies":"2 Louse","floor":1,"turns":3},{"damage":4,"enemies":"Small Slimes","floor":3,"turns":3},{"damage":1,"enemies":"Cultist","floor":7,"turns":3},{"damage":0,"enemies":"Red Slaver","floor":11,"turns":3},{"damage":24,"enemies":"3 Sentries","floor":12,"turns":6},{"damage":6,"enemies":"2 Fungi Beasts","floor":14,"turns":3},{"damage":0,"enemies":"Slime Boss","floor":16,"turns":9},{"damage":7,"enemies":"3 Byrds","floor":18,"turns":4},{"damage":26,"enemies":"2 Thieves","floor":20,"turns":4},{"damage":34,"enemies":"Slavers","floor":24,"turns":5},{"damage":21,"enemies":"Shelled Parasite and Fungi","floor":30,"turns":4},{"damage":39,"enemies":"Collector","floor":33,"turns":7},{"damage":64,"enemies":"3 Darklings","floor":35,"turns":5},{"damage":0,"enemies":"Orb Walker","floor":36,"turns":4},{"damage":1,"enemies":"Transient","floor":42,"turns":5},{"damage":48,"enemies":"Writhing Mass","floor":45,"turns":5},{"damage":80,"enemies":"Donu and Deca","floor":50,"turns":7}],"seed_played":"-1144792491890463743","potions_obtained":[{"floor":1,"key":"FearPotion"},{"floor":3,"key":"SkillPotion"},{"floor":10,"key":"PowerPotion"},{"floor":10,"key":"Fire Potion"},{"floor":10,"key":"Swift Potion"},{"floor":12,"key":"Poison Potion"},{"floor":24,"key":"Explosive Potion"},{"floor":30,"key":"SpeedPotion"},{"floor":35,"key":"Block Potion"}],"is_trial":false,"path_per_floor":["M","$","M","?","?","R","M","R","T","?","M","E","R","M","R","B",null,"M","T","M","?","$","R","E","?","T","R","T","$","M","T","R","B",null,"M","M","$","?","$","R","?","M","T","R","M","?","R","?","R","B"],"character_chosen":"THE_SILENT","items_purchased":["ClockworkSouvenir","Noxious Fumes","Backflip","Mummified Hand","Backstab","Deadly Poison"],"campfire_rested":9,"item_purchase_floors":[2,2,2,22,22,22],"current_hp_per_floor":[64,64,60,60,46,46,45,45,45,45,45,21,42,36,57,57,70,63,63,37,24,24,46,12,12,19,36,36,36,25,25,42,19,59,3,13,13,6,6,23,23,34,34,51,15,15,32,32,49,0],"gold":0,"neow_bonus":"TWO_FIFTY_GOLD","is_prod":false,"is_daily":false,"chose_seed":false,"campfire_upgraded":2,"win_rate":0,"timestamp":1552975865,"path_taken":["M","$","M","?","?","R","M","R","T","?","?","E","R","M","R","BOSS","M","?","M","?","$","R","E","?","T","R","?","?","M","?","R","BOSS","M","M","?","?","$","R","?","M","T","R","M","?","R","?","R","BOSS"],"build_version":"2019-01-23","purchased_purges":2,"victory":false,"max_hp_per_floor":[70,70,70,70,70,70,70,70,70,70,70,70,70,70,70,70,70,70,70,70,75,75,75,75,52,59,59,59,59,59,59,59,59,59,59,59,59,59,59,59,59,59,59,59,59,59,59,59,59,59],"card_choices":[{"not_picked":["Deflect","PiercingWail"],"picked":"Dagger Spray","floor":1},{"not_picked":["Bane","Caltrops"],"picked":"Deadly Poison","floor":3},{"not_picked":["Dodge and Roll","Deflect"],"picked":"Distraction","floor":7},{"not_picked":["Deadly Poison","Underhanded Strike"],"picked":"Catalyst","floor":11},{"not_picked":["Dodge and Roll","Venomology"],"picked":"Adrenaline","floor":12},{"not_picked":["Terror","Cloak And Dagger"],"picked":"Eviscerate","floor":14},{"not_picked":["Venomology","Storm of Steel"],"picked":"Tools of the Trade","floor":16},{"not_picked":["Cloak And Dagger","Deflect"],"picked":"Bouncing Flask","floor":18},{"not_picked":["Cloak And Dagger","Outmaneuver"],"picked":"Acrobatics+1","floor":20},{"not_picked":["Backflip","Setup"],"picked":"Bouncing Flask","floor":24},{"not_picked":["Concentrate","Outmaneuver"],"picked":"Deadly Poison","floor":30},{"not_picked":["Storm of Steel","Glass Knife"],"picked":"Die Die Die","floor":33},{"not_picked":["Underhanded Strike","Terror+1"],"picked":"Dodge and Roll+1","floor":35},{"not_picked":["Accuracy+1","Cloak And Dagger+1"],"picked":"Quick Slash+1","floor":36},{"not_picked":["Reflex","Skewer+1"],"picked":"Distraction+1","floor":42},{"not_picked":["Deadly Poison","Endless Agony+1"],"picked":"Outmaneuver","floor":45}],"player_experience":303019,"relics_obtained":[{"floor":9,"key":"Omamori"},{"floor":12,"key":"Bottled Flame"},{"floor":19,"key":"Snake Skull"},{"floor":24,"key":"Juzu Bracelet"},{"floor":26,"key":"Strawberry"},{"floor":28,"key":"Blood Vial"},{"floor":31,"key":"StoneCalendar"},{"floor":43,"key":"Calipers"}],"event_choices":[{"damage_healed":0,"gold_gain":0,"player_choice":"Grow","damage_taken":0,"max_hp_gain":0,"max_hp_loss":0,"event_name":"Living Wall","floor":4,"gold_loss":0,"cards_upgraded":["Noxious Fumes"]},{"damage_healed":0,"gold_gain":0,"player_choice":"Entered Light","damage_taken":14,"max_hp_gain":0,"max_hp_loss":0,"event_name":"Shining Light","floor":5,"gold_loss":0,"cards_upgraded":["Strike_G","Defend_G"]},{"damage_healed":0,"gold_gain":0,"player_choice":"Got Potions","damage_taken":0,"max_hp_gain":0,"max_hp_loss":0,"event_name":"Lab","floor":10,"gold_loss":0},{"damage_healed":0,"gold_gain":0,"player_choice":"Shed Blood","damage_taken":18,"max_hp_gain":5,"max_hp_loss":0,"event_name":"Forgotten Altar","floor":21,"gold_loss":0},{"damage_healed":0,"gold_gain":0,"player_choice":"Became a vampire","damage_taken":0,"max_hp_gain":0,"max_hp_loss":23,"event_name":"Vampires","floor":25,"gold_loss":0,"cards_obtained":["Bite","Bite","Bite","Bite","Bite"]},{"damage_healed":0,"gold_gain":0,"player_choice":"Embrace Madness","damage_taken":7,"max_hp_gain":0,"max_hp_loss":0,"event_name":"Winding Halls","floor":38,"gold_loss":0,"cards_obtained":["Madness","Madness"]},{"damage_healed":0,"gold_gain":0,"player_choice":"Ignored","damage_taken":0,"max_hp_gain":0,"max_hp_loss":0,"event_name":"Mysterious Sphere","floor":41,"gold_loss":0},{"cards_removed":["Dagger Spray"],"damage_healed":0,"gold_gain":0,"player_choice":"Removed Attack","damage_taken":0,"max_hp_gain":0,"max_hp_loss":0,"event_name":"Falling","floor":46,"gold_loss":0},{"damage_healed":0,"gold_gain":0,"player_choice":"Paid","damage_taken":0,"relics_obtained":["Red Mask"],"max_hp_gain":0,"max_hp_loss":0,"event_name":"Tomb of Lord Red Mask","floor":48,"gold_loss":98}],"is_beta":false,"boss_relics":[{"not_picked":["HoveringKite","Astrolabe"],"picked":"Cursed Key"},{"not_picked":["Calling Bell","Snecko Eye"],"picked":"Runic Pyramid"}],"items_purged_floors":[29,37],"is_endless":false,"potions_floor_spawned":[1,3,12,24,30,35],"killed_by":"Donu and Deca","ascension_level":3}