{"gold_per_floor":[119,137,312,325,325,325,337,370,395,241,252,105,105,125,125,228,228,246,173,173,190,200,200,200,216,216,248,264,264,363,380,380,380],"floor_reached":33,"playtime":2672,"items_purged":["Doubt"],"score":274,"play_id":"c595eee6-0177-4339-8e1e-dfc531439981","local_time":"20180717154143","is_ascension_mode":false,"campfire_choices":[{"floor":6,"key":"REST"},{"floor":13,"key":"REST"},{"data":"Rage","floor":15,"key":"SMITH"},{"floor":23,"key":"REST"},{"floor":29,"key":"REST"},{"floor":32,"key":"REST"}],"neow_cost":"FIFTY_PERCENT_DAMAGE","seed_source_timestamp":334423013690727,"circlet_count":0,"master_deck":["Strike_R","Strike_R","Strike_R","Strike_R","Strike_R","Defend_R","Defend_R+1","Defend_R+1","Defend_R","Bash","Cleave","Flame Barrier","Pommel Strike","Headbutt","Rage+1","Inflame","Blood for Blood","Pommel Strike","Demon Form","Evolve","Clothesline","Armaments","Intimidate","Anger","Shrug It Off","Metallicize","Flex","Spot Weakness","Clothesline+1","Body Slam+1","Barricade","Flex"],"relics":["Burning Blood","War Paint","Oddly Smooth Stone","Strawberry","Red Skull","Orrery","Ornamental Fan","Red Mask"],"potions_floor_usage":[7,8,16,22,27,28],"damage_taken":[{"damage":5,"enemies":"Cultist","floor":1,"turns":4},{"damage":4,"enemies":"2 Louse","floor":2,"turns":2},{"damage":5,"enemies":"Small Slimes","floor":4,"turns":4},{"damage":2,"enemies":"2 Fungi Beasts","floor":7,"turns":3},{"damage":24,"enemies":"Lagavulin","floor":8,"turns":5},{"damage":0,"enemies":"Exordium Thugs","floor":11,"turns":4},{"damage":9,"enemies":"Blue Slaver","floor":14,"turns":4},{"damage":56,"enemies":"Hexaghost","floor":16,"turns":8},{"damage":38,"enemies":"Spheric Guardian","floor":18,"turns":6},{"damage":18,"enemies":"Chosen","floor":21,"turns":6},{"damage":18,"enemies":"Centurion and Healer","floor":22,"turns":8},{"damage":21,"enemies":"Snake Plant","floor":25,"turns":5},{"damage":27,"floor":27,"turns":5},{"damage":20,"enemies":"Slaver and Parasite","floor":28,"turns":5},{"damage":28,"enemies":"Sentry and Sphere","floor":31,"turns":7},{"damage":54,"enemies":"Automaton","floor":33,"turns":4}],"seed_played":"8338815812659820021","potions_obtained":[{"floor":4,"key":"AttackPotion"},{"floor":7,"key":"Fire Potion"},{"floor":14,"key":"PowerPotion"},{"floor":21,"key":"Strength Potion"},{"floor":25,"key":"Regen Potion"},{"floor":27,"key":"Poison Potion"}],"is_trial":false,"path_per_floor":["M","M","?","M","?","R","M","E","T","$","M","$","R","M","R","B",null,"M","$","?","M","M","R","?","M","T","?","M","R","?","M","R"],"character_chosen":"IRONCLAD","items_purchased":["Inflame","Red Skull","Metallicize"],"campfire_rested":5,"item_purchase_floors":[10,12,19],"current_hp_per_floor":[49,51,51,52,40,68,72,54,61,61,67,67,97,94,94,44,103,71,71,50,38,26,58,48,33,33,26,12,44,44,22,54,0],"gold":380,"neow_bonus":"TWENTY_PERCENT_HP_BONUS","is_prod":false,"is_daily":false,"chose_seed":false,"campfire_upgraded":1,"win_rate":0.0,"timestamp":1531834903,"path_taken":["M","?","?","M","?","R","M","E","T","?","M","$","R","M","R","BOSS","M","$","?","M","M","R","?","M","T","?","M","R","?","M","R","BOSS"],"build_version":"2018-07-12","purchased_purges":1,"victory":false,"max_hp_per_floor":[96,96,96,96,96,96,96,96,103,103,103,103,103,103,103,103,103,103,103,108,108,108,108,108,108,108,108,108,108,108,108,108,108],"card_choices":[{"not_picked":["Shrug It Off","Uppercut"],"picked":"Cleave","floor":1},{"not_picked":["Sword Boomerang","Feel No Pain"],"picked":"Flame Barrier","floor":2},{"not_picked":["Sword Boomerang","Clash"],"picked":"Pommel Strike","floor":4},{"not_picked":["Clash","Body Slam"],"picked":"Headbutt","floor":7},{"not_picked":["Barricade","Body Slam"],"picked":"Rage","floor":8},{"not_picked":["Iron Wave","Burning Pact"],"picked":"Blood for Blood","floor":11},{"not_picked":["Body Slam","Wild Strike"],"picked":"Pommel Strike","floor":14},{"not_picked":["Berserk","Impervious"],"picked":"Demon Form","floor":16},{"not_picked":["Combust","True Grit"],"picked":"Evolve","floor":17},{"not_picked":["Dropkick","Wild Strike"],"picked":"Clothesline","floor":17},{"not_picked":["Uppercut","Twin Strike"],"picked":"Armaments","floor":17},{"not_picked":["Wild Strike","Pommel Strike"],"picked":"Intimidate","floor":17},{"not_picked":["Evolve","Reckless Charge"],"picked":"Anger","floor":17},{"not_picked":["Thunderclap","Sword Boomerang"],"picked":"Shrug It Off","floor":18},{"not_picked":["True Grit","Juggernaut"],"picked":"Flex","floor":21},{"not_picked":["True Grit","Pummel"],"picked":"Spot Weakness","floor":22},{"not_picked":["Anger","Warcry"],"picked":"Clothesline+1","floor":25},{"not_picked":["Anger+1","Pommel Strike"],"picked":"Body Slam+1","floor":27},{"not_picked":["Shrug It Off","Twin Strike"],"picked":"Barricade","floor":28},{"not_picked":["Wild Strike+1","Pommel Strike"],"picked":"Flex","floor":31}],"player_experience":77790,"relics_obtained":[{"floor":8,"key":"Oddly Smooth Stone"},{"floor":9,"key":"Strawberry"},{"floor":26,"key":"Ornamental Fan"},{"floor":27,"key":"Red Mask"}],"event_choices":[{"event_name":"Liars Game","player_choice":"agreed","floor":3,"damage_taken":0},{"event_name":"Scrap Ooze","player_choice":"success","floor":5,"damage_taken":12},{"event_name":"Forgotten Altar","player_choice":"Shed Blood","floor":20,"damage_taken":0},{"event_name":"Wheel of Change","player_choice":"Damage","floor":24,"damage_taken":0},{"event_name":"Masked Bandits","player_choice":"Fought over 216 gold","floor":27,"damage_taken":0},{"event_name":"Nest","player_choice":"Stole From Cult","floor":30,"damage_taken":0}],"boss_relics":[{"not_picked":["Busted Crown","Cursed Key"],"picked":"Orrery"}],"items_purged_floors":[10],"is_endless":false,"potions_floor_spawned":[4,7,14,21,25,27],"killed_by":"Automaton","ascension_level":0}