{"gold_per_floor":[119,119,134,151,165,165,192,192,192,192,204,204,83,114,114,114],"floor_reached":16,"playtime":1013,"items_purged":[],"score":116,"play_id":"d3d91d54-f2fb-4c12-9cac-0ffcef8c137f","local_time":"20190504134532","is_ascension_mode":true,"campfire_choices":[{"data":"Flame Barrier","floor":6,"key":"SMITH"},{"floor":8,"key":"REST"},{"data":"Pommel Strike","floor":10,"key":"SMITH"},{"floor":12,"key":"REST"},{"data":"Shrug It Off","floor":15,"key":"SMITH"}],"neow_cost":"PERCENT_DAMAGE","seed_source_timestamp":2770455510500,"circlet_count":0,"master_deck":["Strike_R","Strike_R","Strike_R+1","Strike_R","Defend_R","Defend_R","Defend_R","Defend_R","Bash+1","Flame Barrier+1","Shrug It Off+1","Battle Trance","Pommel Strike+1","Battle Trance"],"relics":["Burning Blood","Peace Pipe","Whetstone","The Courier","Happy Flower","Bird Faced Urn"],"potions_floor_usage":[7,7,16],"damage_taken":[{"damage":6,"enemies":"Jaw Worm","floor":1,"turns":4},{"damage":0,"enemies":"Cultist","floor":3,"turns":4},{"damage":1,"enemies":"2 Louse","floor":4,"turns":3},{"damage":2,"enemies":"2 Fungi Beasts","floor":5,"turns":6},{"damage":13,"enemies":"Lagavulin","floor":7,"turns":8},{"damage":18,"enemies":"Large Slime","floor":11,"turns":7},{"damage":17,"enemies":"3 Sentries","floor":14,"turns":9},{"damage":69,"enemies":"Hexaghost","floor":16,"turns":14}],"seed_played":"7922593911371310841","potions_obtained":[{"floor":1,"key":"AttackPotion"},{"floor":5,"key":"Weak Potion"},{"floor":14,"key":"Explosive Potion"}],"is_trial":false,"path_per_floor":["M","?","M","M","M","R","E","R","T","R","M","R","$","E","R","B"],"character_chosen":"IRONCLAD","items_purchased":["Happy Flower"],"campfire_rested":2,"item_purchase_floors":[13],"current_hp_per_floor":[56,56,62,67,71,71,64,80,80,80,68,80,80,69,69,0],"gold":114,"neow_bonus":"ONE_RARE_RELIC","is_prod":false,"is_daily":false,"chose_seed":false,"campfire_upgraded":3,"win_rate":0,"timestamp":1556991932,"path_taken":["M","?","M","?","M","R","E","R","T","R","M","R","$","E","R","BOSS"],"build_version":"2019-01-23","purchased_purges":0,"victory":false,"max_hp_per_floor":[80,80,80,80,80,80,80,80,80,80,80,80,80,80,80,80],"card_choices":[{"not_picked":["Whirlwind","Body Slam"],"picked":"Flame Barrier","floor":1},{"not_picked":["Sentinel","Intimidate"],"picked":"Shrug It Off","floor":3},{"not_picked":["Rage","Thunderclap"],"picked":"Battle Trance","floor":4},{"not_picked":["Anger","Thunderclap","Headbutt"],"picked":"SKIP","floor":5},{"not_picked":["Heavy Blade","Warcry"],"picked":"Pommel Strike","floor":7},{"not_picked":["Rampage","Rupture"],"picked":"Battle Trance","floor":11},{"not_picked":["Clothesline","Twin Strike","Berserk"],"picked":"SKIP","floor":14}],"player_experience":89851,"relics_obtained":[{"floor":7,"key":"Whetstone"},{"floor":9,"key":"The Courier"},{"floor":14,"key":"Bird Faced Urn"}],"event_choices":[{"cards_removed":["Strike_R"],"damage_healed":0,"gold_gain":0,"player_choice":"Offered Basic","damage_taken":0,"max_hp_gain":0,"max_hp_loss":0,"event_name":"Bonfire Elementals","floor":2,"gold_loss":0}],"is_beta":false,"boss_relics":[],"items_purged_floors":[],"is_endless":false,"potions_floor_spawned":[1,5,14],"killed_by":"Hexaghost","ascension_level":1}