{"gold_per_floor":[110,110,32,32,32,32,68,68,92,106,144,25,25,41,41,130,130,150,18,18,18,41,41,41,41,65,81,81,81,99,118,118,207,207,230,230,2,51,66,97,97,130,130,163,163,163,63,96,96,96,96,96,96,38,73,73],"floor_reached":57,"playtime":2300,"items_purged":["Strike_B","Strike_B"],"score":2890,"play_id":"5b773b1c-4cd0-4485-b3a8-f9ba3e6586ca","local_time":"20190302001033","is_ascension_mode":true,"campfire_choices":[{"data":"Zap","floor":6.0,"key":"SMITH"},{"data":"Dualcast","floor":8.0,"key":"SMITH"},{"data":"Coolheaded","floor":15.0,"key":"SMITH"},{"data":"Turbo","floor":23.0,"key":"SMITH"},{"data":"Heatsinks","floor":25.0,"key":"SMITH"},{"data":"Hologram","floor":32.0,"key":"SMITH"},{"data":"Thunder Strike","floor":41.0,"key":"SMITH"},{"data":"Coolheaded","floor":45.0,"key":"SMITH"},{"floor":49.0,"key":"RECALL"},{"data":"Seek","floor":53.0,"key":"SMITH"}],"neow_cost":"NONE","seed_source_timestamp":114543481154299,"circlet_count":0,"master_deck":["AscendersBane","Strike_B","Defend_B","Defend_B","Defend_B","Defend_B","Zap+1","Dualcast+1","Coolheaded+1","Heatsinks+1","Recycle","Compile Driver","Turbo+1","Capacitor+1","White Noise","Thunder Strike+1","Core Surge","Hologram+1","Conserve Battery","Self Repair+1","Pain","Biased Cognition+1","Turbo","Storm+1","Ball Lightning","Echo Form+1","White Noise+1","Seek+1","Recycle+1","Chill+1","Coolheaded+1","Coolheaded+1","Coolheaded","Conserve Battery+1"],"special_seed":0,"relics":["Cracked Core","NeowsBlessing","Golden Idol","Symbiotic Virus","Anchor","Frozen Egg 2","WingedGreaves","Runic Pyramid","WarpedTongs","DataDisk","Mummified Hand","Eternal Feather","Runic Capacitor","Ancient Tea Set","Mercury Hourglass","Dead Branch","Omamori","Strawberry","Thread and Needle"],"potions_floor_usage":[],"damage_taken":[{"damage":0.0,"enemies":"Jaw Worm","floor":1.0,"turns":1.0},{"damage":0.0,"enemies":"Lagavulin","floor":7.0,"turns":1.0},{"damage":0.0,"enemies":"Cultist","floor":10.0,"turns":1.0},{"damage":17.0,"enemies":"3 Sentries","floor":11.0,"turns":13.0},{"damage":0.0,"enemies":"2 Louse","floor":14.0,"turns":2.0},{"damage":45.0,"enemies":"The Guardian","floor":16.0,"turns":9.0},{"damage":24.0,"enemies":"Shell Parasite","floor":18.0,"turns":4.0},{"damage":5.0,"enemies":"3 Byrds","floor":22.0,"turns":5.0},{"damage":4.0,"enemies":"Centurion and Healer","floor":27.0,"turns":3.0},{"damage":12.0,"enemies":"Chosen and Byrds","floor":30.0,"turns":4.0},{"damage":2.0,"enemies":"Sentry and Sphere","floor":31.0,"turns":3.0},{"damage":10.0,"enemies":"Automaton","floor":33.0,"turns":6.0},{"damage":4.0,"enemies":"3 Shapes","floor":35.0,"turns":2.0},{"damage":0.0,"enemies":"3 Darklings","floor":39.0,"turns":2.0},{"damage":59.0,"enemies":"Reptomancer","floor":40.0,"turns":4.0},{"damage":5.0,"enemies":"Nemesis","floor":42.0,"turns":3.0},{"damage":1.0,"enemies":"Giant Head","floor":44.0,"turns":4.0},{"damage":27.0,"enemies":"Reptomancer","floor":48.0,"turns":3.0},{"damage":33.0,"enemies":"Time Eater","floor":50.0,"turns":5.0},{"damage":5.0,"enemies":"Awakened One","floor":51.0,"turns":6.0},{"damage":21.0,"enemies":"Shield and Spear","floor":55.0,"turns":5.0},{"damage":46,"enemies":"The Heart","floor":56,"turns":8}],"seed_played":"6228604788448072901","potions_obtained":[{"floor":11.0,"key":"SmokeBomb"},{"floor":14.0,"key":"Poison Potion"},{"floor":18.0,"key":"Explosive Potion"},{"floor":22.0,"key":"SpeedPotion"},{"floor":30.0,"key":"Swift Potion"},{"floor":35.0,"key":"Strength Potion"},{"floor":39.0,"key":"Dexterity Potion"},{"floor":48.0,"key":"SkillPotion"}],"is_trial":false,"path_per_floor":["M","?","$","$","?","R","E","R","T","M","E","$","?","M","R","B",null,"M","$","?","?","M","R","?","R","T","M","?","T","M","M","R","B",null,"M","?","$","T","M","E","R","E","T","E","R","?","$","E","R","B","B",null,"R","$","E","B",null],"character_chosen":"DEFECT","items_purchased":["Heatsinks","Capacitor+1","White Noise","Conserve Battery","Runic Capacitor","Coolheaded"],"campfire_rested":0,"item_purchase_floors":[3,12,12,19,37,54],"current_hp_per_floor":[64,64,64,64,64,64,64,64,64,64,47,47,47,47,47,2,49,25,25,25,25,20,20,20,20,20,26,26,26,14,22,22,22,54,60,60,60,60,60,11,29,34,34,43,61,61,61,51,69,46,61,69,71,71,50,14],"gold":73,"neow_bonus":"THREE_ENEMY_KILL","is_prod":false,"is_daily":false,"chose_seed":false,"campfire_upgraded":9,"win_rate":0,"timestamp":1551456633,"path_taken":["M","?","?","$","?","R","E","R","T","M","E","$","?","M","R","BOSS","M","$","?","?","M","R","?","R","T","?","?","?","M","?","R","BOSS","M","?","?","?","M","E","R","E","T","E","R","?","$","E","R","BOSS","BOSS","R","$","E","BOSS"],"build_version":"2019-01-23","purchased_purges":2,"victory":true,"max_hp_per_floor":[71,71,71,71,64,64,64,64,64,64,64,64,64,64,64,64,64,64,64,64,64,64,64,64,64,64,64,64,64,64,64,64,64,64,64,64,64,64,64,64,64,64,64,64,64,64,64,71,71,71,71,71,71,71,71,71],"card_choices":[{"not_picked":["Sunder","Barrage"],"picked":"Coolheaded","floor":1.0},{"not_picked":["Sweeping Beam","Storm"],"picked":"Recycle","floor":7.0},{"not_picked":["Leap","Barrage"],"picked":"Compile Driver","floor":10.0},{"not_picked":["Lockon","Steam"],"picked":"Turbo","floor":11.0},{"not_picked":["White Noise","Heatsinks+1"],"picked":"Thunder Strike","floor":14.0},{"not_picked":["Hyperbeam","Creative AI+1"],"picked":"Core Surge","floor":16.0},{"not_picked":["Steam","Chaos+1"],"picked":"Hologram","floor":18.0},{"not_picked":["Stack","Streamline"],"picked":"Self Repair+1","floor":22.0},{"not_picked":["Beam Cell","Gash"],"picked":"Biased Cognition+1","floor":27.0},{"not_picked":["Rebound+1","Heatsinks+1"],"picked":"Storm+1","floor":30.0},{"not_picked":["Melter+1","Scrape"],"picked":"Ball Lightning","floor":31.0},{"not_picked":["Thunder Strike","Biased Cognition+1"],"picked":"Echo Form+1","floor":33.0},{"not_picked":["Conserve Battery","Stack"],"picked":"White Noise+1","floor":35.0},{"not_picked":["Redo","Recycle+1","Reprogram"],"picked":"SKIP","floor":39.0},{"not_picked":["Redo","Reprogram"],"picked":"Recycle+1","floor":39.0},{"not_picked":["Sweeping Beam","Ball Lightning"],"picked":"Chill+1","floor":40.0},{"not_picked":["Compile Driver+1","Hologram"],"picked":"Coolheaded+1","floor":42.0},{"not_picked":["Hyperbeam","Go for the Eyes"],"picked":"Coolheaded","floor":44.0},{"not_picked":["Sweeping Beam","Cold Snap","Leap"],"picked":"SKIP","floor":48.0},{"not_picked":["Chaos","Blizzard"],"picked":"Conserve Battery+1","floor":55.0}],"player_experience":1064368,"relics_obtained":[{"floor":7.0,"key":"Symbiotic Virus"},{"floor":9.0,"key":"Anchor"},{"floor":11.0,"key":"Frozen Egg 2"},{"floor":26.0,"key":"DataDisk"},{"floor":29.0,"key":"Mummified Hand"},{"floor":40.0,"key":"Ancient Tea Set"},{"floor":42.0,"key":"Mercury Hourglass"},{"floor":43.0,"key":"Dead Branch"},{"floor":44.0,"key":"Omamori"},{"floor":48.0,"key":"Strawberry"},{"floor":55.0,"key":"Thread and Needle"}],"event_choices":[{"cards_removed":["Strike_B"],"damage_healed":0.0,"max_hp_gain":0.0,"max_hp_loss":0.0,"gold_gain":0.0,"event_name":"Bonfire Elementals","player_choice":"Offered Basic","floor":2.0,"gold_loss":0.0,"damage_taken":0.0},{"damage_healed":0.0,"max_hp_gain":0.0,"max_hp_loss":7.0,"gold_gain":0.0,"event_name":"Golden Idol","player_choice":"Lose Max HP","floor":5.0,"gold_loss":0.0,"damage_taken":0.0,"relics_obtained":["Golden Idol"]},{"damage_healed":0.0,"max_hp_gain":0.0,"max_hp_loss":0.0,"gold_gain":0.0,"event_name":"WeMeetAgain","player_choice":"Gave Potion","floor":13.0,"gold_loss":0.0,"damage_taken":0.0,"relics_obtained":["WingedGreaves"]},{"damage_healed":0.0,"max_hp_gain":0.0,"max_hp_loss":0.0,"gold_gain":0.0,"event_name":"Cursed Tome","player_choice":"Ignored","floor":21.0,"gold_loss":0.0,"damage_taken":0.0},{"damage_healed":0.0,"max_hp_gain":0.0,"max_hp_loss":0.0,"gold_gain":0.0,"event_name":"Accursed Blacksmith","player_choice":"Rummage","floor":24.0,"gold_loss":0.0,"damage_taken":0.0,"relics_obtained":["WarpedTongs"],"cards_obtained":["Pain"]},{"damage_healed":0.0,"max_hp_gain":0.0,"max_hp_loss":0.0,"gold_gain":0.0,"event_name":"The Library","player_choice":"Read","floor":28.0,"gold_loss":0.0,"damage_taken":0.0,"cards_obtained":["Turbo"]},{"damage_healed":0.0,"max_hp_gain":0.0,"max_hp_loss":0.0,"gold_gain":0.0,"event_name":"Match and Keep!","player_choice":"1 cards matched","floor":36.0,"gold_loss":0.0,"damage_taken":0.0,"cards_obtained":["Seek"]},{"damage_healed":0.0,"max_hp_gain":0.0,"max_hp_loss":0.0,"gold_gain":0.0,"event_name":"Tomb of Lord Red Mask","player_choice":"Ignored","floor":46.0,"gold_loss":0.0,"damage_taken":0.0}],"is_beta":false,"boss_relics":[{"not_picked":["Runic Dome","Snecko Eye"],"picked":"Runic Pyramid"},{"not_picked":["Lizard Tail","Sozu"],"picked":"Eternal Feather"}],"items_purged_floors":[19,47],"is_endless":false,"potions_floor_spawned":[11,14,18,22,30,35,39,48],"ascension_level":20}