{"gold_per_floor":[111,126,136,101,101,133,143,143,143,143,163,189,205,225,225,325,325,336,336,336,355,355,355],"floor_reached":23,"playtime":1085,"items_purged":[],"score":378,"play_id":"6a6a7d7e-0edc-47e5-8b62-ac65d8c9b602","local_time":"20190410165214","is_ascension_mode":true,"campfire_choices":[{"floor":10.0,"key":"REST"},{"floor":15.0,"key":"REST"}],"neow_cost":"NONE","seed_source_timestamp":0,"circlet_count":0,"master_deck":["AscendersBane","Defend_G","Defend_G","Survivor","Neutralize","Footwork","Flying Knee","Backstab","Leg Sweep","A Thousand Cuts+1","Blade Dance","Backflip","Venomology","Accuracy+1","After Image+1","Heel Hook","Bite","Bite","Bite","Bite","Bite","Deflect"],"special_seed":0,"relics":["Ring of the Snake","Anchor","Frozen Egg 2","Sundial","Darkstone Periapt","Meat on the Bone","Juzu Bracelet","Empty Cage","Nilry\u0027s Codex"],"potions_floor_usage":[23],"damage_taken":[{"damage":8.0,"enemies":"Jaw Worm","floor":1.0,"turns":6.0},{"damage":0.0,"enemies":"Small Slimes","floor":2.0,"turns":4.0},{"damage":0.0,"enemies":"Cultist","floor":3.0,"turns":4.0},{"damage":31.0,"enemies":"3 Sentries","floor":6.0,"turns":15.0},{"damage":0.0,"enemies":"Large Slime","floor":7.0,"turns":10.0},{"damage":0.0,"enemies":"Exordium Wildlife","floor":11.0,"turns":3.0},{"damage":0.0,"enemies":"Lagavulin","floor":12.0,"turns":7.0},{"damage":1.0,"enemies":"2 Fungi Beasts","floor":13.0,"turns":4.0},{"damage":18.0,"enemies":"Exordium Thugs","floor":14.0,"turns":7.0},{"damage":13.0,"enemies":"The Guardian","floor":16.0,"turns":15.0},{"damage":29.0,"enemies":"2 Thieves","floor":18.0,"turns":5.0},{"damage":0.0,"enemies":"Chosen","floor":21.0,"turns":5.0},{"damage":69,"enemies":"Gremlin Leader","floor":23,"turns":4}],"seed_played":"-5164583398505620112","potions_obtained":[{"floor":1.0,"key":"PowerPotion"},{"floor":3.0,"key":"GamblersBrew"},{"floor":7.0,"key":"GhostInAJar"},{"floor":11.0,"key":"GhostInAJar"},{"floor":18.0,"key":"FearPotion"}],"is_trial":false,"path_per_floor":["M","M","M","?","?","E","M","?","T","R","M","E","M","M","R","B",null,"M","?","?","M","?","E"],"character_chosen":"THE_SILENT","items_purchased":[],"campfire_rested":2,"item_purchase_floors":[],"current_hp_per_floor":[55,55,55,70,67,36,36,36,36,57,57,57,56,38,59,46,64,47,47,31,41,41,0],"gold":355,"neow_bonus":"RANDOM_COMMON_RELIC","is_prod":false,"is_daily":false,"chose_seed":false,"campfire_upgraded":0,"win_rate":0,"timestamp":1554940334,"path_taken":["M","M","M","?","?","E","M","?","T","R","?","E","M","M","R","BOSS","M","?","?","M","?","E"],"build_version":"2019-01-23","purchased_purges":0,"victory":false,"max_hp_per_floor":[70,70,70,70,70,70,70,70,70,70,70,70,70,70,70,70,70,70,49,49,49,49,49],"card_choices":[{"not_picked":["Sucker Punch","Distraction"],"picked":"Footwork","floor":1.0},{"not_picked":["Outmaneuver","Quick Slash"],"picked":"Flying Knee","floor":2.0},{"not_picked":["Quick Slash","Cloak And Dagger"],"picked":"Backstab","floor":3.0},{"not_picked":["Deadly Poison","Flying Knee"],"picked":"Leg Sweep","floor":6.0},{"not_picked":["Bane","Cloak And Dagger"],"picked":"A Thousand Cuts+1","floor":7.0},{"not_picked":["Deadly Poison","Slice"],"picked":"Blade Dance","floor":11.0},{"not_picked":["Riddle With Holes","Dodge and Roll"],"picked":"Backflip","floor":12.0},{"not_picked":["Dodge and Roll","Deflect"],"picked":"Venomology","floor":13.0},{"not_picked":["Quick Slash","Poisoned Stab"],"picked":"Accuracy+1","floor":14.0},{"not_picked":["Malaise","Tools of the Trade+1"],"picked":"After Image+1","floor":16.0},{"not_picked":["Deadly Poison","PiercingWail+1"],"picked":"Heel Hook","floor":18.0},{"not_picked":["Acrobatics","Dagger Throw"],"picked":"Deflect","floor":21.0}],"player_experience":542634,"relics_obtained":[{"floor":6.0,"key":"Sundial"},{"floor":9.0,"key":"Meat on the Bone"},{"floor":12.0,"key":"Juzu Bracelet"},{"floor":20.0,"key":"Nilry\u0027s Codex"}],"event_choices":[{"damage_healed":17.0,"max_hp_gain":0.0,"max_hp_loss":0.0,"gold_gain":0.0,"event_name":"The Cleric","player_choice":"Healed","floor":4.0,"gold_loss":35.0,"damage_taken":0.0},{"damage_healed":0.0,"max_hp_gain":0.0,"max_hp_loss":0.0,"gold_gain":0.0,"event_name":"Scrap Ooze","player_choice":"Success","floor":5.0,"gold_loss":0.0,"damage_taken":3.0,"relics_obtained":["Frozen Egg 2"]},{"damage_healed":0.0,"max_hp_gain":0.0,"max_hp_loss":0.0,"gold_gain":0.0,"event_name":"WeMeetAgain","player_choice":"Gave Potion","floor":8.0,"gold_loss":0.0,"damage_taken":0.0,"relics_obtained":["Darkstone Periapt"]},{"damage_healed":0.0,"max_hp_gain":0.0,"max_hp_loss":21.0,"gold_gain":0.0,"event_name":"Vampires","player_choice":"Became a vampire","floor":19.0,"gold_loss":0.0,"damage_taken":0.0,"cards_obtained":["Bite","Bite","Bite","Bite","Bite"]},{"damage_healed":0.0,"max_hp_gain":0.0,"max_hp_loss":0.0,"gold_gain":0.0,"event_name":"Cursed Tome","player_choice":"Obtained Book","floor":20.0,"gold_loss":0.0,"damage_taken":16.0},{"cards_removed":["Defend_G"],"damage_healed":0.0,"max_hp_gain":0.0,"max_hp_loss":0.0,"gold_gain":0.0,"event_name":"Purifier","player_choice":"Purged","floor":22.0,"gold_loss":0.0,"damage_taken":0.0}],"is_beta":false,"boss_relics":[{"not_picked":["Runic Dome","HoveringKite"],"picked":"Empty Cage"}],"items_purged_floors":[],"is_endless":false,"potions_floor_spawned":[1,3,7,11,18],"killed_by":"Gremlin Leader","ascension_level":11}