{"gold_per_floor":[116,129,129,47,222,255,255,290,290,306,306,341,358,377,377,482,482,500,515,438,438,219,219,62,62,87,119,136,136,152,171,171,274,324,338,349,359,359,359],"floor_reached":39,"playtime":2517,"items_purged":["Doubt"],"score":496,"play_id":"35e68143-9f0f-4daf-a309-634ddf0a33fd","local_time":"20180726225206","is_ascension_mode":false,"campfire_choices":[{"data":"Inflame","floor":7,"key":"SMITH"},{"data":"Iron Wave","floor":11,"key":"SMITH"},{"floor":15,"key":"REST"},{"floor":23,"key":"REST"},{"data":"Barricade","floor":25,"key":"SMITH"},{"floor":32,"key":"REST"}],"neow_cost":"NONE","seed_source_timestamp":115695525867865,"circlet_count":0,"master_deck":["Strike_R","Strike_R","Strike_R","Strike_R","Strike_R","Defend_R","Defend_R","Defend_R","Defend_R","Bash","Flex","Pommel Strike","Inflame+1","Iron Wave+1","Second Wind","Heavy Blade+1","Heavy Blade+1","Barricade+1","Thunderclap+1","Bludgeon+1","Blood for Blood+1","Metallicize","Armaments","Heavy Blade+1","Heavy Blade+1","Blood for Blood+1","Double Tap+1","Seeing Red","Disarm","Searing Blow+1","Flex"],"relics":["Burning Blood","NeowsBlessing","Letter Opener","Bottled Tornado","Molten Egg 2","Self Forming Clay","Lizard Tail","Lantern","Red Skull","Strawberry","Anchor","Frozen Egg 2","Tiny House"],"potions_floor_usage":[8,18,27,33,35,36,39],"damage_taken":[{"damage":0,"enemies":"2 Louse","floor":1,"turns":1},{"damage":0,"enemies":"Small Slimes","floor":2,"turns":1},{"damage":0,"enemies":"Gremlin Nob","floor":6,"turns":1},{"damage":21,"enemies":"Lagavulin","floor":8,"turns":6},{"damage":1,"enemies":"Jaw Worm","floor":10,"turns":3},{"damage":14,"enemies":"Gremlin Nob","floor":12,"turns":3},{"damage":5,"enemies":"Exordium Wildlife","floor":13,"turns":3},{"damage":6,"enemies":"2 Fungi Beasts","floor":14,"turns":3},{"damage":32,"enemies":"The Guardian","floor":16,"turns":11},{"damage":13,"enemies":"Shell Parasite","floor":18,"turns":4},{"damage":30,"enemies":"3 Byrds","floor":19,"turns":7},{"damage":64,"enemies":"Gremlin Leader","floor":27,"turns":6},{"damage":10,"enemies":"Centurion and Healer","floor":28,"turns":5},{"damage":0,"enemies":"Cultist and Chosen","floor":30,"turns":4},{"damage":8,"enemies":"Snake Plant","floor":31,"turns":2},{"damage":81,"enemies":"Automaton","floor":33,"turns":8},{"damage":63,"enemies":"Flame Bruiser 1 Orb","floor":35,"turns":4},{"damage":18,"enemies":"3 Darklings","floor":36,"turns":6},{"damage":75,"enemies":"Flame Bruiser 2 Orb","floor":37,"turns":5},{"damage":19,"enemies":"Maw","floor":39,"turns":2}],"seed_played":"-9071744581861959326","potions_obtained":[{"floor":2,"key":"FairyPotion"},{"floor":6,"key":"Energy Potion"},{"floor":8,"key":"Dexterity Potion"},{"floor":16,"key":"LiquidBronze"},{"floor":30,"key":"Poison Potion"},{"floor":33,"key":"Weak Potion"},{"floor":34,"key":"LiquidBronze"},{"floor":37,"key":"PowerPotion"}],"is_trial":false,"path_per_floor":["M","M","?","$","?","E","R","E","T","M","R","E","M","M","R","B",null,"M","M","?","?","$","R","$","R","T","E","M","?","M","M","R","B",null,"M","M","M","?"],"character_chosen":"IRONCLAD","items_purchased":["Inflame","Red Skull","Strawberry"],"campfire_rested":3,"item_purchase_floors":[4,22,24],"current_hp_per_floor":[80,80,85,85,85,85,85,70,70,75,75,67,68,68,85,59,85,78,54,54,54,54,79,86,86,86,28,24,24,30,28,55,7,97,40,28,10,10,0],"gold":359,"neow_bonus":"THREE_ENEMY_KILL","is_prod":false,"is_daily":false,"chose_seed":false,"campfire_upgraded":3,"win_rate":0.0,"timestamp":1532638326,"path_taken":["M","M","?","$","?","E","R","E","T","?","R","E","M","M","R","BOSS","M","M","?","?","?","R","?","R","T","E","M","?","M","?","R","BOSS","M","M","?","?","M"],"build_version":"2018-07-19v2","purchased_purges":1,"victory":false,"max_hp_per_floor":[80,80,85,85,85,85,85,85,85,85,85,85,85,85,85,85,85,85,85,85,85,85,85,92,92,92,92,92,92,92,92,92,92,97,97,97,97,97,97],"card_choices":[{"not_picked":["Havoc","Sentinel"],"picked":"Flex","floor":1},{"not_picked":["Armaments","Anger"],"picked":"Pommel Strike","floor":2},{"not_picked":["Pommel Strike","Havoc"],"picked":"Iron Wave","floor":6},{"not_picked":["Anger","Pommel Strike"],"picked":"Second Wind","floor":8},{"not_picked":["Anger+1","Clash+1"],"picked":"Heavy Blade+1","floor":10},{"not_picked":["Perfected Strike+1","Combust"],"picked":"Heavy Blade+1","floor":12},{"not_picked":["Armaments","Ghostly Armor"],"picked":"Barricade","floor":13},{"not_picked":["Wild Strike+1","Second Wind"],"picked":"Thunderclap+1","floor":14},{"not_picked":["Limit Break","Barricade"],"picked":"Bludgeon+1","floor":16},{"not_picked":["Shrug It Off","Thunderclap+1"],"picked":"Blood for Blood+1","floor":18},{"not_picked":["Cleave+1","True Grit"],"picked":"Metallicize","floor":19},{"not_picked":["Power Through","Offering"],"picked":"Armaments","floor":27},{"not_picked":["Perfected Strike+1","Shrug It Off+1"],"picked":"Heavy Blade+1","floor":28},{"not_picked":["Pummel+1","Flex"],"picked":"Heavy Blade+1","floor":30},{"not_picked":["Brutality+1","Havoc"],"picked":"Blood for Blood+1","floor":31},{"not_picked":["Barricade+1","Immolate+1"],"picked":"Double Tap","floor":33},{"not_picked":["Dual Wield","Power Through"],"picked":"Seeing Red","floor":34},{"not_picked":["Iron Wave+1","Wild Strike+1"],"picked":"Disarm","floor":35},{"not_picked":["Seeing Red","Thunderclap+1"],"picked":"Searing Blow+1","floor":36},{"not_picked":["Battle Trance","Second Wind"],"picked":"Flex","floor":37}],"player_experience":105374,"relics_obtained":[{"floor":6,"key":"Letter Opener"},{"floor":8,"key":"Bottled Tornado"},{"floor":9,"key":"Molten Egg 2"},{"floor":12,"key":"Self Forming Clay"},{"floor":26,"key":"Anchor"},{"floor":27,"key":"Frozen Egg 2"}],"event_choices":[{"event_name":"Big Fish","player_choice":"Donut","floor":3,"damage_taken":0},{"event_name":"Liars Game","player_choice":"agreed","floor":5,"damage_taken":0},{"event_name":"Drug Dealer","player_choice":"Got JAXXED","floor":20,"damage_taken":0},{"event_name":"Addict","player_choice":"Gave JAX","floor":21,"damage_taken":0},{"event_name":"Beggar","player_choice":"Ignored","floor":29,"damage_taken":0},{"event_name":"Mysterious Sphere","player_choice":"Ignore","floor":38,"damage_taken":0}],"is_beta":false,"boss_relics":[{"not_picked":["Orrery","Philosopher\u0027s Stone"],"picked":"Lizard Tail"},{"not_picked":["Busted Crown","White Beast Statue"],"picked":"Tiny House"}],"items_purged_floors":[22],"is_endless":false,"potions_floor_spawned":[2,6,8,16,30,33,37],"killed_by":"Maw","ascension_level":0}