{"gold_per_floor":[99,99,99,99,99,99,99,99,99,99,99,99,99,99,99,99,99,99,99,24,24,24],"floor_reached":22,"playtime":1186,"items_purged":[],"score":198,"play_id":"90906cdc-8eca-4d90-a96d-cb84f9dba063","local_time":"20190224160233","is_ascension_mode":false,"campfire_choices":[{"data":"Quick Slash","floor":6,"key":"SMITH"},{"data":"Skewer","floor":15,"key":"SMITH"}],"neow_cost":"NONE","seed_source_timestamp":682860292114140,"circlet_count":0,"master_deck":["Defend_G","Defend_G","Defend_G","Defend_G","Defend_G","Strike_G","Strike_G","Strike_G","Strike_G","Strike_G","Survivor","Neutralize","Underhanded Strike","Flying Knee","Quick Slash+1","Poisoned Stab","Slice","Skewer+1","Parasite","Flying Knee","Footwork","Burst","Distraction","Decay","All Out Attack+1","Deflect+1"],"relics":["Ectoplasm","NlothsMask","Old Coin","Ornamental Fan","Fusion Hammer"],"potions_floor_usage":[16,16,18,20,20],"damage_taken":[{"damage":1,"enemies":"Jaw Worm","floor":1,"turns":4},{"damage":0,"enemies":"Cultist","floor":2,"turns":4},{"damage":7,"enemies":"2 Louse","floor":3,"turns":3},{"damage":7,"enemies":"Blue Slaver","floor":5,"turns":3},{"damage":30,"enemies":"Lagavulin","floor":7,"turns":6},{"damage":0,"enemies":"2 Fungi Beasts","floor":8,"turns":3},{"damage":18,"enemies":"Gremlin Nob","floor":13,"turns":4},{"damage":0,"enemies":"Exordium Thugs","floor":14,"turns":4},{"damage":1,"enemies":"Hexaghost","floor":16,"turns":10},{"damage":6,"enemies":"Spheric Guardian","floor":18,"turns":3},{"damage":10,"enemies":"2 Thieves","floor":20,"turns":5},{"damage":53,"enemies":"Chosen and Byrds","floor":21,"turns":8},{"damage":4,"enemies":"3 Cultists","floor":22,"turns":2}],"seed_played":"2522627982842462490","potions_obtained":[{"floor":3,"key":"GhostInAJar"},{"floor":7,"key":"Weak Potion"},{"floor":8,"key":"Explosive Potion"},{"floor":16,"key":"SneckoOil"},{"floor":18,"key":"PowerPotion"}],"is_trial":false,"path_per_floor":["M","M","M","?","M","R","E","M","T","?","?","?","E","M","R","B",null,"M","?","M","M","M"],"character_chosen":"THE_SILENT","items_purchased":[],"campfire_rested":0,"item_purchase_floors":[],"current_hp_per_floor":[69,69,62,62,55,55,25,25,25,25,25,42,24,24,24,23,70,64,64,54,1,0],"gold":24,"neow_bonus":"BOSS_RELIC","is_prod":false,"is_daily":false,"chose_seed":false,"campfire_upgraded":2,"win_rate":0,"timestamp":1551045753,"path_taken":["M","M","M","?","?","R","E","M","T","?","?","?","E","?","R","BOSS","M","?","M","M","M"],"build_version":"2019-01-23","purchased_purges":0,"victory":false,"max_hp_per_floor":[70,70,70,70,70,70,70,70,70,70,70,70,70,70,70,70,70,70,70,70,70,70],"card_choices":[{"not_picked":["Deadly Poison","Calculated Gamble"],"picked":"Underhanded Strike","floor":1},{"not_picked":["Backflip","Eviscerate"],"picked":"Flying Knee","floor":2},{"not_picked":["Predator","Prepared"],"picked":"Quick Slash","floor":3},{"not_picked":["Slice","Bane"],"picked":"Poisoned Stab","floor":5},{"not_picked":["Masterful Stab","Eviscerate"],"picked":"Footwork","floor":7},{"not_picked":["PiercingWail","Bane"],"picked":"Slice","floor":8},{"not_picked":["Cloak And Dagger","PiercingWail"],"picked":"Flying Knee","floor":13},{"not_picked":["Sucker Punch","Dagger Spray"],"picked":"Footwork","floor":14},{"not_picked":["Unload","Venomology"],"picked":"Burst","floor":16},{"not_picked":["Endless Agony","Skewer"],"picked":"Distraction","floor":18},{"not_picked":["Dagger Spray","Acrobatics"],"picked":"All Out Attack+1","floor":20},{"not_picked":["Dagger Spray","Underhanded Strike"],"picked":"Deflect+1","floor":21}],"player_experience":72939,"relics_obtained":[{"floor":7,"key":"Old Coin"},{"floor":13,"key":"Ornamental Fan"}],"event_choices":[{"damage_healed":0,"gold_gain":0,"player_choice":"Trade","damage_taken":0,"relics_obtained":["NlothsMask"],"max_hp_gain":0,"max_hp_loss":0,"event_name":"FaceTrader","floor":4,"gold_loss":0},{"damage_healed":0,"gold_gain":0,"cards_transformed":["Footwork"],"player_choice":"Change","damage_taken":0,"max_hp_gain":0,"max_hp_loss":0,"event_name":"Living Wall","floor":10,"gold_loss":0,"cards_obtained":["Skewer"]},{"damage_healed":0,"gold_gain":62,"player_choice":"Gained Gold","damage_taken":0,"max_hp_gain":0,"max_hp_loss":0,"event_name":"Golden Wing","floor":11,"gold_loss":0},{"damage_healed":17,"gold_gain":0,"player_choice":"Healed and dodged fight","damage_taken":0,"max_hp_gain":0,"max_hp_loss":0,"event_name":"Mushrooms","floor":12,"gold_loss":0,"cards_obtained":["Parasite"]},{"damage_healed":0,"gold_gain":0,"player_choice":"Cursed","damage_taken":0,"max_hp_gain":0,"max_hp_loss":0,"event_name":"Wheel of Change","floor":19,"gold_loss":0,"cards_obtained":["Decay"]}],"is_beta":false,"boss_relics":[{"not_picked":["Black Star","Calling Bell"],"picked":"Fusion Hammer"}],"items_purged_floors":[],"is_endless":false,"potions_floor_spawned":[3,7,8,16,18],"killed_by":"3 Cultists","ascension_level":0}