{"gold_per_floor":[114,114,132,132,81,256,256,272,272,272,302,41,58,74,74,174,174,191,204,204,34,34,34,34,34,34,46,46,46,46,66,66,66],"floor_reached":33,"playtime":838,"items_purged":[],"score":389,"play_id":"5fa5ba02-82d6-418e-b05c-bb4b6be5176d","local_time":"20180919081513","is_ascension_mode":true,"campfire_choices":[{"data":"Beam Cell","floor":7.0,"key":"SMITH"},{"floor":15.0,"key":"REST"},{"data":"Barrage","floor":23.0,"key":"SMITH"},{"floor":25.0,"key":"REST"},{"floor":28,"key":"REST"},{"floor":30,"key":"REST"},{"data":"Hologram","floor":32,"key":"SMITH"}],"neow_cost":"","seed_source_timestamp":0,"circlet_count":0,"master_deck":["Strike_B","Strike_B","Defend_B","Defend_B","Defend_B","Defend_B","Zap","Dualcast","AscendersBane","Hologram+1","Streamline","Beam Cell+1","Static Discharge+1","Ball Lightning","Echo Form+1","Capacitor+1","Genetic Algorithm+1","Barrage+1","Loop+1","Shame","Conserve Battery","Turbo+1"],"special_seed":0,"relics":["Cracked Core","Frozen Egg 2","Singing Bowl","Meat on the Bone","Bottled Lightning","Runic Capacitor","Empty Cage","MutagenicStrength","Torii","Sundial"],"potions_floor_usage":[],"damage_taken":[{"damage":6.0,"enemies":"Cultist","floor":1.0,"turns":4.0},{"damage":1.0,"enemies":"2 Louse","floor":3.0,"turns":3.0},{"damage":5.0,"enemies":"Small Slimes","floor":8.0,"turns":3.0},{"damage":27.0,"enemies":"Gremlin Nob","floor":11.0,"turns":4.0},{"damage":24.0,"enemies":"Exordium Thugs","floor":13.0,"turns":4.0},{"damage":11.0,"enemies":"Blue Slaver","floor":14.0,"turns":3.0},{"damage":15.0,"enemies":"Slime Boss","floor":16.0,"turns":8.0},{"damage":7.0,"enemies":"3 Byrds","floor":18.0,"turns":2.0},{"damage":9.0,"enemies":"Chosen","floor":19.0,"turns":4.0},{"damage":43.0,"enemies":"Colosseum Slavers","floor":20.0,"turns":3.0},{"damage":40,"enemies":"3 Cultists","floor":27,"turns":4},{"damage":39,"enemies":"Centurion and Healer","floor":31,"turns":4},{"damage":83,"enemies":"Automaton","floor":33,"turns":6}],"seed_played":"-9051880716196385267","potions_obtained":[{"floor":3.0,"key":"Strength Potion"},{"floor":8.0,"key":"Strength Potion"},{"floor":11.0,"key":"Swift Potion"},{"floor":14.0,"key":"PowerPotion"}],"is_trial":false,"path_per_floor":["M","?","M","T","$","?","R","M","T","?","E","$","M","M","R","B",null,"M","M","?","$","?","R","?","R","T","M","R","$","R","M","R"],"character_chosen":"DEFECT","items_purchased":["Beam Cell","Static Discharge+1","Runic Capacitor","Barrage","Block Potion","Loop+1"],"campfire_rested":4,"item_purchase_floors":[5,12,12,21,21,21],"current_hp_per_floor":[62,55,54,54,54,54,54,51,51,51,38,38,26,29,53,50,73,66,57,26,26,26,26,26,50,50,22,46,46,70,43,43,0],"gold":66,"neow_bonus":"","is_prod":false,"is_daily":false,"chose_seed":false,"campfire_upgraded":3,"win_rate":0,"timestamp":1537359313,"path_taken":["M","?","M","?","$","?","R","M","T","?","E","$","?","M","R","BOSS","M","M","?","$","?","R","?","R","T","M","R","$","R","M","R","BOSS"],"build_version":"2018-09-06","purchased_purges":0,"victory":false,"max_hp_per_floor":[75,75,75,75,75,75,75,77,77,77,79,79,79,81,81,81,81,81,81,81,81,81,81,81,81,81,81,81,81,81,81,81,81],"card_choices":[{"not_picked":["Compile Driver","Aggregate"],"picked":"Hologram","floor":1.0},{"not_picked":["Auto Shields","Steam"],"picked":"Streamline","floor":3.0},{"not_picked":["Reinforced Body","Leap","Coolheaded"],"picked":"Singing Bowl","floor":8.0},{"not_picked":["Sweeping Beam","Steam Power","Leap"],"picked":"Singing Bowl","floor":11.0},{"not_picked":["Hologram","Redo"],"picked":"Ball Lightning","floor":13.0},{"not_picked":["Conserve Battery","Cold Snap","Compile Driver"],"picked":"Singing Bowl","floor":14.0},{"not_picked":["Reboot","Multi-Cast"],"picked":"Echo Form+1","floor":16.0},{"not_picked":["Coolheaded","Turbo"],"picked":"Capacitor+1","floor":18.0},{"not_picked":["Force Field","Blizzard"],"picked":"Genetic Algorithm+1","floor":19.0},{"not_picked":["Reprogram","Reinforced Body"],"picked":"Conserve Battery","floor":27},{"not_picked":["Lockon","Sweeping Beam"],"picked":"Turbo+1","floor":31}],"player_experience":561552,"relics_obtained":[{"floor":4.0,"key":"Singing Bowl"},{"floor":9.0,"key":"Meat on the Bone"},{"floor":11.0,"key":"Bottled Lightning"},{"floor":26.0,"key":"Sundial"}],"event_choices":[{"event_name":"Scrap Ooze","player_choice":"success","floor":2.0,"damage_taken":7.0},{"event_name":"Liars Game","player_choice":"agreed","floor":6.0,"damage_taken":0.0},{"event_name":"Living Wall","player_choice":"Forget","floor":10.0,"damage_taken":0.0},{"event_name":"Colosseum","player_choice":"Fight","floor":20.0,"damage_taken":0.0},{"event_name":"Colosseum","player_choice":"Fled From Nobs","floor":20.0,"damage_taken":0.0},{"event_name":"Drug Dealer","player_choice":"Inject Mutagens","floor":22.0,"damage_taken":0.0},{"event_name":"Addict","player_choice":"Stole Relic","floor":24.0,"damage_taken":0.0}],"is_beta":false,"boss_relics":[{"not_picked":["Velvet Choker","Philosopher\u0027s Stone"],"picked":"Empty Cage"}],"items_purged_floors":[],"is_endless":false,"potions_floor_spawned":[3,8,11,14,20],"killed_by":"Automaton","ascension_level":12}