{"gold_per_floor":[111,111,39,39,56,84,84,100,400,400,412,66,85,85,85,85],"floor_reached":16,"playtime":613,"items_purged":[],"score":125,"play_id":"a21492a2-a27f-45e6-9f77-2deee62ca35d","local_time":"20190217202417","is_ascension_mode":false,"campfire_choices":[{"data":"Dagger Spray","floor":7,"key":"SMITH"},{"data":"Flying Knee","floor":10,"key":"SMITH"},{"data":"Infinite Blades","floor":15,"key":"SMITH"}],"neow_cost":"NONE","seed_source_timestamp":94343879098006,"circlet_count":0,"master_deck":["Defend_G","Defend_G","Defend_G","Defend_G","Defend_G","Strike_G","Strike_G","Strike_G","Strike_G","Strike_G","Survivor","Neutralize","Skewer+1","Deflect","Flying Knee+1","Backflip","Dagger Spray+1","Slice","Prepared","Infinite Blades+1","Dagger Spray","Backstab","Outmaneuver","Injury"],"relics":["Ring of the Snake","NeowsBlessing","Bottled Lightning","Old Coin","Membership Card","Golden Idol"],"potions_floor_usage":[16],"damage_taken":[{"damage":0,"enemies":"Small Slimes","floor":1,"turns":1},{"damage":0,"enemies":"2 Louse","floor":5,"turns":2},{"damage":0,"enemies":"Gremlin Nob","floor":6,"turns":1},{"damage":0,"enemies":"Cultist","floor":8,"turns":3},{"damage":0,"enemies":"Gremlin Gang","floor":11,"turns":1},{"damage":10,"enemies":"Looter","floor":13,"turns":2},{"damage":62,"enemies":"Hexaghost","floor":16,"turns":9}],"seed_played":"-3025439872297928721","potions_obtained":[{"floor":1,"key":"GamblersBrew"},{"floor":11,"key":"Dexterity Potion"}],"is_trial":false,"path_per_floor":["M","?","$","?","M","E","R","M","T","R","M","$","M","?","R","B"],"character_chosen":"THE_SILENT","items_purchased":["Deflect","Flying Knee","Infinite Blades","Dagger Spray","Membership Card","Backstab"],"campfire_rested":0,"item_purchase_floors":[3,3,12,12,12,12],"current_hp_per_floor":[70,70,70,70,70,70,70,70,70,70,70,70,60,60,60,0],"gold":85,"neow_bonus":"THREE_ENEMY_KILL","is_prod":false,"is_daily":false,"chose_seed":false,"campfire_upgraded":3,"win_rate":0.0,"timestamp":1550456657,"path_taken":["M","?","$","?","M","E","R","M","T","R","?","$","?","?","R","BOSS"],"build_version":"2019-01-23","purchased_purges":0,"victory":false,"max_hp_per_floor":[70,70,70,70,70,70,70,70,70,70,70,70,70,70,70,70],"card_choices":[{"not_picked":["Reflex","Underhanded Strike"],"picked":"Skewer","floor":1},{"not_picked":["Bouncing Flask","Slice"],"picked":"Backflip","floor":5},{"not_picked":["Poisoned Stab","Slice"],"picked":"Dagger Spray","floor":6},{"not_picked":["Eviscerate","Escape Plan"],"picked":"Slice","floor":8},{"not_picked":["Deflect","Choke"],"picked":"Prepared","floor":11},{"not_picked":["Expertise","Blade Dance"],"picked":"Outmaneuver","floor":13}],"player_experience":24610,"relics_obtained":[{"floor":6,"key":"Bottled Lightning"},{"floor":9,"key":"Old Coin"}],"event_choices":[{"damage_healed":0,"gold_gain":0,"player_choice":"Leave","damage_taken":0,"max_hp_gain":0,"max_hp_loss":0,"event_name":"The Cleric","floor":2,"gold_loss":0},{"damage_healed":0,"gold_gain":0,"player_choice":"Upgraded","damage_taken":0,"max_hp_gain":0,"max_hp_loss":0,"event_name":"Upgrade Shrine","floor":4,"gold_loss":0,"cards_upgraded":["Skewer"]},{"damage_healed":0,"gold_gain":0,"player_choice":"Take Wound","damage_taken":0,"relics_obtained":["Golden Idol"],"max_hp_gain":0,"max_hp_loss":0,"event_name":"Golden Idol","floor":14,"gold_loss":0,"cards_obtained":["Injury"]}],"is_beta":false,"boss_relics":[],"items_purged_floors":[],"is_endless":false,"potions_floor_spawned":[1,11],"killed_by":"Hexaghost","ascension_level":0}