{"gold_per_floor":[118,136,156,173,16,61,73,85,97,109,137,160,172,202,214,298,310,335,366,378,92,110,110],"floor_reached":23,"playtime":872,"items_purged":[],"score":322,"play_id":"0ecdf207-2d20-4ff2-bf30-e066005b3bd9","local_time":"20180922160916","is_ascension_mode":true,"campfire_choices":[{"floor":8.0,"key":"REST"},{"floor":10.0,"key":"REST"},{"data":"Barrage","floor":13.0,"key":"SMITH"},{"floor":15.0,"key":"REST"}],"neow_cost":"PERCENT_DAMAGE","seed_source_timestamp":0,"circlet_count":0,"master_deck":["Strike_B+1","Strike_B+1","Strike_B+1","Strike_B+1","Defend_B+1","Defend_B+1","Defend_B+1","Defend_B+1","Zap","Dualcast","AscendersBane","Barrage+1","Static Discharge","Go for the Eyes","Conserve Battery","Beam Cell+1","Barrage+1","Streamline+1","FTL+1","Machine Learning","Sunder+1"],"special_seed":0,"relics":["Cracked Core","Torii","MawBank","Molten Egg 2","Darkstone Periapt","Snecko Eye","Incense Burner"],"potions_floor_usage":[23,23],"damage_taken":[{"damage":1.0,"enemies":"Cultist","floor":1.0,"turns":3.0},{"damage":1.0,"enemies":"Small Slimes","floor":2.0,"turns":2.0},{"damage":0.0,"enemies":"Jaw Worm","floor":3.0,"turns":2.0},{"damage":2.0,"enemies":"Blue Slaver","floor":4.0,"turns":3.0},{"damage":43.0,"enemies":"Gremlin Nob","floor":6.0,"turns":5.0},{"damage":3.0,"enemies":"Gremlin Gang","floor":11.0,"turns":5.0},{"damage":8.0,"enemies":"Lots of Slimes","floor":12.0,"turns":3.0},{"damage":0.0,"enemies":"Exordium Wildlife","floor":14.0,"turns":2.0},{"damage":20.0,"enemies":"Hexaghost","floor":16.0,"turns":7.0},{"damage":29.0,"enemies":"2 Thieves","floor":18.0,"turns":4.0},{"damage":20.0,"enemies":"Shell Parasite","floor":19.0,"turns":7.0},{"damage":5.0,"enemies":"Cultist and Chosen","floor":22.0,"turns":7.0},{"damage":20,"enemies":"Gremlin Leader","floor":23,"turns":2}],"seed_played":"-320786041146117949","potions_obtained":[{"floor":2.0,"key":"Block Potion"},{"floor":6.0,"key":"GamblersBrew"},{"floor":11.0,"key":"SteroidPotion"},{"floor":12.0,"key":"Explosive Potion"},{"floor":14.0,"key":"AttackPotion"},{"floor":16.0,"key":"Strength Potion"},{"floor":19.0,"key":"SpeedPotion"},{"floor":22.0,"key":"Strength Potion"}],"is_trial":false,"path_per_floor":["M","M","M","M","$","E","$","R","T","R","M","M","R","M","R","B",null,"M","M","?","$","M"],"character_chosen":"DEFECT","items_purchased":["MawBank","Incense Burner"],"campfire_rested":3,"item_purchase_floors":[5,21],"current_hp_per_floor":[49,48,48,46,46,3,3,25,25,47,44,36,36,36,58,38,66,37,17,17,17,12,0],"gold":110,"neow_bonus":"ONE_RARE_RELIC","is_prod":false,"is_daily":false,"chose_seed":false,"campfire_upgraded":1,"win_rate":0,"timestamp":1537646956,"path_taken":["M","M","M","M","$","E","?","R","T","R","M","M","R","M","R","BOSS","M","M","?","$","M","E"],"build_version":"2018-09-20","purchased_purges":0,"victory":false,"max_hp_per_floor":[75,75,75,75,75,75,75,75,75,75,75,75,75,75,75,75,75,75,75,75,75,75,75],"card_choices":[{"not_picked":["Reinforced Body","Gash"],"picked":"Barrage","floor":1.0},{"not_picked":["BootSequence","Leap"],"picked":"Static Discharge","floor":2.0},{"not_picked":["Chaos","Undo"],"picked":"Go for the Eyes","floor":3.0},{"not_picked":["Cold Snap","Rebound"],"picked":"Conserve Battery","floor":4.0},{"not_picked":["Barrage","Leap"],"picked":"Beam Cell","floor":6.0},{"not_picked":["Gash+1","Undo"],"picked":"Barrage+1","floor":11.0},{"not_picked":["Steam","Go for the Eyes+1"],"picked":"Streamline+1","floor":12.0},{"not_picked":["Heatsinks","Rebound+1"],"picked":"FTL+1","floor":14.0},{"not_picked":["Hyperbeam+1","Seek"],"picked":"Machine Learning","floor":16.0},{"not_picked":["Streamline+1","Gash+1","Hologram"],"picked":"SKIP","floor":18.0},{"not_picked":["Conserve Battery","Compile Driver+1","Coolheaded"],"picked":"SKIP","floor":19.0},{"not_picked":["Stack","Conserve Battery"],"picked":"Sunder+1","floor":22.0}],"player_experience":569459,"relics_obtained":[{"floor":6.0,"key":"Molten Egg 2"},{"floor":9.0,"key":"Darkstone Periapt"}],"event_choices":[{"event_name":"Back to Basics","player_choice":"Simplicity","floor":20.0,"damage_taken":0.0}],"is_beta":false,"boss_relics":[{"not_picked":["Fusion Hammer","Calling Bell"],"picked":"Snecko Eye"}],"items_purged_floors":[],"is_endless":false,"potions_floor_spawned":[2,6,11,12,14,16,19,22],"killed_by":"Gremlin Leader","ascension_level":13}