{"gold_per_floor":[111,127,127,146,157,157,192,192,192,204,204,238,238,251,251,351,351,366,366,376,9,20,20,20,20,20,20,45,65,65,26,26,122,122,138,148,148,148,159,159,169,14,39,49,149,149,15,31,31,31],"floor_reached":50,"playtime":3837,"items_purged":["Writhe"],"score":591,"play_id":"655bd247-514b-4a1b-b99b-64c44de690c3","local_time":"20190319123150","is_ascension_mode":true,"campfire_choices":[{"data":"Crippling Poison","floor":6.0,"key":"SMITH"},{"floor":8.0,"key":"REST"},{"data":"Poisoned Stab","floor":11.0,"key":"SMITH"},{"floor":15.0,"key":"REST"},{"data":"Tactician","floor":23.0,"key":"SMITH"},{"data":"Footwork","floor":25.0,"key":"SMITH"},{"data":"Adrenaline","floor":27.0,"key":"SMITH"},{"data":"Choke","floor":30.0,"key":"SMITH"},{"floor":32.0,"key":"REST"},{"data":"Phantasmal Killer","floor":40.0,"key":"SMITH"},{"data":"Noxious Fumes","floor":46.0,"key":"SMITH"},{"data":"After Image","floor":49.0,"key":"SMITH"}],"neow_cost":"NONE","seed_source_timestamp":528572972231945,"circlet_count":0,"master_deck":["Survivor","Neutralize+1","Dodge and Roll+1","Deadly Poison","Crippling Poison+1","Heel Hook","Tools of the Trade","Poisoned Stab+1","Tactician+1","Backstab","Bullet Time","Choke+1","Bullet Time+1","Bane","Adrenaline+1","Phantasmal Killer+1","After Image+1","Footwork+1","PiercingWail","PiercingWail","Terror+1","Backflip+1","Prepared+1","Deflect+1","Bouncing Flask+1","Acrobatics+1","Heel Hook+1","Night Terror+1","Outmaneuver+1","Endless Agony+1","Bandage Up+1","Mind Blast+1","Flash of Steel+1","Poisoned Stab+1","Noxious Fumes+1","Footwork","Caltrops+1","Underhanded Strike+1","Well Laid Plans","Calculated Gamble+1"],"special_seed":0,"relics":["Ring of the Snake","Happy Flower","Regal Pillow","Meat on the Bone","Pandora\u0027s Box","Blood Vial","Toxic Egg 2","Molten Egg 2","Darkstone Periapt","Philosopher\u0027s Stone","War Paint","Bag of Marbles","Unceasing Top"],"potions_floor_usage":[50,50,50],"damage_taken":[{"damage":0.0,"enemies":"Small Slimes","floor":1.0,"turns":4.0},{"damage":0.0,"enemies":"Cultist","floor":2.0,"turns":3.0},{"damage":2.0,"enemies":"2 Louse","floor":4.0,"turns":3.0},{"damage":18.0,"enemies":"Large Slime","floor":5.0,"turns":11.0},{"damage":25.0,"enemies":"3 Sentries","floor":7.0,"turns":12.0},{"damage":5.0,"enemies":"Exordium Wildlife","floor":10.0,"turns":5.0},{"damage":12.0,"enemies":"Gremlin Nob","floor":12.0,"turns":4.0},{"damage":11.0,"enemies":"Exordium Thugs","floor":14.0,"turns":6.0},{"damage":13.0,"enemies":"The Guardian","floor":16.0,"turns":9.0},{"damage":0.0,"enemies":"3 Byrds","floor":18.0,"turns":4.0},{"damage":8.0,"enemies":"Spheric Guardian","floor":20.0,"turns":3.0},{"damage":4.0,"enemies":"Snake Plant","floor":22.0,"turns":4.0},{"damage":7.0,"enemies":"Book of Stabbing","floor":28.0,"turns":5.0},{"damage":9.0,"enemies":"Snecko","floor":29.0,"turns":3.0},{"damage":24.0,"enemies":"Collector","floor":33.0,"turns":7.0},{"damage":2.0,"enemies":"Orb Walker","floor":35.0,"turns":2.0},{"damage":0.0,"enemies":"3 Darklings","floor":36.0,"turns":4.0},{"damage":17.0,"enemies":"Spire Growth","floor":39.0,"turns":3.0},{"damage":0.0,"enemies":"Transient","floor":41.0,"turns":5.0},{"damage":0.0,"enemies":"Maw","floor":44.0,"turns":5.0},{"damage":0.0,"enemies":"Mind Bloom Boss Battle","floor":45.0,"turns":8.0},{"damage":0.0,"enemies":"Jaw Worm Horde","floor":48.0,"turns":2.0},{"damage":95,"enemies":"Time Eater","floor":50,"turns":9}],"seed_played":"-3160366978139242641","potions_obtained":[{"floor":2.0,"key":"Ancient Potion"},{"floor":5.0,"key":"Block Potion"},{"floor":10.0,"key":"Ancient Potion"},{"floor":14.0,"key":"Ancient Potion"},{"floor":20.0,"key":"SteroidPotion"},{"floor":28.0,"key":"SkillPotion"},{"floor":33.0,"key":"LiquidBronze"},{"floor":36.0,"key":"AttackPotion"},{"floor":39.0,"key":"SpeedPotion"}],"is_trial":false,"path_per_floor":["M","M","?","M","M","R","E","R","T","M","R","E","?","M","R","B",null,"M","?","M","$","M","R","?","R","T","R","E","M","R","$","R","B",null,"M","M","?","?","M","R","M","$","T","M","?","R","$","M","R","B"],"character_chosen":"THE_SILENT","items_purchased":["Toxic Egg 2","Prepared+1","Heel Hook+1","War Paint","Underhanded Strike+1","Well Laid Plans"],"campfire_rested":3,"item_purchase_floors":[21,21,31,42,47,47],"current_hp_per_floor":[70,70,70,68,50,50,25,46,46,41,41,29,15,16,52,39,70,70,70,62,62,60,60,47,47,47,47,42,47,47,47,75,51,75,73,75,65,65,50,50,58,58,58,66,74,74,74,75,75,0],"gold":31,"neow_bonus":"UPGRADE_CARD","is_prod":false,"is_daily":false,"chose_seed":false,"campfire_upgraded":9,"win_rate":0,"timestamp":1553023910,"path_taken":["M","M","?","?","M","R","E","R","T","M","R","E","?","M","R","BOSS","M","?","M","$","M","R","?","R","T","R","E","?","R","?","R","BOSS","M","M","?","?","M","R","M","$","T","?","?","R","?","M","R","BOSS"],"build_version":"2019-01-23","purchased_purges":1,"victory":false,"max_hp_per_floor":[70,70,70,70,70,70,70,70,70,70,70,70,70,70,70,70,70,70,70,70,70,70,70,75,75,75,75,75,75,75,75,75,75,75,75,75,75,75,75,75,75,75,75,75,75,75,75,75,75,75],"card_choices":[{"not_picked":["PiercingWail","Backflip"],"picked":"Dodge and Roll","floor":1.0},{"not_picked":["Bane","Slice"],"picked":"Deadly Poison","floor":2.0},{"not_picked":["Endless Agony","Skewer"],"picked":"Crippling Poison","floor":4.0},{"not_picked":["Terror","Prepared"],"picked":"Heel Hook","floor":5.0},{"not_picked":["Finisher","Deflect"],"picked":"Tools of the Trade","floor":7.0},{"not_picked":["Underhanded Strike","Dodge and Roll"],"picked":"Poisoned Stab","floor":10.0},{"not_picked":["Deadly Poison","Cloak And Dagger"],"picked":"Tactician","floor":12.0},{"not_picked":["Endless Agony","Underhanded Strike"],"picked":"Backstab","floor":14.0},{"not_picked":["Die Die Die","Tools of the Trade"],"picked":"Bullet Time","floor":16.0},{"not_picked":["Cloak And Dagger","Bane"],"picked":"Terror+1","floor":18.0},{"not_picked":["Dagger Throw+1","Infinite Blades"],"picked":"Backflip+1","floor":20.0},{"not_picked":["Blade Dance+1","Dagger Spray"],"picked":"Deflect+1","floor":22.0},{"not_picked":["Escape Plan+1","Deflect+1"],"picked":"Bouncing Flask+1","floor":28.0},{"not_picked":["Skewer+1","Backflip+1"],"picked":"Acrobatics+1","floor":29.0},{"not_picked":["After Image","Bullet Time+1"],"picked":"Night Terror+1","floor":33.0},{"not_picked":["Leg Sweep+1","Poisoned Stab+1"],"picked":"Outmaneuver+1","floor":35.0},{"not_picked":["PiercingWail+1","Flechettes+1"],"picked":"Endless Agony+1","floor":36.0},{"not_picked":["Thinking Ahead+1","Swift Strike+1"],"picked":"Bandage Up+1","floor":37.0},{"not_picked":["Violence+1","Purity+1"],"picked":"Mind Blast+1","floor":37.0},{"not_picked":["Bandage Up+1","Impatience+1"],"picked":"Flash of Steel+1","floor":37.0},{"not_picked":["Flechettes+1","Infinite Blades+1"],"picked":"Poisoned Stab+1","floor":39.0},{"not_picked":["Blade Dance+1","Endless Agony+1"],"picked":"Noxious Fumes","floor":41.0},{"not_picked":["Quick Slash+1","Dodge and Roll+1"],"picked":"Footwork","floor":44.0},{"not_picked":["Dodge and Roll+1","Prepared+1"],"picked":"Caltrops+1","floor":45.0},{"not_picked":["Quick Slash+1","Dagger Throw+1"],"picked":"Calculated Gamble+1","floor":48.0}],"player_experience":319467,"relics_obtained":[{"floor":7.0,"key":"Happy Flower"},{"floor":9.0,"key":"Regal Pillow"},{"floor":12.0,"key":"Meat on the Bone"},{"floor":26.0,"key":"Molten Egg 2"},{"floor":28.0,"key":"Darkstone Periapt"},{"floor":43.0,"key":"Bag of Marbles"},{"floor":45.0,"key":"Unceasing Top"}],"event_choices":[{"cards_removed":["Strike_G"],"damage_healed":0.0,"max_hp_gain":0.0,"max_hp_loss":0.0,"gold_gain":0.0,"event_name":"Purifier","player_choice":"Purged","floor":3.0,"gold_loss":0.0,"damage_taken":0.0},{"damage_healed":0.0,"max_hp_gain":0.0,"max_hp_loss":0.0,"gold_gain":0.0,"event_name":"Shining Light","player_choice":"Entered Light","floor":13.0,"gold_loss":0.0,"damage_taken":14.0,"cards_upgraded":["Defend_G","Defend_G"]},{"damage_healed":0.0,"max_hp_gain":0.0,"max_hp_loss":0.0,"gold_gain":0.0,"event_name":"The Mausoleum","player_choice":"Opened","floor":19.0,"gold_loss":0.0,"damage_taken":0.0,"relics_obtained":["Blood Vial"],"cards_obtained":["Writhe"]},{"damage_healed":0.0,"max_hp_gain":5.0,"max_hp_loss":0.0,"gold_gain":0.0,"event_name":"Forgotten Altar","player_choice":"Shed Blood","floor":24.0,"gold_loss":0.0,"damage_taken":18.0},{"damage_healed":0.0,"max_hp_gain":0.0,"max_hp_loss":0.0,"gold_gain":0.0,"event_name":"SensoryStone","player_choice":"Memory 3","floor":37.0,"gold_loss":0.0,"damage_taken":10.0},{"damage_healed":0.0,"max_hp_gain":0.0,"max_hp_loss":0.0,"gold_gain":0.0,"event_name":"SecretPortal","player_choice":"Ignored","floor":38.0,"gold_loss":0.0,"damage_taken":0.0},{"damage_healed":0.0,"max_hp_gain":0.0,"max_hp_loss":0.0,"gold_gain":0.0,"event_name":"MindBloom","player_choice":"Fight","floor":45.0,"gold_loss":0.0,"damage_taken":0.0}],"is_beta":false,"boss_relics":[{"not_picked":["Snecko Eye","Coffee Dripper"],"picked":"Pandora\u0027s Box"},{"not_picked":["Empty Cage","Tiny House"],"picked":"Philosopher\u0027s Stone"}],"items_purged_floors":[21],"is_endless":false,"potions_floor_spawned":[2,5,10,14,20,28,33,36,39,45,48],"killed_by":"Time Eater","ascension_level":4}