{"gold_per_floor":[114,114,129,154,169,169,184,184,184,214,138,138,61,80,80,205,268,287,287,306,306],"floor_reached":21,"playtime":803,"items_purged":[],"score":304,"play_id":"d6ea4e58-3e79-47af-b9ba-b59498ca775e","local_time":"20180823152133","daily_mods":["Insanity","Binary","Hoarder"],"is_ascension_mode":false,"campfire_choices":[{"data":"Perfected Strike","floor":6,"key":"SMITH"},{"data":"Flex","floor":8,"key":"SMITH"},{"data":"Flex","floor":15,"key":"SMITH"}],"neow_cost":"","seed_source_timestamp":0,"circlet_count":0,"master_deck":["Reckless Charge","Carnage","Double Tap","Iron Wave","Shrug It Off","Wild Strike","Rupture","Metallicize","Anger","Intimidate","Shrug It Off+1","Exhume+1","Disarm","Thunderclap","Ghostly Armor","Reaper","Twin Strike","Demon Form+1","Dark Embrace","Shrug It Off","Bludgeon","Juggernaut","Perfected Strike","Seeing Red","Defend_R","Seeing Red","Dual Wield","Bash","Warcry","Inflame","Searing Blow","True Grit","Fire Breathing","Dropkick","True Grit","Twin Strike","Dual Wield","Clash","Clothesline","Dual Wield","Feel No Pain","Reckless Charge","Dual Wield","Entrench","Reaper","Whirlwind","Twin Strike+1","Armaments","Combust","Entrench","Flex+1","Flex+1","Flex","Perfected Strike","Perfected Strike","Perfected Strike+1","Impervious","Impervious","Impervious","Spot Weakness","Spot Weakness","Spot Weakness","Inflame","Inflame","Inflame","Pommel Strike","Pommel Strike","Pommel Strike","Body Slam","Body Slam","Body Slam"],"special_seed":17766,"relics":["Burning Blood","War Paint","Juzu Bracelet","Dodecahedron","Golden Idol","Tiny House"],"potions_floor_usage":[10,18,18,21],"damage_taken":[{"damage":1,"enemies":"Jaw Worm","floor":1,"turns":3},{"damage":6,"enemies":"Cultist","floor":3,"turns":3},{"damage":0,"enemies":"2 Louse","floor":5,"turns":2},{"damage":11,"enemies":"Gremlin Gang","floor":7,"turns":5},{"damage":17,"enemies":"Lagavulin","floor":10,"turns":5},{"damage":10,"enemies":"Exordium Thugs","floor":14,"turns":5},{"damage":34,"enemies":"The Guardian","floor":16,"turns":10},{"damage":11,"enemies":"2 Thieves","floor":18,"turns":2},{"damage":19,"enemies":"Shell Parasite","floor":20,"turns":5},{"damage":31,"enemies":"Centurion and Healer","floor":21,"turns":6}],"seed_played":"633193296058416102","potions_obtained":[{"floor":3,"key":"Explosive Potion"},{"floor":7,"key":"Weak Potion"},{"floor":16,"key":"Dexterity Potion"},{"floor":17,"key":"EntropicBrew"},{"floor":20,"key":"Explosive Potion"}],"is_trial":false,"path_per_floor":["M","?","M","T","M","R","M","R","T","E","$","?","$","M","R","B",null,"M","?","M"],"character_chosen":"IRONCLAD","items_purchased":["Spot Weakness","Inflame"],"campfire_rested":0,"item_purchase_floors":[11,13],"current_hp_per_floor":[80,80,80,80,80,80,79,79,79,68,68,48,48,66,66,47,85,80,80,67,36],"gold":306,"neow_bonus":"","is_prod":false,"is_daily":true,"chose_seed":false,"campfire_upgraded":3,"win_rate":0,"timestamp":1535052093,"path_taken":["M","?","?","?","?","R","M","R","T","E","$","?","$","M","R","BOSS","M","?","M","M"],"build_version":"2018-08-22","purchased_purges":0,"victory":false,"max_hp_per_floor":[80,80,80,80,80,80,80,80,80,80,80,80,80,80,80,80,85,85,85,85,85],"card_choices":[{"not_picked":["Clash"],"picked":"Flex","floor":1},{"not_picked":["Fire Breathing"],"picked":"Perfected Strike","floor":3},{"not_picked":["Headbutt","Combust"],"picked":"SKIP","floor":5},{"not_picked":["Flex","Rampage"],"picked":"SKIP","floor":7},{"not_picked":["Sword Boomerang"],"picked":"Impervious","floor":10},{"not_picked":["Wild Strike","Iron Wave"],"picked":"SKIP","floor":14},{"not_picked":["Power Through"],"picked":"Pommel Strike","floor":17},{"not_picked":["Pummel"],"picked":"Body Slam","floor":18},{"not_picked":["Iron Wave","Evolve"],"picked":"SKIP","floor":20}],"player_experience":191552,"relics_obtained":[{"floor":4,"key":"War Paint"},{"floor":9,"key":"Juzu Bracelet"},{"floor":10,"key":"Dodecahedron"}],"event_choices":[{"event_name":"Upgrade Shrine","player_choice":"Upgraded","floor":2,"damage_taken":0},{"event_name":"Golden Idol","player_choice":"Take Damage","floor":12,"damage_taken":0},{"event_name":"Ghosts","player_choice":"Ignored","floor":19,"damage_taken":0}],"is_beta":true,"boss_relics":[{"not_picked":["Velvet Choker","Pandora\u0027s Box"],"picked":"Tiny House"}],"items_purged_floors":[],"is_endless":false,"potions_floor_spawned":[3,7,16,20],"killed_by":"Centurion and Healer","ascension_level":0}