{"path_per_floor":["M","$","M","M","M","R","M","E","T","M","?","E","M","$","R","B",null,"M","M","?","M","$","E","R","M","T","?","?","M","R","E","R","B",null,"M","?","M","?","?","E","M","E","T","$","?","?","?","$","R"],"character_chosen":"IRONCLAD","items_purchased":["Sword Boomerang","Inflame","Strength Potion","Finesse"],"gold_per_floor":[114,39,52,70,88,88,103,135,135,149,177,204,223,78,78,173,173,193,204,204,224,22,47,47,59,59,59,59,75,75,101,101,203,203,215,215,231,231,231,263,281,314,314,13,0,0,0,0,0,0],"floor_reached":50,"campfire_rested":1,"playtime":3830,"current_hp_per_floor":[80,80,80,80,78,78,77,61,61,67,61,52,43,43,43,25,87,87,67,67,79,79,45,45,30,30,59,59,61,61,39,39,16,87,87,87,87,87,76,82,64,22,22,22,22,22,22,22,48,0],"items_purged":["Strike_R","Defend_R","Strike_R","Strike_R"],"gold":0,"score":575,"play_id":"266d61d0-1ac0-479d-a307-5ea0ee9c88a8","local_time":"20180508220548","is_prod":false,"is_daily":false,"chose_seed":false,"is_ascension_mode":false,"campfire_upgraded":5,"timestamp":1525788348,"path_taken":["M","$","M","M","M","R","M","E","T","M","?","E","M","$","R","BOSS","M","M","?","M","$","E","R","M","T","?","?","M","R","E","R","BOSS","M","?","M","?","?","E","M","E","T","?","?","?","?","?","R","BOSS"],"build_version":"2018-05-03","seed_source_timestamp":0,"purchased_purges":4,"victory":false,"master_deck":["Bash","Seeing Red","Thunderclap","Havoc+1","Twin Strike","Battle Trance","Sword Boomerang","Offering","Limit Break+1","Flex","Sword Boomerang","Exhume+1","Havoc+1","Seeing Red+1","Flex+1","Warcry","Feel No Pain+1","Headbutt","Inflame","Flex+1","Exhume+1","Armaments+1","Double Tap","Heavy Blade+1","Secret Technique","Clothesline","Deep Breath","Madness","Fiend Fire","Finesse"],"max_hp_per_floor":[80,80,80,80,80,80,80,87,87,87,87,87,87,87,87,87,87,87,87,87,87,87,87,87,87,87,87,87,87,87,87,87,87,87,87,87,87,87,87,87,87,87,87,87,87,87,87,87,87,87],"relics":["Black Blood","Strawberry","Toolbox","Odd Mushroom","Bronze Scales","Astrolabe","Bottled Flame","Juzu Bracelet","Bag of Preparation","Bag of Marbles","Question Card","Matryoshka","Red Mask"],"card_choices":[{"not_picked":["Sword Boomerang","Inflame"],"picked":"Thunderclap","floor":1.0},{"not_picked":["Entrench","Clothesline"],"picked":"Havoc","floor":3.0},{"not_picked":["Clash","Shrug It Off"],"picked":"Twin Strike","floor":4.0},{"not_picked":["Pommel Strike","Entrench"],"picked":"Battle Trance","floor":5.0},{"not_picked":["Headbutt","Power Through"],"picked":"Sword Boomerang","floor":10.0},{"not_picked":["Burning Pact","Pommel Strike"],"picked":"Offering","floor":11.0},{"not_picked":["True Grit","Metallicize"],"picked":"Limit Break","floor":12.0},{"not_picked":["Battle Trance","Blood for Blood"],"picked":"Flex","floor":13.0},{"not_picked":["Brutality","Barricade"],"picked":"Exhume","floor":16.0},{"not_picked":["Cleave","Shrug It Off"],"picked":"Warcry","floor":18.0},{"not_picked":["Twin Strike","Perfected Strike"],"picked":"Feel No Pain","floor":19.0},{"not_picked":["Wild Strike","Perfected Strike"],"picked":"Headbutt","floor":21.0},{"not_picked":["Pommel Strike","Impervious"],"picked":"Flex","floor":23.0},{"not_picked":["Second Wind","Pommel Strike"],"picked":"Exhume","floor":29},{"not_picked":["Heavy Blade","Shrug It Off"],"picked":"Armaments","floor":31},{"not_picked":["Brutality","Demon Form"],"picked":"Double Tap","floor":33},{"not_picked":["Carnage","Clash"],"picked":"Heavy Blade","floor":35},{"not_picked":["Transmutation","Sadistic Nature"],"picked":"Secret Technique","floor":36},{"not_picked":["Sword Boomerang","Flame Barrier"],"picked":"Fiend Fire","floor":42}],"player_experience":134853,"potions_floor_usage":[31,41,50,50,50],"damage_taken":[{"damage":6.0,"enemies":"Jaw Worm","floor":1.0,"turns":2.0},{"damage":0.0,"enemies":"2 Louse","floor":3.0,"turns":3.0},{"damage":6.0,"enemies":"Cultist","floor":4.0,"turns":4.0},{"damage":8.0,"enemies":"Large Slime","floor":5.0,"turns":5.0},{"damage":7.0,"enemies":"3 Louse","floor":7.0,"turns":3.0},{"damage":29.0,"enemies":"Lagavulin","floor":8.0,"turns":5.0},{"damage":0.0,"enemies":"2 Fungi Beasts","floor":10.0,"turns":1.0},{"damage":18.0,"enemies":"The Mushroom Lair","floor":11.0,"turns":3.0},{"damage":15.0,"enemies":"Gremlin Nob","floor":12.0,"turns":3.0},{"damage":15.0,"enemies":"Large Slime","floor":13.0,"turns":4.0},{"damage":24.0,"enemies":"Hexaghost","floor":16.0,"turns":4.0},{"damage":4.0,"enemies":"Spheric Guardian","floor":18.0,"turns":2.0},{"damage":26.0,"enemies":"Shell Parasite","floor":19.0,"turns":3.0},{"damage":3.0,"enemies":"Chosen and Byrds","floor":21.0,"turns":6.0},{"damage":40.0,"enemies":"Gremlin Leader","floor":23.0,"turns":3.0},{"damage":21.0,"enemies":"Snake Plant","floor":25.0,"turns":2.0},{"damage":4.0,"enemies":"Snecko","floor":29.0,"turns":1.0},{"damage":28,"enemies":"Book of Stabbing","floor":31,"turns":3},{"damage":29,"enemies":"Champ","floor":33,"turns":6},{"damage":8,"enemies":"3 Shapes","floor":35,"turns":1},{"damage":8,"enemies":"3 Darklings","floor":37,"turns":2},{"damage":4,"enemies":"Giant Head","floor":40,"turns":2},{"damage":28,"enemies":"4 Shapes","floor":41,"turns":2},{"damage":56,"enemies":"Nemesis","floor":42,"turns":5},{"damage":59,"enemies":"Time Eater","floor":50,"turns":4}],"event_choices":[{"event_name":"Mushrooms","player_choice":"Fought Mushrooms","floor":11.0,"damage_taken":0.0},{"event_name":"Back to Basics","player_choice":"Elegance","floor":20.0,"damage_taken":0.0},{"event_name":"The Library","player_choice":"Heal","floor":27.0,"damage_taken":0.0},{"event_name":"Drug Dealer","player_choice":"Ignored","floor":28.0,"damage_taken":0.0},{"event_name":"SensoryStone","player_choice":"Memory 1","floor":36,"damage_taken":0},{"event_name":"Match and Keep!","player_choice":"2 cards matched","floor":38,"damage_taken":0},{"event_name":"Winding Halls","player_choice":"Embrace Madness","floor":39,"damage_taken":0},{"event_name":"Tomb of Lord Red Mask","player_choice":"Paid","floor":45,"damage_taken":0},{"event_name":"Duplicator","player_choice":"Ignored","floor":47,"damage_taken":0}],"boss_relics":[{"not_picked":["Calling Bell","Black Star"],"picked":"Black Blood"}],"potions_floor_spawned":[3,4,5,11,13,16,19,23,25,33,35,37],"seed_played":"-5396687841411002311","killed_by":"Time Eater","ascension_level":0,"is_trial":false}