{"gold_per_floor":[114,39,39,57,69,69,69,94,120,120,70,70,85,118,118,215,215,234,251,151,167,267,267,267],"floor_reached":24,"playtime":1053,"items_purged":["Normality","Strike_B"],"score":265,"play_id":"f74e6a39-d43f-4008-9e7e-be282f044d96","local_time":"20180810004146","is_ascension_mode":true,"campfire_choices":[{"data":"Loop","floor":6,"key":"SMITH"},{"data":"Self Repair","floor":10,"key":"SMITH"},{"data":"Zap","floor":15,"key":"SMITH"},{"data":"BootSequence","floor":23,"key":"SMITH"}],"neow_cost":"CURSE","seed_source_timestamp":85253264609473,"circlet_count":0,"master_deck":["Strike_B","Strike_B","Defend_B","Defend_B","Defend_B","Zap+1","Dualcast","Self Repair+1","BootSequence+1","Loop+1","Loop+1","Rebound","Steam+1"],"relics":["FrozenCore","Dead Branch","Bag of Preparation","Orichalcum","Frozen Egg 2","Bronze Scales"],"potions_floor_usage":[16],"damage_taken":[{"damage":0,"enemies":"Jaw Worm","floor":1,"turns":3},{"damage":3,"enemies":"2 Louse","floor":4,"turns":3},{"damage":1,"enemies":"Cultist","floor":5,"turns":4},{"damage":21,"enemies":"3 Sentries","floor":8,"turns":8},{"damage":3,"enemies":"Blue Slaver","floor":13,"turns":3},{"damage":23,"enemies":"Gremlin Nob","floor":14,"turns":4},{"damage":37,"enemies":"Hexaghost","floor":16,"turns":8},{"damage":19,"enemies":"2 Thieves","floor":18,"turns":4},{"damage":6,"enemies":"Shell Parasite","floor":19,"turns":6},{"damage":9,"enemies":"Snake Plant","floor":21,"turns":5},{"damage":70,"enemies":"Gremlin Leader","floor":24,"turns":6}],"seed_played":"2050282349151388576","potions_obtained":[{"floor":1,"key":"FearPotion"},{"floor":5,"key":"FearPotion"},{"floor":13,"key":"AttackPotion"},{"floor":21,"key":"SpeedPotion"}],"is_trial":false,"path_per_floor":["M","$","?","M","M","R","$","E","T","R","?","?","M","E","R","B",null,"M","M","$","M","?","R"],"character_chosen":"DEFECT","items_purchased":[],"campfire_rested":0,"item_purchase_floors":[],"current_hp_per_floor":[68,68,61,65,71,71,71,57,57,57,57,57,64,51,51,24,62,53,57,57,58,58,58,0],"gold":267,"neow_bonus":"ONE_RARE_RELIC","is_prod":false,"is_daily":false,"chose_seed":false,"campfire_upgraded":4,"win_rate":0,"timestamp":1533854506,"path_taken":["M","$","?","M","M","R","$","E","T","R","?","?","?","E","R","BOSS","M","M","$","M","?","R","E"],"build_version":"2018-08-02","purchased_purges":2,"victory":false,"max_hp_per_floor":[75,75,75,75,75,75,75,75,75,75,75,75,75,75,75,75,75,75,75,75,75,75,75,75],"card_choices":[{"not_picked":["Loop","Barrage"],"picked":"Self Repair","floor":1},{"not_picked":["Conserve Battery","Turbo"],"picked":"BootSequence","floor":4},{"not_picked":["Coolheaded","FTL"],"picked":"Loop","floor":5},{"not_picked":["Chaos","Reinforced Body","Hello World"],"picked":"SKIP","floor":8},{"not_picked":["Beam Cell","Ball Lightning","FTL"],"picked":"SKIP","floor":13},{"not_picked":["Beam Cell","Ball Lightning","FTL"],"picked":"SKIP","floor":13},{"not_picked":["Force Field","Chill"],"picked":"Loop+1","floor":14},{"not_picked":["Steam Power+1","Lockon"],"picked":"Rebound","floor":18},{"not_picked":["Auto Shields","Scrape","Undo"],"picked":"SKIP","floor":19},{"not_picked":["Rebound","Redo"],"picked":"Steam+1","floor":21}],"player_experience":398491,"relics_obtained":[{"floor":8,"key":"Bag of Preparation"},{"floor":9,"key":"Orichalcum"},{"floor":14,"key":"Bronze Scales"}],"event_choices":[{"event_name":"Golden Wing","player_choice":"Card Removal","floor":3,"damage_taken":0},{"event_name":"The Cleric","player_choice":"Card Removal","floor":11,"damage_taken":0},{"event_name":"WeMeetAgain","player_choice":"Potion","floor":12,"damage_taken":0},{"event_name":"Golden Shrine","player_choice":"Pray","floor":22,"damage_taken":0}],"is_beta":false,"boss_relics":[{"not_picked":["Philosopher\u0027s Stone","Black Star"],"picked":"FrozenCore"}],"items_purged_floors":[2,20],"is_endless":false,"potions_floor_spawned":[1,5,13,21],"killed_by":"Gremlin Leader","ascension_level":6}