{"gold_per_floor":[112,112,25,43,55,55,82,82,158,158,175,201,3,28,28,99,99,116,31,31,0,17,17,45,45,45,107,121,135,135,164,164,243,243,253,253,9,9,25,41,41,54,78,78,90,90,100,200,200,200,200],"floor_reached":51,"playtime":2379,"items_purged":["Writhe"],"score":1471,"play_id":"064a848e-037f-400c-8168-ebce70a0925a","local_time":"20190429153404","is_ascension_mode":true,"campfire_choices":[{"data":"Uppercut","floor":6.0,"key":"SMITH"},{"data":"Bash","floor":8.0,"key":"SMITH"},{"data":"Sword Boomerang","floor":10.0,"key":"SMITH"},{"data":"Flex","floor":15.0,"key":"SMITH"},{"data":"Inflame","floor":23.0,"key":"SMITH"},{"data":"Double Tap","floor":25.0,"key":"SMITH"},{"floor":30.0,"key":"REST"},{"floor":32.0,"key":"REST"},{"floor":44.0,"key":"REST"},{"floor":46.0,"key":"REST"},{"floor":49.0,"key":"REST"}],"neow_cost":"NONE","seed_source_timestamp":0,"circlet_count":0,"master_deck":["AscendersBane","Strike_R+1","Strike_R","Strike_R","Defend_R","Defend_R","Bash+1","Infernal Blade","Sword Boomerang+1","Uppercut+1","Pummel","Headbutt","Inflame+1","Offering","Blood for Blood+1","Flex+1","Reaper","Exhume+1","Rupture+1","Immolate+1","Rampage","Corruption","Double Tap+1","Fiend Fire+1","Spot Weakness","Dropkick+1","Double Tap","Shockwave","Dark Embrace","Intimidate+1","Pummel+1","Shockwave+1","Dropkick+1","Inflame+1","Infernal Blade","Dark Embrace"],"special_seed":0,"relics":["Burning Blood","Bag of Marbles","Dream Catcher","Pen Nib","Question Card","Matryoshka","Whetstone","Astrolabe","Orichalcum","Shovel","Dodecahedron","Kunai","Molten Egg 2","Tiny Chest","Mango","Lizard Tail","PreservedInsect","Juzu Bracelet","Happy Flower","Bird Faced Urn"],"potions_floor_usage":[51],"damage_taken":[{"damage":1.0,"enemies":"Small Slimes","floor":1.0,"turns":3.0},{"damage":6.0,"enemies":"Cultist","floor":4.0,"turns":3.0},{"damage":7.0,"enemies":"Jaw Worm","floor":5.0,"turns":2.0},{"damage":42.0,"enemies":"Lagavulin","floor":7.0,"turns":6.0},{"damage":3.0,"enemies":"Looter","floor":11.0,"turns":2.0},{"damage":23.0,"enemies":"3 Sentries","floor":12.0,"turns":4.0},{"damage":6.0,"enemies":"Gremlin Nob","floor":14.0,"turns":3.0},{"damage":23.0,"enemies":"Hexaghost","floor":16.0,"turns":5.0},{"damage":12.0,"enemies":"Chosen","floor":18.0,"turns":2.0},{"damage":16.0,"enemies":"2 Thieves","floor":22.0,"turns":2.0},{"damage":0.0,"enemies":"Gremlin Leader","floor":24.0,"turns":4.0},{"damage":34.0,"enemies":"Slavers","floor":27.0,"turns":2.0},{"damage":19.0,"enemies":"Snake Plant","floor":28.0,"turns":3.0},{"damage":14.0,"enemies":"Shelled Parasite and Fungi","floor":29.0,"turns":3.0},{"damage":33.0,"enemies":"Gremlin Leader","floor":31.0,"turns":6.0},{"damage":48.0,"enemies":"Champ","floor":33.0,"turns":8.0},{"damage":21.0,"enemies":"Orb Walker","floor":35.0,"turns":3.0},{"damage":15.0,"enemies":"3 Darklings","floor":39.0,"turns":2.0},{"damage":57.0,"enemies":"Sphere and 2 Shapes","floor":40.0,"turns":6.0},{"damage":36.0,"enemies":"4 Shapes","floor":42.0,"turns":6.0},{"damage":43.0,"enemies":"Jaw Worm Horde","floor":45.0,"turns":3.0},{"damage":14.0,"enemies":"Transient","floor":47.0,"turns":6.0},{"damage":6.0,"enemies":"Mind Bloom Boss Battle","floor":48.0,"turns":2.0},{"damage":97.0,"enemies":"Donu and Deca","floor":50.0,"turns":6.0},{"damage":86,"enemies":"Awakened One","floor":51,"turns":4}],"seed_played":"3967362705733674587","potions_obtained":[{"floor":1.0,"key":"Regen Potion"},{"floor":4.0,"key":"PowerPotion"},{"floor":12.0,"key":"Explosive Potion"},{"floor":14.0,"key":"Swift Potion"},{"floor":16.0,"key":"Fire Potion"},{"floor":18.0,"key":"Block Potion"},{"floor":22.0,"key":"SpeedPotion"},{"floor":28.0,"key":"AttackPotion"},{"floor":31.0,"key":"PowerPotion"},{"floor":33.0,"key":"SteroidPotion"},{"floor":45.0,"key":"Strength Potion"},{"floor":47.0,"key":"SteroidPotion"}],"is_trial":false,"path_per_floor":["M","?","$","M","M","R","E","R","T","R","M","E","$","E","R","B",null,"M","?","?","?","M","R","E","R","T","E","M","M","R","E","R","B",null,"M","?","$","?","M","M","$","M","T","R","M","R","M","?","R","B","B"],"character_chosen":"IRONCLAD","items_purchased":["Infernal Blade","Sword Boomerang","Offering","Blood for Blood","PreservedInsect"],"campfire_rested":5,"item_purchase_floors":[3,3,13,13,37],"current_hp_per_floor":[73,73,73,73,72,72,36,36,36,36,39,34,34,34,34,17,61,64,64,64,64,54,54,60,60,60,32,19,12,34,21,47,63,83,68,68,68,68,59,22,22,12,12,38,50,76,68,68,89,55,0],"gold":200,"neow_bonus":"RANDOM_COMMON_RELIC","is_prod":false,"is_daily":false,"chose_seed":false,"campfire_upgraded":6,"win_rate":0,"timestamp":1556566444,"path_taken":["M","?","$","M","M","R","E","R","T","R","?","E","?","E","R","BOSS","M","?","?","?","M","R","E","R","T","E","M","M","R","E","R","BOSS","M","?","?","?","M","M","$","M","T","R","M","R","M","?","R","BOSS","BOSS"],"build_version":"2019-01-23","purchased_purges":1,"victory":false,"max_hp_per_floor":[75,75,75,75,75,75,75,75,75,75,75,75,75,75,75,75,75,75,75,75,75,75,75,75,75,75,75,75,75,75,89,89,89,89,89,89,89,89,89,89,89,89,89,89,89,89,89,89,89,89,89],"card_choices":[{"not_picked":["Feel No Pain","Body Slam"],"picked":"Clash","floor":1.0},{"not_picked":["Sentinel","Intimidate"],"picked":"Uppercut","floor":4.0},{"not_picked":["Cleave","Metallicize"],"picked":"Pummel","floor":5.0},{"not_picked":["Sever Soul","Power Through","Sword Boomerang"],"picked":"SKIP","floor":7.0},{"not_picked":["Anger","Pommel Strike","Metallicize"],"picked":"Headbutt","floor":11.0},{"not_picked":["Bludgeon","Searing Blow","Perfected Strike"],"picked":"Inflame","floor":12.0},{"not_picked":["Entrench","Sword Boomerang","Wild Strike"],"picked":"Flex","floor":14.0},{"not_picked":["Fiend Fire","Bludgeon","Juggernaut"],"picked":"Reaper","floor":16.0},{"not_picked":["Cleave","Shrug It Off+1","Thunderclap"],"picked":"Rampage","floor":18.0},{"not_picked":["Clash+1","Wild Strike+1","Body Slam"],"picked":"Corruption","floor":22.0},{"not_picked":["Flex","Fire Breathing","Burning Pact"],"picked":"Double Tap","floor":24.0},{"not_picked":["Warcry+1","Offering","Clothesline+1"],"picked":"Fiend Fire+1","floor":27.0},{"not_picked":["Clothesline+1","Body Slam+1","Perfected Strike+1"],"picked":"Spot Weakness","floor":28.0},{"not_picked":["Fire Breathing","Clash+1","Perfected Strike+1"],"picked":"Dropkick+1","floor":29.0},{"not_picked":["Intimidate","True Grit","Wild Strike+1"],"picked":"Double Tap","floor":31.0},{"not_picked":["Seeing Red","Pommel Strike+1","Combust"],"picked":"Shockwave","floor":32.0},{"not_picked":["Berserk","Brutality","Immolate+1"],"picked":"Dark Embrace","floor":33.0},{"not_picked":["Iron Wave+1","Thunderclap+1","Sever Soul+1"],"picked":"Intimidate+1","floor":35.0},{"not_picked":["Rage","Ghostly Armor","Shrug It Off"],"picked":"Pummel+1","floor":39.0},{"not_picked":["Shrug It Off+1","Power Through+1","Anger+1"],"picked":"Shockwave+1","floor":40.0},{"not_picked":["Hemokinesis+1","Combust","Clash+1","Iron Wave+1"],"picked":"SKIP","floor":42.0},{"not_picked":["Armaments","Headbutt+1","Iron Wave+1"],"picked":"Dropkick+1","floor":45.0},{"not_picked":["Anger+1","Clash+1","Clothesline+1"],"picked":"Inflame+1","floor":46.0},{"not_picked":["Evolve+1","Perfected Strike+1","Headbutt+1"],"picked":"Infernal Blade","floor":47.0},{"not_picked":["Anger+1","Cleave+1","Sword Boomerang+1"],"picked":"Dark Embrace","floor":49.0}],"player_experience":934793,"relics_obtained":[{"floor":7.0,"key":"Pen Nib"},{"floor":9.0,"key":"Question Card"},{"floor":12.0,"key":"Matryoshka"},{"floor":14.0,"key":"Whetstone"},{"floor":24.0,"key":"Dodecahedron"},{"floor":26.0,"key":"Kunai"},{"floor":26.0,"key":"Molten Egg 2"},{"floor":27.0,"key":"Tiny Chest"},{"floor":31.0,"key":"Mango"},{"floor":43.0,"key":"Juzu Bracelet"},{"floor":43.0,"key":"Happy Flower"},{"floor":48.0,"key":"Bird Faced Urn"}],"event_choices":[{"cards_removed":["Clash"],"damage_healed":0.0,"max_hp_gain":0.0,"max_hp_loss":0.0,"gold_gain":0.0,"event_name":"WeMeetAgain","player_choice":"Gave Card","floor":2.0,"gold_loss":0.0,"damage_taken":0.0,"relics_obtained":["Dream Catcher"]},{"damage_healed":0.0,"max_hp_gain":0.0,"max_hp_loss":0.0,"gold_gain":0.0,"event_name":"Addict","player_choice":"Obtained Relic","floor":19.0,"gold_loss":85.0,"damage_taken":0.0,"relics_obtained":["Orichalcum"]},{"damage_healed":0.0,"max_hp_gain":0.0,"max_hp_loss":0.0,"gold_gain":0.0,"event_name":"The Mausoleum","player_choice":"Opened","floor":20.0,"gold_loss":0.0,"damage_taken":0.0,"relics_obtained":["Shovel"],"cards_obtained":["Writhe"]},{"damage_healed":0.0,"max_hp_gain":0.0,"max_hp_loss":0.0,"gold_gain":0.0,"event_name":"Masked Bandits","player_choice":"Paid Fearfully","floor":21.0,"gold_loss":31.0,"damage_taken":0.0},{"damage_healed":0.0,"max_hp_gain":0.0,"max_hp_loss":0.0,"gold_gain":0.0,"event_name":"Match and Keep!","player_choice":"0 cards matched","floor":36.0,"gold_loss":0.0,"damage_taken":0.0,"cards_obtained":[]},{"cards_removed":["Defend_R"],"damage_healed":0.0,"max_hp_gain":0.0,"max_hp_loss":0.0,"gold_gain":0.0,"event_name":"Falling","player_choice":"Removed Skill","floor":38.0,"gold_loss":0.0,"damage_taken":0.0},{"damage_healed":0.0,"max_hp_gain":0.0,"max_hp_loss":0.0,"gold_gain":0.0,"event_name":"MindBloom","player_choice":"Fight","floor":48.0,"gold_loss":0.0,"damage_taken":0.0}],"is_beta":false,"boss_relics":[{"not_picked":["Mark of Pain","Velvet Choker"],"picked":"Astrolabe"},{"not_picked":["Black Star","White Beast Statue"],"picked":"Lizard Tail"}],"items_purged_floors":[37],"is_endless":false,"potions_floor_spawned":[1,4,12,14,16,18,22,28,31,33,35,45,47,48],"killed_by":"Awakened One","ascension_level":20}