{"gold_per_floor":[368,318,332,62,62,62,94,106,142,170,182,194,231,243,255,267],"floor_reached":16,"playtime":376,"items_purged":["Writhe"],"score":127,"play_id":"71a3cfed-03d3-43d3-9039-69ed39eef217","local_time":"20180828143330","is_ascension_mode":true,"campfire_choices":[{"data":"Ball Lightning","floor":6,"key":"SMITH"},{"floor":8,"key":"REST"},{"floor":15,"key":"REST"}],"neow_cost":"CURSE","seed_source_timestamp":631044064014288,"circlet_count":0,"master_deck":["Strike_B","Strike_B","Strike_B","Defend_B","Defend_B","Defend_B","Defend_B","Zap","Dualcast","Cold Snap","Ball Lightning+1","BootSequence","Beam Cell","Parasite","Melter"],"relics":["Cracked Core","Chemical X","Centennial Puzzle","MawBank","Ancient Tea Set","Unceasing Top","Dodecahedron","Golden Idol"],"potions_floor_usage":[13],"damage_taken":[{"damage":0,"enemies":"Small Slimes","floor":1,"turns":3},{"damage":7,"enemies":"2 Louse","floor":3,"turns":2},{"damage":29,"enemies":"Gremlin Nob","floor":7,"turns":4},{"damage":0,"enemies":"Jaw Worm","floor":10,"turns":3},{"damage":3,"enemies":"3 Sentries","floor":13,"turns":6},{"damage":71,"enemies":"Hexaghost","floor":16,"turns":11}],"seed_played":"-178786329470095931","potions_obtained":[{"floor":1,"key":"SneckoOil"}],"is_trial":false,"path_per_floor":["M","?","M","$","?","R","E","R","T","M","?","T","E","?","R"],"character_chosen":"DEFECT","items_purchased":["Chemical X"],"campfire_rested":2,"item_purchase_floors":[4],"current_hp_per_floor":[75,75,68,68,56,56,27,49,49,49,67,67,64,46,68,0],"gold":267,"neow_bonus":"TWO_FIFTY_GOLD","is_prod":false,"is_daily":false,"chose_seed":false,"campfire_upgraded":1,"win_rate":0,"timestamp":1535481210,"path_taken":["M","?","M","$","?","R","E","R","T","M","?","?","E","?","R","BOSS"],"build_version":"2018-08-23v2","purchased_purges":1,"victory":false,"max_hp_per_floor":[75,75,75,75,75,75,75,75,75,75,75,75,75,75,75,75],"card_choices":[{"not_picked":["Scrape","Loop"],"picked":"Cold Snap","floor":1},{"not_picked":["Consume","Stack"],"picked":"Ball Lightning","floor":3},{"not_picked":["Ball Lightning","Rebound"],"picked":"BootSequence","floor":7},{"not_picked":["Go for the Eyes","Steam"],"picked":"Beam Cell","floor":10},{"not_picked":["Hyperbeam","Hello World"],"picked":"Melter","floor":13}],"player_experience":478433,"relics_obtained":[{"floor":7,"key":"MawBank"},{"floor":9,"key":"Ancient Tea Set"},{"floor":12,"key":"Unceasing Top"},{"floor":13,"key":"Dodecahedron"}],"event_choices":[{"event_name":"The Cleric","player_choice":"Card Removal","floor":2,"damage_taken":0},{"event_name":"Scrap Ooze","player_choice":"success","floor":5,"damage_taken":12},{"event_name":"Mushrooms","player_choice":"Healed and dodged fight","floor":11,"damage_taken":0},{"event_name":"Golden Idol","player_choice":"Take Damage","floor":14,"damage_taken":0}],"is_beta":false,"boss_relics":[],"items_purged_floors":[4],"is_endless":false,"potions_floor_spawned":[1],"killed_by":"Hexaghost","ascension_level":4}