{"gold_per_floor":[119,43,43,118,43,43,59,103,103,103,103,121,142,160,160,249,249,272,290,77,77,77],"floor_reached":22,"playtime":467,"items_purged":["Regret"],"score":368,"play_id":"76be6b3e-b2db-4ae8-ba87-d148e249f243","local_time":"20190424150600","is_ascension_mode":true,"campfire_choices":[{"data":"Zap","floor":6,"key":"SMITH"},{"data":"Consume","floor":10,"key":"SMITH"},{"data":"Beam Cell","floor":15,"key":"SMITH"}],"neow_cost":"CURSE","seed_source_timestamp":91232026505273,"circlet_count":0,"master_deck":["AscendersBane","Strike_B","Strike_B","Strike_B","Strike_B","Defend_B","Defend_B","Defend_B","Defend_B","Zap+1","Dualcast","Electrodynamics","Ball Lightning","Self Repair","FTL","Consume+1","Sunder","Beam Cell+1","Capacitor","Core Surge"],"relics":["Cracked Core","Golden Idol","Blood Vial","Ornamental Fan","White Beast Statue","MealTicket","FaceOfCleric"],"potions_floor_usage":[8,13,18,19,22],"damage_taken":[{"damage":12,"enemies":"Small Slimes","floor":1,"turns":2},{"damage":0,"enemies":"2 Louse","floor":7,"turns":3},{"damage":35,"enemies":"Lagavulin","floor":8,"turns":5},{"damage":1,"enemies":"Cultist","floor":12,"turns":3},{"damage":3,"enemies":"Lots of Slimes","floor":13,"turns":2},{"damage":8,"enemies":"Blue Slaver","floor":14,"turns":3},{"damage":35,"enemies":"Hexaghost","floor":16,"turns":8},{"damage":19,"enemies":"Shell Parasite","floor":18,"turns":3},{"damage":25,"enemies":"3 Byrds","floor":19,"turns":3},{"damage":40,"enemies":"3 Cultists","floor":22,"turns":3}],"seed_played":"-1512511418039651876","potions_obtained":[{"floor":1,"key":"FearPotion"},{"floor":12,"key":"EssenceOfSteel"},{"floor":16,"key":"AttackPotion"},{"floor":18,"key":"AttackPotion"},{"floor":19,"key":"Regen Potion"}],"is_trial":false,"path_per_floor":["M","$","?","?","$","R","M","E","T","R","?","M","M","M","R","B",null,"M","M","$","?","M"],"character_chosen":"DEFECT","items_purchased":["Self Repair","MealTicket"],"campfire_rested":0,"item_purchase_floors":[2,20],"current_hp_per_floor":[52,52,52,41,41,41,48,20,20,20,20,28,34,35,35,2,54,37,21,21,21,0],"gold":77,"neow_bonus":"THREE_RARE_CARDS","is_prod":false,"is_daily":false,"chose_seed":false,"campfire_upgraded":3,"win_rate":0,"timestamp":1556132760,"path_taken":["M","$","?","?","$","R","M","E","T","R","?","M","M","M","R","BOSS","M","M","$","?","?"],"build_version":"2019-01-23","purchased_purges":1,"victory":false,"max_hp_per_floor":[71,71,71,71,71,71,71,71,71,71,71,71,71,71,71,71,71,71,71,71,71,71],"card_choices":[{"not_picked":["Rainbow","Hyperbeam"],"picked":"Electrodynamics","floor":0},{"not_picked":["Streamline","Rip and Tear"],"picked":"Ball Lightning","floor":1},{"not_picked":["Compile Driver","Beam Cell"],"picked":"FTL","floor":7},{"not_picked":["Redo","Ball Lightning"],"picked":"Consume","floor":8},{"not_picked":["Hologram","Reinforced Body"],"picked":"Sunder","floor":12},{"not_picked":["Streamline","Rebound"],"picked":"Beam Cell","floor":13},{"not_picked":["Compile Driver","Streamline"],"picked":"Capacitor","floor":14},{"not_picked":["Electrodynamics","All For One"],"picked":"Core Surge","floor":16},{"not_picked":["Rebound","Conserve Battery","Redo"],"picked":"SKIP","floor":18},{"not_picked":["Stack","Beam Cell","Blizzard"],"picked":"SKIP","floor":19}],"player_experience":927375,"relics_obtained":[{"floor":8,"key":"Blood Vial"},{"floor":9,"key":"Ornamental Fan"}],"event_choices":[{"damage_healed":0,"gold_gain":0,"player_choice":"Take Wound","damage_taken":0,"relics_obtained":["Golden Idol"],"max_hp_gain":0,"max_hp_loss":0,"event_name":"Golden Idol","floor":3,"gold_loss":0,"cards_obtained":["Injury"]},{"damage_healed":0,"gold_gain":75,"player_choice":"Gather Gold","damage_taken":11,"max_hp_gain":0,"max_hp_loss":0,"event_name":"World of Goop","floor":4,"gold_loss":0},{"cards_removed":["Injury"],"damage_healed":0,"gold_gain":0,"player_choice":"Card Removal","damage_taken":0,"max_hp_gain":0,"max_hp_loss":0,"event_name":"Wheel of Change","floor":11,"gold_loss":0},{"damage_healed":0,"gold_gain":0,"player_choice":"Trade","damage_taken":0,"relics_obtained":["FaceOfCleric"],"max_hp_gain":0,"max_hp_loss":0,"event_name":"FaceTrader","floor":21,"gold_loss":0}],"is_beta":false,"boss_relics":[{"not_picked":["Black Star","Cursed Key"],"picked":"White Beast Statue"}],"items_purged_floors":[5],"is_endless":false,"potions_floor_spawned":[1,12,16,18,19],"killed_by":"3 Cultists","ascension_level":20}