{"gold_per_floor":[17,17,17,41,54,54,95,20,20,46,66,66,66,87,87,211,211,232,232,29,29,52,52,52,66,66,76,76,89,106,106,106,205,205,216,22,40,56,56],"floor_reached":39,"playtime":919,"items_purged":["Strike_R","Strike_R","Injury"],"score":431,"play_id":"6c9058b9-0440-4289-9875-aea368a92918","local_time":"20180726173257","is_ascension_mode":false,"campfire_choices":[{"data":"Rampage","floor":6,"key":"SMITH"},{"data":"Pommel Strike","floor":15,"key":"SMITH"},{"data":"Shrug It Off","floor":23,"key":"SMITH"},{"data":"Flash of Steel","floor":32,"key":"SMITH"}],"neow_cost":"NO_GOLD","seed_source_timestamp":10031404863023,"circlet_count":0,"master_deck":["Strike_R","Defend_R","Defend_R","Defend_R","Bash+1","Rampage+1","Sever Soul","Shrug It Off","Pommel Strike+1","Bloodletting+1","Shrug It Off+1","Brutality+1","Flash of Steel+1","Whirlwind+1","Burning Pact"],"relics":["Burning Blood","Bloody Idol","Thread and Needle","Turnip","Ancient Tea Set","Sozu","Boot","Letter Opener","Philosopher\u0027s Stone"],"potions_floor_usage":[16,16,16],"damage_taken":[{"damage":10,"enemies":"2 Louse","floor":1,"turns":3},{"damage":2,"enemies":"Small Slimes","floor":4,"turns":3},{"damage":0,"enemies":"Cultist","floor":5,"turns":3},{"damage":39,"enemies":"Lagavulin","floor":7,"turns":4},{"damage":7,"enemies":"Lots of Slimes","floor":11,"turns":4},{"damage":7,"enemies":"Blue Slaver","floor":14,"turns":3},{"damage":9,"enemies":"Slime Boss","floor":16,"turns":6},{"damage":7,"enemies":"Spheric Guardian","floor":18,"turns":3},{"damage":31,"enemies":"2 Thieves","floor":25,"turns":4},{"damage":7,"enemies":"Centurion and Healer","floor":27,"turns":5},{"damage":20,"enemies":"Snake Plant","floor":29,"turns":3},{"damage":8,"enemies":"Snecko","floor":30,"turns":3},{"damage":35,"enemies":"Champ","floor":33,"turns":7},{"damage":27,"enemies":"Flame Bruiser 1 Orb","floor":35,"turns":4},{"damage":4,"enemies":"Orb Walker","floor":37,"turns":2},{"damage":19,"enemies":"Maw","floor":38,"turns":5},{"damage":58,"enemies":"4 Shapes","floor":39,"turns":3}],"seed_played":"-6949000353576336179","potions_obtained":[{"floor":5,"key":"Ancient Potion"},{"floor":7,"key":"Ancient Potion"},{"floor":14,"key":"SkillPotion"}],"is_trial":false,"path_per_floor":["M","?","?","M","M","R","E","$","T","T","M","$","?","M","R","B",null,"M","?","$","?","T","R","?","M","T","M","$","M","M","?","R","B",null,"M","$","M","M"],"character_chosen":"IRONCLAD","items_purchased":["Flash of Steel","Burning Pact"],"campfire_rested":0,"item_purchase_floors":[20,36],"current_hp_per_floor":[76,74,74,74,74,74,41,41,41,41,40,40,25,24,24,21,74,73,73,73,73,74,74,58,43,43,47,47,38,41,41,41,17,74,58,58,65,57,0],"gold":56,"neow_bonus":"TRANSFORM_TWO_CARDS","is_prod":false,"is_daily":false,"chose_seed":false,"campfire_upgraded":4,"win_rate":0,"timestamp":1532597577,"path_taken":["M","?","?","M","M","R","E","$","T","?","M","$","?","M","R","BOSS","M","?","$","?","?","R","?","M","T","M","$","?","M","?","R","BOSS","M","$","M","M","?"],"build_version":"2018-07-19v2","purchased_purges":3,"victory":false,"max_hp_per_floor":[80,74,74,74,74,74,74,74,74,74,74,74,74,74,74,74,74,74,74,74,74,74,74,74,74,74,74,74,74,74,74,74,74,74,74,74,74,74,74],"card_choices":[{"not_picked":["Headbutt","Infernal Blade"],"picked":"Shrug It Off","floor":1},{"not_picked":["Bloodletting","Power Through"],"picked":"Pommel Strike","floor":4},{"not_picked":["Searing Blow","Twin Strike"],"picked":"Bloodletting","floor":5},{"not_picked":["Feel No Pain","Reckless Charge","Headbutt"],"picked":"SKIP","floor":7},{"not_picked":["Thunderclap","Sword Boomerang"],"picked":"Shrug It Off","floor":11},{"not_picked":["Rupture","Perfected Strike","Armaments"],"picked":"SKIP","floor":14},{"not_picked":["Juggernaut","Impervious"],"picked":"Brutality","floor":16},{"not_picked":["Perfected Strike","True Grit","Warcry+1"],"picked":"SKIP","floor":18},{"not_picked":["Sword Boomerang+1","Clash","Combust"],"picked":"SKIP","floor":25},{"not_picked":["Shockwave","Body Slam+1"],"picked":"Whirlwind+1","floor":27},{"not_picked":["Feel No Pain","Iron Wave","Spot Weakness"],"picked":"SKIP","floor":29},{"not_picked":["Dual Wield+1","Warcry+1","Infernal Blade+1"],"picked":"SKIP","floor":30},{"not_picked":["Anger+1","Intimidate+1","Heavy Blade"],"picked":"SKIP","floor":35},{"not_picked":["Shockwave","Flame Barrier+1","Iron Wave"],"picked":"SKIP","floor":37},{"not_picked":["Iron Wave+1","Heavy Blade","Pommel Strike"],"picked":"SKIP","floor":38}],"player_experience":321586,"relics_obtained":[{"floor":7,"key":"Thread and Needle"},{"floor":9,"key":"Turnip"},{"floor":10,"key":"Ancient Tea Set"},{"floor":22,"key":"Boot"},{"floor":26,"key":"Letter Opener"}],"event_choices":[{"event_name":"Golden Idol","player_choice":"Lose Max HP","floor":2,"damage_taken":0},{"event_name":"Bonfire Elementals","player_choice":"BASIC","floor":3,"damage_taken":0},{"event_name":"Shining Light","player_choice":"Entered Light","floor":13,"damage_taken":0},{"event_name":"Forgotten Altar","player_choice":"Gave Idol","floor":19,"damage_taken":0},{"event_name":"Accursed Blacksmith","player_choice":"Forge","floor":21,"damage_taken":0},{"event_name":"Cursed Tome","player_choice":"Obtained Book","floor":24,"damage_taken":0},{"event_name":"The Mausoleum","player_choice":"No","floor":31,"damage_taken":0}],"is_beta":false,"boss_relics":[{"not_picked":["Ectoplasm","Runic Cube"],"picked":"Sozu"},{"not_picked":["Black Star","Black Blood"],"picked":"Philosopher\u0027s Stone"}],"items_purged_floors":[8,20,36],"is_endless":false,"potions_floor_spawned":[5,7,14,25,33,37],"killed_by":"4 Shapes","ascension_level":0}