{"gold_per_floor":[109,109,109,8,8,36,36,69,95,108,118,43,57,57,57,130,130,145,164,25,25,40,40,60,60,60,77,93,93,123,141,141,214,214,232,243,243,243,36,36,36,68,94,94,94,94,94,142,142,142,142,142,142,17,42,42],"floor_reached":57,"playtime":2810,"items_purged":["Strike_B","Melter+1","Defend_B+1"],"score":3012,"play_id":"aa524ae8-4f1f-4717-b1f9-d6e5cb28ff8a","local_time":"20190407174601","is_ascension_mode":true,"campfire_choices":[{"data":"Coolheaded","floor":7.0,"key":"SMITH"},{"data":"Buffer","floor":15.0,"key":"SMITH"},{"data":"Defragment","floor":23.0,"key":"SMITH"},{"data":"Turbo","floor":29.0,"key":"SMITH"},{"data":"Chaos","floor":32.0,"key":"SMITH"},{"data":"Capacitor","floor":40.0,"key":"SMITH"},{"floor":45.0,"key":"DIG"},{"floor":47.0,"key":"DIG"},{"floor":49.0,"key":"RECALL"},{"floor":53.0,"key":"DIG"}],"neow_cost":"NONE","seed_source_timestamp":939649642458324,"circlet_count":0,"master_deck":["AscendersBane","Defend_B+1","Defend_B+1","Dualcast+1","Coolheaded+1","Impatience+1","Ball Lightning+1","Buffer+1","Skim+1","Reinforced Body+1","Meteor Strike+1","Heatsinks+1","Core Surge+1","Self Repair+1","Loop+1","Defragment+1","Hologram+1","Creative AI+1","Coolheaded+1","Steam+1","Turbo+1","Chaos+1","Electrodynamics+1","Recycle+1","Seek+1","White Noise+1","Undo+1","Madness+1","Madness+1","Capacitor+1","Compile Driver","Impatience","Gash+1"],"special_seed":0,"relics":["Cracked Core","NeowsBlessing","Gambling Chip","Shovel","Dream Catcher","Bag of Marbles","Astrolabe","Bottled Tornado","Mercury Hourglass","Orrery","Mark of the Bloom","Letter Opener","Bronze Scales","Molten Egg 2","Calipers","Sundial","Kunai"],"potions_floor_usage":[56],"damage_taken":[{"damage":0.0,"enemies":"2 Louse","floor":1.0,"turns":1.0},{"damage":0.0,"enemies":"Gremlin Nob","floor":6.0,"turns":1.0},{"damage":0.0,"enemies":"Lagavulin","floor":8.0,"turns":1.0},{"damage":0.0,"enemies":"Jaw Worm","floor":10.0,"turns":2.0},{"damage":0.0,"enemies":"Small Slimes","floor":11.0,"turns":2.0},{"damage":0.0,"enemies":"Blue Slaver","floor":13.0,"turns":3.0},{"damage":17.0,"enemies":"Slime Boss","floor":16.0,"turns":11.0},{"damage":23.0,"enemies":"2 Thieves","floor":18.0,"turns":5.0},{"damage":13.0,"enemies":"Shell Parasite","floor":19.0,"turns":5.0},{"damage":24.0,"enemies":"Centurion and Healer","floor":22.0,"turns":9.0},{"damage":27.0,"enemies":"Snake Plant","floor":24.0,"turns":4.0},{"damage":3.0,"enemies":"Snecko","floor":27.0,"turns":4.0},{"damage":10.0,"enemies":"3 Cultists","floor":28.0,"turns":5.0},{"damage":0.0,"enemies":"Slavers","floor":30.0,"turns":5.0},{"damage":1.0,"enemies":"Shelled Parasite and Fungi","floor":31.0,"turns":6.0},{"damage":25.0,"enemies":"Automaton","floor":33.0,"turns":8.0},{"damage":27.0,"enemies":"3 Darklings","floor":35.0,"turns":2.0},{"damage":0.0,"enemies":"Orb Walker","floor":36.0,"turns":4.0},{"damage":0.0,"enemies":"Reptomancer","floor":42.0,"turns":3.0},{"damage":0.0,"enemies":"2 Orb Walkers","floor":48.0,"turns":1.0},{"damage":0.0,"enemies":"Donu and Deca","floor":50.0,"turns":1.0},{"damage":0.0,"enemies":"Awakened One","floor":51.0,"turns":4.0},{"damage":12.0,"enemies":"Shield and Spear","floor":55.0,"turns":3.0},{"damage":12,"enemies":"The Heart","floor":56,"turns":6}],"seed_played":"-2240760806273372351","potions_obtained":[{"floor":1.0,"key":"FocusPotion"},{"floor":6.0,"key":"EntropicBrew"},{"floor":24.0,"key":"SkillPotion"},{"floor":27.0,"key":"Energy Potion"},{"floor":28.0,"key":"Energy Potion"},{"floor":30.0,"key":"Ancient Potion"},{"floor":31.0,"key":"Swift Potion"}],"is_trial":false,"path_per_floor":["M","?","?","$","?","E","R","E","T","M","M","$","M","?","R","B",null,"M","M","$","?","M","R","M","?","T","M","M","R","E","M","R","B",null,"M","M","?","?","$","R","$","E","T","?","R","?","R","?","R","B","B",null,"R","$","E","B",null],"character_chosen":"DEFECT","items_purchased":["Impatience","Defragment","Hologram","Capacitor","Compile Driver"],"campfire_rested":0,"item_purchase_floors":[4,20,20,39,39],"current_hp_per_floor":[64,59,38,38,31,31,31,31,31,31,31,31,31,54,54,37,63,50,47,47,47,33,33,16,16,16,23,23,23,33,42,42,27,60,43,53,40,40,40,40,40,40,40,40,40,40,40,40,40,40,40,40,40,40,28,16],"gold":42,"neow_bonus":"THREE_ENEMY_KILL","is_prod":false,"is_daily":false,"chose_seed":false,"campfire_upgraded":6,"win_rate":0,"timestamp":1554630361,"path_taken":["M","?","?","$","?","E","R","E","T","M","M","?","?","?","R","BOSS","M","M","$","?","?","R","M","?","T","?","M","R","E","M","R","BOSS","M","M","?","?","$","R","$","E","T","?","R","?","R","?","R","BOSS","BOSS","R","$","E","BOSS"],"build_version":"2019-01-23","purchased_purges":3,"victory":true,"max_hp_per_floor":[71,71,71,71,71,71,71,71,71,71,71,71,71,71,71,71,71,71,71,71,71,71,71,71,71,71,71,71,71,71,71,71,71,71,71,71,71,71,71,71,71,71,71,71,71,71,71,71,71,71,71,71,71,71,71,71],"card_choices":[{"not_picked":["Blizzard","Loop"],"picked":"Coolheaded","floor":1.0},{"not_picked":["Redo","Beam Cell"],"picked":"Melter","floor":6.0},{"not_picked":["Rebound","Gash"],"picked":"Ball Lightning","floor":8.0},{"not_picked":["Ball Lightning","Stack"],"picked":"Buffer","floor":10.0},{"not_picked":["Cold Snap","Hologram"],"picked":"Skim","floor":11.0},{"not_picked":["Auto Shields","Barrage"],"picked":"Reinforced Body","floor":13.0},{"not_picked":["Rainbow","Creative AI"],"picked":"Meteor Strike","floor":16.0},{"not_picked":["Lockon","Cold Snap","Beam Cell"],"picked":"SKIP","floor":18.0},{"not_picked":["Steam","FTL"],"picked":"Loop","floor":19.0},{"not_picked":["Hello World","Gash","Leap"],"picked":"SKIP","floor":22.0},{"not_picked":["Hello World","Gash","Leap"],"picked":"SKIP","floor":22.0},{"not_picked":["Beam Cell","Rebound","Static Discharge"],"picked":"SKIP","floor":24.0},{"not_picked":["Sunder","Barrage+1"],"picked":"Steam+1","floor":27.0},{"not_picked":["Reprogram","Scrape"],"picked":"Turbo","floor":28.0},{"not_picked":["Heatsinks","Coolheaded"],"picked":"Chaos","floor":30.0},{"not_picked":["Sweeping Beam","Gash+1","Stack"],"picked":"SKIP","floor":31.0},{"not_picked":["Thunder Strike","Buffer"],"picked":"Electrodynamics","floor":33.0},{"not_picked":["Defragment+1","Auto Shields"],"picked":"Recycle+1","floor":34.0},{"not_picked":["Steam+1","Sweeping Beam"],"picked":"Seek","floor":34.0},{"not_picked":["Steam","Aggregate"],"picked":"White Noise","floor":34.0},{"not_picked":["Steam","Auto Shields","Go for the Eyes"],"picked":"SKIP","floor":35.0},{"not_picked":["Doom and Gloom","Conserve Battery"],"picked":"Undo","floor":36.0},{"not_picked":["Leap","Core Surge","Capacitor+1"],"picked":"SKIP","floor":42.0},{"not_picked":["Swift Strike","Dark Shackles"],"picked":"Impatience","floor":46.0},{"not_picked":["Ball Lightning+1","Rebound+1"],"picked":"Gash+1","floor":48.0},{"not_picked":["Capacitor","Creative AI","Doom and Gloom+1"],"picked":"SKIP","floor":55.0}],"player_experience":1347212,"relics_obtained":[{"floor":6.0,"key":"Shovel"},{"floor":8.0,"key":"Dream Catcher"},{"floor":9.0,"key":"Bag of Marbles"},{"floor":26.0,"key":"Bottled Tornado"},{"floor":30.0,"key":"Mercury Hourglass"},{"floor":42.0,"key":"Letter Opener"},{"floor":45.0,"key":"Bronze Scales"},{"floor":47.0,"key":"Molten Egg 2"},{"floor":48.0,"key":"Calipers"},{"floor":53.0,"key":"Sundial"},{"floor":55.0,"key":"Kunai"}],"event_choices":[{"damage_healed":0.0,"max_hp_gain":0.0,"max_hp_loss":0.0,"gold_gain":0.0,"event_name":"Scrap Ooze","player_choice":"Success","floor":2.0,"gold_loss":0.0,"damage_taken":5.0,"relics_obtained":["Gambling Chip"]},{"damage_healed":0.0,"max_hp_gain":0.0,"max_hp_loss":0.0,"gold_gain":0.0,"event_name":"Shining Light","player_choice":"Entered Light","floor":3.0,"gold_loss":0.0,"damage_taken":21.0,"cards_upgraded":["Zap","Defend_B"]},{"cards_removed":["Strike_B"],"damage_healed":0.0,"max_hp_gain":0.0,"max_hp_loss":0.0,"gold_gain":0.0,"event_name":"Golden Wing","player_choice":"Card Removal","floor":5.0,"gold_loss":0.0,"damage_taken":7.0},{"damage_healed":23.0,"max_hp_gain":0.0,"max_hp_loss":0.0,"gold_gain":0.0,"event_name":"Big Fish","player_choice":"Banana","floor":14.0,"gold_loss":0.0,"damage_taken":0.0},{"damage_healed":0.0,"max_hp_gain":0.0,"max_hp_loss":0.0,"gold_gain":0.0,"event_name":"Match and Keep!","player_choice":"1 cards matched","floor":21.0,"gold_loss":0.0,"damage_taken":0.0,"cards_obtained":["Creative AI"]},{"damage_healed":0.0,"max_hp_gain":0.0,"max_hp_loss":0.0,"gold_gain":0.0,"event_name":"Duplicator","player_choice":"Copied","floor":25.0,"gold_loss":0.0,"damage_taken":0.0,"cards_obtained":["Coolheaded"]},{"damage_healed":0.0,"max_hp_gain":0.0,"max_hp_loss":0.0,"gold_gain":0.0,"event_name":"Winding Halls","player_choice":"Embrace Madness","floor":37.0,"gold_loss":0.0,"damage_taken":13.0,"cards_obtained":["Madness","Madness"]},{"damage_healed":0.0,"max_hp_gain":0.0,"max_hp_loss":0.0,"gold_gain":0.0,"event_name":"MindBloom","player_choice":"Upgrade","floor":38.0,"gold_loss":0.0,"damage_taken":0.0,"cards_upgraded":["Defend_B","Defend_B","Dualcast","Impatience","Melter","Ball Lightning","Skim","Reinforced Body","Meteor Strike","Loop","Hologram","Creative AI","Electrodynamics","Seek","White Noise","Undo","Madness","Madness"],"relics_obtained":["Mark of the Bloom"]},{"cards_removed":["Zap"],"damage_healed":0.0,"max_hp_gain":0.0,"max_hp_loss":0.0,"gold_gain":0.0,"event_name":"Falling","player_choice":"Removed Skill","floor":44.0,"gold_loss":0.0,"damage_taken":0.0},{"damage_healed":0.0,"max_hp_gain":0.0,"max_hp_loss":0.0,"gold_gain":0.0,"event_name":"SensoryStone","player_choice":"Memory 1","floor":46.0,"gold_loss":0.0,"damage_taken":0.0},{"damage_healed":0.0,"max_hp_gain":0.0,"max_hp_loss":0.0,"gold_gain":0.0,"event_name":"Mysterious Sphere","player_choice":"Fight","floor":48.0,"gold_loss":0.0,"damage_taken":0.0}],"is_beta":false,"boss_relics":[{"not_picked":["Black Star","Runic Dome"],"picked":"Astrolabe"},{"not_picked":["Busted Crown","Velvet Choker"],"picked":"Orrery"}],"items_purged_floors":[12,39,54],"is_endless":false,"potions_floor_spawned":[1,6,24,27,28,30,31,35,42],"ascension_level":20}