{"gold_per_floor":[112,112,112,127,150,150,194,207,256,256,290,313,336,148,148,148],"floor_reached":16,"playtime":942,"items_purged":[],"score":112,"play_id":"22284ad1-34c7-43dd-9158-f3254edf6ec8","local_time":"20181230232810","is_ascension_mode":false,"campfire_choices":[{"data":"White Noise","floor":6,"key":"SMITH"},{"floor":10,"key":"REST"},{"floor":15,"key":"REST"}],"neow_cost":"NONE","seed_source_timestamp":203243014183159,"circlet_count":0,"master_deck":["Strike_B","Strike_B","Strike_B","Defend_B","Defend_B","Defend_B","Defend_B","Zap","Dualcast","Darkness","FTL","Injury","Coolheaded","White Noise+1","Gash","Sunder","Gash","Reinforced Body","Seek","Recycle"],"relics":["Cracked Core","Golden Idol","Cables","Smiling Mask","PreservedInsect","Bag of Marbles"],"potions_floor_usage":[16,16],"damage_taken":[{"damage":6,"enemies":"Jaw Worm","floor":1,"turns":3},{"damage":0,"enemies":"Small Slimes","floor":4,"turns":2},{"damage":0,"enemies":"Cultist","floor":5,"turns":3},{"damage":48,"enemies":"Gremlin Nob","floor":7,"turns":4},{"damage":0,"enemies":"Blue Slaver","floor":8,"turns":3},{"damage":19,"enemies":"Lagavulin","floor":11,"turns":5},{"damage":8,"enemies":"Red Slaver","floor":12,"turns":2},{"damage":0,"enemies":"Large Slime","floor":13,"turns":3},{"damage":52,"enemies":"Hexaghost","floor":16,"turns":9}],"seed_played":"-2531578588837456874","potions_obtained":[{"floor":1,"key":"EssenceOfSteel"},{"floor":4,"key":"Strength Potion"},{"floor":5,"key":"GamblersBrew"},{"floor":13,"key":"SkillPotion"}],"is_trial":false,"path_per_floor":["M","?","?","M","M","R","E","M","T","R","E","M","M","$","R","B"],"character_chosen":"DEFECT","items_purchased":["Bag of Marbles","Recycle"],"campfire_rested":2,"item_purchase_floors":[14,14],"current_hp_per_floor":[76,76,76,76,76,76,28,28,28,52,33,25,25,25,49,0],"gold":148,"neow_bonus":"TEN_PERCENT_HP_BONUS","is_prod":false,"is_daily":false,"chose_seed":false,"campfire_upgraded":1,"win_rate":0.0,"timestamp":1546241290,"path_taken":["M","?","?","M","M","R","E","M","T","R","E","M","M","$","R","BOSS"],"build_version":"2018-12-20","purchased_purges":0,"victory":false,"max_hp_per_floor":[82,82,82,82,82,82,82,82,82,82,82,82,82,82,82,82],"card_choices":[{"not_picked":["Darkness","Conserve Battery","Compile Driver"],"picked":"SKIP","floor":1},{"not_picked":["Conserve Battery","Compile Driver"],"picked":"Darkness","floor":1},{"not_picked":["Sweeping Beam","Go for the Eyes"],"picked":"Coolheaded","floor":4},{"not_picked":["Turbo","Heatsinks"],"picked":"White Noise","floor":5},{"not_picked":["Machine Learning","Compile Driver"],"picked":"Gash","floor":7},{"not_picked":["Reprogram","Rebound"],"picked":"Sunder","floor":8},{"not_picked":["Chill","Melter"],"picked":"Gash","floor":11},{"not_picked":["Barrage","Consume"],"picked":"Reinforced Body","floor":12},{"not_picked":["Tempest","Beam Cell"],"picked":"Seek","floor":13}],"player_experience":171034,"relics_obtained":[{"floor":7,"key":"Cables"},{"floor":9,"key":"Smiling Mask"},{"floor":11,"key":"PreservedInsect"}],"event_choices":[{"damage_healed":0,"gold_gain":0,"cards_transformed":["Strike_B"],"player_choice":"Change","damage_taken":0,"max_hp_gain":0,"max_hp_loss":0,"event_name":"Living Wall","floor":2,"gold_loss":0,"cards_obtained":["FTL"]},{"damage_healed":0,"gold_gain":0,"player_choice":"Take Wound","damage_taken":0,"relics_obtained":["Golden Idol"],"max_hp_gain":0,"max_hp_loss":0,"event_name":"Golden Idol","floor":3,"gold_loss":0,"cards_obtained":["Injury"]}],"is_beta":false,"boss_relics":[],"items_purged_floors":[],"is_endless":false,"potions_floor_spawned":[1,4,5,13],"killed_by":"Hexaghost","ascension_level":0}