{"gold_per_floor":[10,29,47,197,197,197,224,242,242,262,262,227,61,81,81,156,156,168,68,68,82,2,2,2],"floor_reached":24,"playtime":831,"items_purged":["Doubt","Regret"],"score":382,"play_id":"4508a13c-18a6-4e13-a561-a8a576b01e44","local_time":"20190122144931","is_ascension_mode":true,"campfire_choices":[{"data":"Bane","floor":6,"key":"SMITH"},{"floor":11,"key":"REST"},{"data":"Noxious Fumes","floor":15,"key":"SMITH"},{"data":"Footwork","floor":23,"key":"SMITH"}],"neow_cost":"NO_GOLD","seed_source_timestamp":372147438037580,"circlet_count":0,"master_deck":["AscendersBane","Defend_G","Defend_G","Defend_G","Defend_G","Strike_G","Strike_G","Strike_G","Strike_G","Survivor","Neutralize","After Image","Deadly Poison","Bane+1","Caltrops","Bane","Noxious Fumes+1","Flash of Steel","Glass Knife","Doubt","Decay","Choke+1","Footwork+1"],"relics":["Ring of the Snake","Centennial Puzzle","Bottled Tornado","Oddly Smooth Stone","Calling Bell","Lantern","Paper Crane","Gambling Chip","Singing Bowl"],"potions_floor_usage":[7,16,18],"damage_taken":[{"damage":7,"enemies":"Small Slimes","floor":1,"turns":4},{"damage":4,"enemies":"Jaw Worm","floor":2,"turns":4},{"damage":0,"enemies":"Cultist","floor":3,"turns":3},{"damage":35,"enemies":"3 Sentries","floor":7,"turns":8},{"damage":5,"enemies":"Red Slaver","floor":8,"turns":3},{"damage":5,"enemies":"Blue Slaver","floor":10,"turns":3},{"damage":2,"enemies":"Looter","floor":14,"turns":3},{"damage":22,"enemies":"Hexaghost","floor":16,"turns":7},{"damage":7,"enemies":"Chosen","floor":18,"turns":4},{"damage":16,"enemies":"Spheric Guardian","floor":21,"turns":5},{"damage":38,"enemies":"Book of Stabbing","floor":24,"turns":4}],"seed_played":"4590767696225413080","potions_obtained":[{"floor":2,"key":"LiquidBronze"},{"floor":8,"key":"PowerPotion"},{"floor":10,"key":"Fire Potion"},{"floor":16,"key":"SteroidPotion"},{"floor":18,"key":"Explosive Potion"}],"is_trial":false,"path_per_floor":["M","M","M","?","T","R","E","M","T","M","R","?","$","M","R","B",null,"M","$","?","M","$","R","E"],"character_chosen":"THE_SILENT","items_purchased":["Flash of Steel","Footwork"],"campfire_rested":1,"item_purchase_floors":[13,22],"current_hp_per_floor":[52,48,48,48,48,48,13,8,8,3,22,38,38,36,36,14,53,46,46,46,32,32,32,0],"gold":2,"neow_bonus":"TRANSFORM_TWO_CARDS","is_prod":false,"is_daily":false,"chose_seed":false,"campfire_upgraded":3,"win_rate":0,"timestamp":1548186571,"path_taken":["M","M","M","?","?","R","E","M","T","M","R","?","$","M","R","BOSS","M","$","?","?","?","R","E"],"build_version":"2019-01-17v2","purchased_purges":2,"victory":false,"max_hp_per_floor":[66,66,66,66,66,66,66,66,66,66,66,66,66,66,66,66,66,66,66,66,68,68,68,68],"card_choices":[{"not_picked":["Dagger Spray","Slice"],"picked":"Bane","floor":1},{"not_picked":["Cloak And Dagger","Outmaneuver"],"picked":"Caltrops","floor":2},{"not_picked":["Prepared","Setup","Escape Plan"],"picked":"SKIP","floor":3},{"not_picked":["Dagger Spray","Expertise"],"picked":"Bane","floor":7},{"not_picked":["Masterful Stab","Bane"],"picked":"Noxious Fumes","floor":8},{"not_picked":["Sucker Punch","Bouncing Flask","Blade Dance"],"picked":"SKIP","floor":10},{"not_picked":["Choke","Tactician","Slice"],"picked":"SKIP","floor":14},{"not_picked":["Phantasmal Killer","Unload"],"picked":"Glass Knife","floor":16},{"not_picked":["Prepared","Dagger Spray"],"picked":"Choke+1","floor":18},{"not_picked":["Dash","Leg Sweep","Bane"],"picked":"Singing Bowl","floor":21}],"player_experience":802970,"relics_obtained":[{"floor":5,"key":"Centennial Puzzle"},{"floor":7,"key":"Bottled Tornado"},{"floor":9,"key":"Oddly Smooth Stone"},{"floor":17,"key":"Lantern"},{"floor":17,"key":"Paper Crane"},{"floor":17,"key":"Gambling Chip"}],"event_choices":[{"damage_healed":0,"gold_gain":150,"player_choice":"AGREE","damage_taken":0,"max_hp_gain":0,"max_hp_loss":0,"event_name":"Liars Game","floor":4,"gold_loss":0,"cards_obtained":["Doubt"]},{"damage_healed":16,"gold_gain":0,"player_choice":"Healed","damage_taken":0,"max_hp_gain":0,"max_hp_loss":0,"event_name":"The Cleric","floor":12,"gold_loss":35},{"damage_healed":0,"gold_gain":0,"player_choice":"Gave Potion","damage_taken":0,"relics_obtained":["Singing Bowl"],"max_hp_gain":0,"max_hp_loss":0,"event_name":"WeMeetAgain","floor":20,"gold_loss":0}],"is_beta":false,"boss_relics":[{"not_picked":["Orrery","Runic Dome"],"picked":"Calling Bell"}],"items_purged_floors":[13,19],"is_endless":false,"potions_floor_spawned":[2,8,10,14,16,18],"killed_by":"Book of Stabbing","ascension_level":19}