{"gold_per_floor":[115,115,130,55,55,55,65,65,65,65,84,101,113,188,188,188],"floor_reached":16,"playtime":363,"items_purged":["Strike_B"],"score":110,"play_id":"7a7eade3-a51a-4a77-9541-56829fdc4545","local_time":"20180625181625","is_ascension_mode":true,"campfire_choices":[{"data":"Reinforced Body","floor":6,"key":"SMITH"},{"data":"Heatsinks","floor":8,"key":"SMITH"},{"data":"Blizzard","floor":10,"key":"SMITH"},{"data":"Glacier","floor":15,"key":"SMITH"}],"neow_cost":"NONE","seed_source_timestamp":682655280485448,"circlet_count":0,"master_deck":["Strike_B","Strike_B","Defend_B","Defend_B","Defend_B","Zap","Dualcast","Blizzard+1","Heatsinks+1","Reinforced Body+1","White Noise","Loop","Glacier+1"],"relics":["Philosopher\u0027s Stone","Mercury Hourglass"],"potions_floor_usage":[13,13,16],"damage_taken":[{"damage":0,"enemies":"Small Slimes","floor":1,"turns":3},{"damage":2,"enemies":"Jaw Worm","floor":3,"turns":3},{"damage":0,"enemies":"Cultist","floor":7,"turns":4},{"damage":13,"enemies":"3 Louse","floor":11,"turns":3},{"damage":0,"enemies":"Exordium Wildlife","floor":12,"turns":3},{"damage":19,"enemies":"Lots of Slimes","floor":13,"turns":2},{"damage":31,"enemies":"The Guardian","floor":16,"turns":7}],"seed_played":"-6746459155356872282","potions_obtained":[{"floor":1,"key":"LiquidBronze"},{"floor":11,"key":"LiquidBronze"},{"floor":13,"key":"Block Potion"}],"is_trial":false,"path_per_floor":["M","?","M","$","?","R","M","R","T","R","M","M","M","?","R"],"character_chosen":"DEFECT","items_purchased":[],"campfire_rested":0,"item_purchase_floors":[],"current_hp_per_floor":[75,75,73,73,73,73,73,73,73,73,60,60,41,30,30,0],"gold":188,"neow_bonus":"BOSS_RELIC","is_prod":false,"is_daily":false,"chose_seed":false,"campfire_upgraded":4,"win_rate":0,"timestamp":1529921785,"path_taken":["M","?","M","$","?","R","M","R","T","R","?","?","M","?","R","BOSS"],"build_version":"2018-06-21v2","purchased_purges":1,"victory":false,"max_hp_per_floor":[75,75,75,75,75,75,75,75,75,75,75,75,75,75,75,75],"card_choices":[{"not_picked":["Go for the Eyes","Conserve Battery"],"picked":"Blizzard","floor":1},{"not_picked":["Stack","Streamline"],"picked":"Heatsinks","floor":3},{"not_picked":["Go for the Eyes","Redo"],"picked":"White Noise","floor":7},{"not_picked":["Steam","Fission","Auto Shields"],"picked":"SKIP","floor":11},{"not_picked":["Rebound","Beam Cell"],"picked":"Loop","floor":12},{"not_picked":["Hologram","Cold Snap"],"picked":"Glacier","floor":13}],"player_experience":269334,"relics_obtained":[{"floor":9,"key":"Mercury Hourglass"}],"event_choices":[{"event_name":"Living Wall","player_choice":"Forget","floor":2,"damage_taken":0},{"event_name":"Transmorgrifier","player_choice":"Transform","floor":5,"damage_taken":0},{"event_name":"World of Goop","player_choice":"Gather Gold","floor":14,"damage_taken":0}],"boss_relics":[],"items_purged_floors":[4],"is_endless":false,"potions_floor_spawned":[1,11,13],"killed_by":"The Guardian","ascension_level":4}