{"gold_per_floor":[111,111,122,137,191,218,237,247,247,212,212,224,80,95,95,197,197,209,209,209,221,221,221,250,79,104,104,66,77,95,112,112,112],"floor_reached":33,"playtime":1736,"items_purged":["Strike_R"],"score":282,"play_id":"5b966fbe-b02d-4fdb-99b5-cf6186000bec","local_time":"20190502121056","is_ascension_mode":true,"campfire_choices":[{"data":"Rampage","floor":11.0,"key":"SMITH"},{"floor":15.0,"key":"REST"},{"floor":23.0,"key":"REST"},{"floor":27.0,"key":"REST"},{"floor":32.0,"key":"REST"}],"neow_cost":"NONE","seed_source_timestamp":0,"circlet_count":0,"master_deck":["Strike_R+1","Strike_R+1","Strike_R+1","Defend_R+1","Defend_R+1","Defend_R+1","Defend_R+1","Bash","Cleave","Thunderclap","Carnage","Rampage+1","Entrench","Metallicize","Armaments","Exhume","Immolate","Rupture","Dropkick","Dual Wield","Bandage Up","Armaments","Battle Trance"],"special_seed":0,"relics":["Burning Blood","NeowsBlessing","The Courier","Ornamental Fan","Velvet Choker","Mercury Hourglass","Sundial","Anchor"],"potions_floor_usage":[33,33],"damage_taken":[{"damage":0.0,"enemies":"Small Slimes","floor":1.0,"turns":1.0},{"damage":0.0,"enemies":"Cultist","floor":3.0,"turns":1.0},{"damage":0.0,"enemies":"Jaw Worm","floor":4.0,"turns":1.0},{"damage":26.0,"enemies":"Lagavulin","floor":6.0,"turns":5.0},{"damage":0.0,"enemies":"Large Slime","floor":7.0,"turns":4.0},{"damage":11.0,"enemies":"Exordium Wildlife","floor":8.0,"turns":2.0},{"damage":29.0,"enemies":"Gremlin Gang","floor":12.0,"turns":4.0},{"damage":11.0,"enemies":"2 Fungi Beasts","floor":14.0,"turns":3.0},{"damage":62.0,"enemies":"The Guardian","floor":16.0,"turns":12.0},{"damage":11.0,"enemies":"Shell Parasite","floor":18.0,"turns":7.0},{"damage":24.0,"enemies":"Spheric Guardian","floor":21.0,"turns":4.0},{"damage":17.0,"enemies":"Colosseum Slavers","floor":22.0,"turns":4.0},{"damage":49.0,"enemies":"Slavers","floor":24.0,"turns":5.0},{"damage":14.0,"enemies":"Snake Plant","floor":29.0,"turns":5.0},{"damage":24.0,"enemies":"Sentry and Sphere","floor":30.0,"turns":7.0},{"damage":6.0,"enemies":"Snecko","floor":31.0,"turns":5.0},{"damage":84,"enemies":"Collector","floor":33,"turns":6}],"seed_played":"-6183437900670365466","potions_obtained":[{"floor":1.0,"key":"Swift Potion"},{"floor":3.0,"key":"Energy Potion"},{"floor":16.0,"key":"SteroidPotion"},{"floor":21.0,"key":"Energy Potion"},{"floor":31.0,"key":"SkillPotion"}],"is_trial":false,"path_per_floor":["M","?","M","M","?","E","M","M","T","?","R","M","$","M","R","B",null,"M","?","?","M","?","R","E","$","T","R","$","M","M","M","R","B"],"character_chosen":"IRONCLAD","items_purchased":["Armaments","SkillPotion","Bandage Up","Block Potion","Regen Potion","Armaments"],"campfire_rested":4,"item_purchase_floors":[13,13,25,25,25,28],"current_hp_per_floor":[80,80,80,80,80,60,66,61,61,80,80,57,57,52,76,20,80,75,75,75,57,46,70,27,27,27,51,51,59,49,49,73,0],"gold":112,"neow_bonus":"THREE_ENEMY_KILL","is_prod":false,"is_daily":false,"chose_seed":false,"campfire_upgraded":1,"win_rate":0,"timestamp":1556813456,"path_taken":["M","?","?","M","?","E","M","M","T","?","R","M","$","M","R","BOSS","M","?","?","M","?","R","E","$","T","R","$","?","?","M","R","BOSS"],"build_version":"2019-01-23","purchased_purges":1,"victory":false,"max_hp_per_floor":[80,80,80,80,80,80,80,80,80,80,80,80,80,80,80,80,80,80,80,80,80,80,80,80,80,80,80,80,80,80,80,80,80],"card_choices":[{"not_picked":["Sentinel","Twin Strike"],"picked":"Cleave","floor":1.0},{"not_picked":["Perfected Strike","Warcry"],"picked":"Thunderclap","floor":3.0},{"not_picked":["Cleave","Bloodletting"],"picked":"Carnage","floor":4.0},{"not_picked":["Uppercut","True Grit"],"picked":"Rampage","floor":6.0},{"not_picked":["Thunderclap","Sever Soul"],"picked":"Entrench","floor":7.0},{"not_picked":["Flex","Headbutt","Havoc"],"picked":"SKIP","floor":8.0},{"not_picked":["Clash","Ghostly Armor"],"picked":"Metallicize","floor":12.0},{"not_picked":["Second Wind","Headbutt"],"picked":"Exhume","floor":14.0},{"not_picked":["Exhume","Double Tap"],"picked":"Immolate","floor":16.0},{"not_picked":["Wild Strike+1","Headbutt"],"picked":"Rupture","floor":18.0},{"not_picked":["Shockwave","Sever Soul"],"picked":"Dropkick","floor":21.0},{"not_picked":["Cleave","Shrug It Off"],"picked":"Dual Wield","floor":24.0},{"not_picked":["Pommel Strike","Flex","Sword Boomerang+1"],"picked":"SKIP","floor":29.0},{"not_picked":["Searing Blow","Entrench","Second Wind"],"picked":"SKIP","floor":30.0},{"not_picked":["Pommel Strike","Wild Strike+1"],"picked":"Battle Trance","floor":31.0}],"player_experience":60223,"relics_obtained":[{"floor":6.0,"key":"The Courier"},{"floor":9.0,"key":"Ornamental Fan"},{"floor":24.0,"key":"Sundial"},{"floor":26.0,"key":"Anchor"}],"event_choices":[{"cards_removed":["Strike_R"],"damage_healed":0.0,"max_hp_gain":0.0,"max_hp_loss":0.0,"gold_gain":0.0,"event_name":"Purifier","player_choice":"Purged","floor":2.0,"gold_loss":0.0,"damage_taken":0.0},{"damage_healed":0.0,"max_hp_gain":0.0,"max_hp_loss":0.0,"gold_gain":54.0,"event_name":"Golden Wing","player_choice":"Gained Gold","floor":5.0,"gold_loss":0.0,"damage_taken":0.0},{"damage_healed":20.0,"max_hp_gain":0.0,"max_hp_loss":0.0,"gold_gain":0.0,"event_name":"The Cleric","player_choice":"Healed","floor":10.0,"gold_loss":35.0,"damage_taken":0.0},{"damage_healed":0.0,"max_hp_gain":0.0,"max_hp_loss":0.0,"gold_gain":0.0,"event_name":"The Mausoleum","player_choice":"Opened","floor":19.0,"gold_loss":0.0,"damage_taken":0.0,"relics_obtained":["Mercury Hourglass"]},{"damage_healed":0.0,"max_hp_gain":0.0,"max_hp_loss":0.0,"gold_gain":0.0,"event_name":"Back to Basics","player_choice":"Simplicity","floor":20.0,"gold_loss":0.0,"damage_taken":0.0,"cards_upgraded":["Strike_R","Strike_R","Strike_R","Defend_R","Defend_R","Defend_R","Defend_R"]},{"damage_healed":0.0,"max_hp_gain":0.0,"max_hp_loss":0.0,"gold_gain":0.0,"event_name":"Colosseum","player_choice":"Fight","floor":22.0,"gold_loss":0.0,"damage_taken":0.0},{"damage_healed":0.0,"max_hp_gain":0.0,"max_hp_loss":0.0,"gold_gain":0.0,"event_name":"Colosseum","player_choice":"Fled From Nobs","floor":22.0,"gold_loss":0.0,"damage_taken":0.0}],"is_beta":false,"boss_relics":[{"not_picked":["Mark of Pain","Ectoplasm"],"picked":"Velvet Choker"}],"items_purged_floors":[13],"is_endless":false,"potions_floor_spawned":[1,3,16,21,22,31],"killed_by":"Collector","ascension_level":1}