{"path_per_floor":["M","M","M","M","T","R","E","M","T","$","R","M","R","M","R","B",null,"M","?","M","$","?","E","R","E","T","?","R","M","R","$","R","B",null,"M","$","M","M","M","E","R","?","T","R","M","M","M","M","R","B"],"character_chosen":"DEFECT","items_purchased":["Capacitor","Static Discharge","Undo","Master of Strategy"],"gold_per_floor":[12,23,38,56,56,56,89,101,175,52,52,70,70,87,87,188,218,235,235,252,111,111,137,137,162,211,211,211,224,224,124,124,229,229,249,36,50,61,81,109,109,109,182,182,196,213,223,235,235,235],"floor_reached":51,"campfire_rested":4,"playtime":2555,"current_hp_per_floor":[74,74,72,70,70,70,47,53,53,53,53,53,53,55,55,11,80,72,56,33,33,33,24,51,27,27,27,54,48,75,75,75,48,92,83,83,80,83,79,33,60,60,60,60,76,59,49,80,80,80],"items_purged":["Strike_B","Decay"],"gold":235,"score":847,"play_id":"127443fc-7a30-44c1-80ad-f8c0c37aec9d","local_time":"20180511073343","is_prod":false,"is_daily":false,"chose_seed":false,"is_ascension_mode":true,"campfire_upgraded":7,"timestamp":1526038423,"path_taken":["M","M","M","M","?","R","E","M","T","$","R","M","R","M","R","BOSS","M","?","M","$","?","E","R","E","T","?","R","?","R","$","R","BOSS","M","$","M","M","M","E","R","?","T","R","M","?","M","M","R","BOSS"],"build_version":"2018-05-10","seed_source_timestamp":134288559992297,"purchased_purges":3,"victory":true,"master_deck":["Strike_B","Strike_B","Defend_B","Defend_B","Defend_B","Zap+1","Dualcast+1","Leap+1","Streamline+1","Self Repair","Steam Power","Doom and Gloom+1","Capacitor+1","Echo Form+1","Coolheaded+1","Reboot+1","Barrage+1","FTL+1","Static Discharge+1","Undo+1","Chill+1","Buffer+1","Master of Strategy","Barrage+1","Self Repair+1","Hologram+1","Glacier+1"],"max_hp_per_floor":[75,75,75,75,75,75,75,75,75,75,75,75,75,75,75,75,80,80,80,85,85,85,92,92,92,92,92,92,92,92,92,92,92,92,92,92,92,92,92,92,92,92,92,92,92,92,92,92,92,92],"relics":["Cracked Core","Frozen Egg 2","Mercury Hourglass","Ornamental Fan","Tiny House","Nilry\u0027s Codex","Strawberry","Anchor","War Paint","Sozu","Bird Faced Urn","Darkstone Periapt"],"card_choices":[{"not_picked":["Beam Cell","Axe Kick"],"picked":"Leap","floor":1},{"not_picked":["Beam Cell","Leap"],"picked":"Streamline","floor":2},{"not_picked":["Steam Power","Beam Cell"],"picked":"Self Repair","floor":3},{"not_picked":["Axe Kick","Stack"],"picked":"Steam Power","floor":4},{"not_picked":["Ball Lightning","Leap"],"picked":"Doom and Gloom","floor":7},{"not_picked":["Cold Snap","Rip and Tear"],"picked":"Echo Form","floor":12},{"not_picked":["Sweeping Beam","Rebound"],"picked":"Coolheaded","floor":14},{"not_picked":["Fusion","Echo Form"],"picked":"Reboot","floor":16},{"not_picked":["Rebound","Steam"],"picked":"Barrage","floor":17},{"not_picked":["Hologram","Go for the Eyes"],"picked":"FTL","floor":18},{"not_picked":["Thunder Strike","Barrage"],"picked":"Chill","floor":29},{"not_picked":["Nova","Multi-Cast"],"picked":"Buffer","floor":33},{"not_picked":["Axe Kick","Skim"],"picked":"Barrage","floor":37},{"not_picked":["Barrage","Heatsinks"],"picked":"Self Repair","floor":39},{"not_picked":["Hyperbeam","Scrape"],"picked":"Hologram","floor":40},{"not_picked":["Chill","Steam Power"],"picked":"Glacier","floor":48}],"player_experience":68361,"potions_floor_usage":[14,16,16,20,23,23,23,23,23,25,37,50,50],"damage_taken":[{"damage":1,"enemies":"Cultist","floor":1,"turns":4},{"damage":0,"enemies":"2 Louse","floor":2,"turns":3},{"damage":2,"enemies":"Jaw Worm","floor":3,"turns":3},{"damage":9,"enemies":"3 Louse","floor":4,"turns":3},{"damage":30,"enemies":"Lagavulin","floor":7,"turns":6},{"damage":1,"enemies":"Exordium Wildlife","floor":8,"turns":3},{"damage":7,"enemies":"Exordium Thugs","floor":12,"turns":4},{"damage":5,"enemies":"Red Slaver","floor":14,"turns":2},{"damage":44,"enemies":"Hexaghost","floor":16,"turns":10},{"damage":15,"enemies":"Chosen","floor":18,"turns":5},{"damage":28,"enemies":"2 Thieves","floor":20,"turns":3},{"damage":29,"enemies":"Slavers","floor":23,"turns":3},{"damage":31,"enemies":"Gremlin Leader","floor":25,"turns":6},{"damage":13,"enemies":"3 Cultists","floor":29,"turns":4},{"damage":34,"enemies":"Champ","floor":33,"turns":9},{"damage":9,"enemies":"Flame Bruiser 1 Orb","floor":35,"turns":6},{"damage":3,"enemies":"3 Shapes","floor":37,"turns":3},{"damage":19,"enemies":"Spire Growth","floor":38,"turns":5},{"damage":18,"enemies":"Sphere and 2 Shapes","floor":39,"turns":4},{"damage":53,"enemies":"2 Orb Walkers","floor":40,"turns":4},{"damage":22,"enemies":"Flame Bruiser 2 Orb","floor":45,"turns":6},{"damage":25,"enemies":"Spire Growth","floor":46,"turns":5},{"damage":18,"enemies":"3 Darklings","floor":47,"turns":4},{"damage":19,"enemies":"Maw","floor":48,"turns":8},{"damage":23,"enemies":"Donu and Deca","floor":50,"turns":8}],"event_choices":[{"event_name":"Cursed Tome","player_choice":"Obtained Book","floor":19,"damage_taken":0},{"event_name":"The Lab","player_choice":"Got Potions","floor":22,"damage_taken":0},{"event_name":"Forgotten Altar","player_choice":"Smashed Altar","floor":27,"damage_taken":0},{"event_name":"Mysterious Sphere","player_choice":"Ignore","floor":42,"damage_taken":0}],"boss_relics":[{"not_picked":["Snecko Eye","Velvet Choker"],"picked":"Tiny House"},{"not_picked":["Calling Bell","Cursed Key"],"picked":"Sozu"}],"potions_floor_spawned":[4,7,12,23,29,33,39,45,46,47],"seed_played":"5760491850220557520","ascension_level":3,"is_trial":false}