{"gold_per_floor":[112,130,62,77,77,107,118,118,118,137,167],"floor_reached":11,"playtime":496,"items_purged":[],"score":83,"play_id":"6b7235e2-269b-485c-b1f3-84cbba416929","local_time":"20180718025217","is_ascension_mode":true,"campfire_choices":[{"data":"Self Repair","floor":8,"key":"SMITH"}],"neow_cost":"TEN_PERCENT_HP_LOSS","seed_source_timestamp":531024692570589,"circlet_count":0,"master_deck":["Strike_B","Strike_B","Strike_B","Defend_B","Defend_B","Defend_B","Defend_B","Zap","Dualcast","Self Repair+1","Capacitor","Fusion","BootSequence"],"relics":["Cracked Core","Gambling Chip","Dodecahedron","Sundial"],"potions_floor_usage":[6,6],"damage_taken":[{"damage":1,"enemies":"Cultist","floor":1,"turns":3},{"damage":0,"enemies":"Small Slimes","floor":2,"turns":4},{"damage":4,"enemies":"2 Louse","floor":4,"turns":3},{"damage":14,"enemies":"3 Sentries","floor":6,"turns":6},{"damage":18,"enemies":"Lots of Slimes","floor":7,"turns":4},{"damage":12,"enemies":"Looter","floor":10,"turns":3},{"damage":66,"enemies":"Gremlin Nob","floor":11,"turns":5}],"seed_played":"-264323894804650820","potions_obtained":[{"floor":2,"key":"FocusPotion"},{"floor":4,"key":"PowerPotion"}],"is_trial":false,"path_per_floor":["M","M","$","M","?","E","M","R","T","M"],"character_chosen":"DEFECT","items_purchased":["Self Repair"],"campfire_rested":0,"item_purchase_floors":[3],"current_hp_per_floor":[67,67,67,68,68,61,43,43,43,41,0],"gold":167,"neow_bonus":"ONE_RARE_RELIC","is_prod":false,"is_daily":false,"chose_seed":false,"campfire_upgraded":1,"win_rate":0,"timestamp":1531875137,"path_taken":["M","M","$","?","?","E","M","R","T","?","?"],"build_version":"2018-07-12","purchased_purges":0,"victory":false,"max_hp_per_floor":[68,68,68,68,68,68,68,68,68,68,68],"card_choices":[{"not_picked":["Turbo","Stack","Leap"],"picked":"SKIP","floor":1},{"not_picked":["Sweeping Beam","Ball Lightning","Streamline"],"picked":"SKIP","floor":2},{"not_picked":["FTL","Ball Lightning","White Noise"],"picked":"SKIP","floor":4},{"not_picked":["Heatsinks","White Noise"],"picked":"Capacitor","floor":6},{"not_picked":["Turbo","Go for the Eyes"],"picked":"Fusion","floor":7},{"not_picked":["Turbo","Barrage"],"picked":"BootSequence","floor":10}],"player_experience":313159,"relics_obtained":[{"floor":6,"key":"Dodecahedron"},{"floor":9,"key":"Sundial"}],"event_choices":[{"event_name":"Living Wall","player_choice":"Forget","floor":5,"damage_taken":0},{"event_name":"Dead Adventurer","player_choice":"Searched \u00272\u0027 times","floor":11,"damage_taken":0}],"boss_relics":[],"items_purged_floors":[],"is_endless":false,"potions_floor_spawned":[2,4,11],"killed_by":"Gremlin Nob","ascension_level":2}