{"gold_per_floor":[109,109,126,140,152,181,193,215,279,318,346,358,396,461,473,586,598,626,655,138,138,151,151,186,186,210,210,225,225,245,272,272,374,374,388,402,747,847,434,434,451,469,469,469,5,5,37,54,54,54],"floor_reached":50,"playtime":4118,"items_purged":["Normality","Shame"],"score":662,"play_id":"44ebe532-d3c0-482a-bfa7-203d420d2565","local_time":"20190104223721","is_ascension_mode":true,"campfire_choices":[{"data":"Whirlwind","floor":7,"key":"SMITH"},{"floor":15,"key":"REST"},{"floor":23,"key":"REST"},{"data":"Flame Barrier","floor":29,"key":"SMITH"},{"floor":32,"key":"REST"},{"floor":40,"key":"REST"},{"floor":44,"key":"REST"},{"floor":46,"key":"REST"},{"floor":49,"key":"REST"}],"neow_cost":"CURSE","seed_source_timestamp":78683764886296,"circlet_count":0,"master_deck":["Strike_R","Strike_R","Strike_R","Strike_R","Strike_R","Defend_R","Defend_R","Defend_R","Defend_R","Bash","Injury","Cleave","Rampage","Armaments","Whirlwind+1","Clothesline","Reaper","Cleave+1","Metallicize","Twin Strike+1","Double Tap","Writhe","Shrug It Off","Headbutt+1","Ghostly Armor","Flame Barrier+1","Heavy Blade+1","Berserk","Power Through+1","Parasite","Flex","Iron Wave+1","Inflame"],"relics":["Burning Blood","Du-Vu Doll","MawBank","Strawberry","Molten Egg 2","Red Skull","Calling Bell","Potion Belt","Dodecahedron","WingedGreaves","HandDrill","Gremlin Horn","Orichalcum","Vajra","PreservedInsect","Black Star","Old Coin","Thread and Needle","Toxic Egg 2","Mercury Hourglass","Pen Nib","Mango","Bag of Marbles"],"potions_floor_usage":[5,6,6,13,16,22,24,28,37,37,42,47,48],"damage_taken":[{"damage":4,"enemies":"Small Slimes","floor":1,"turns":4},{"damage":0,"enemies":"Cultist","floor":3,"turns":2},{"damage":2,"enemies":"Jaw Worm","floor":4,"turns":3},{"damage":8,"enemies":"Blue Slaver","floor":5,"turns":4},{"damage":7,"enemies":"Gremlin Nob","floor":6,"turns":3},{"damage":15,"enemies":"Lots of Slimes","floor":8,"turns":3},{"damage":25,"enemies":"3 Sentries","floor":10,"turns":5},{"damage":13,"enemies":"Exordium Wildlife","floor":11,"turns":3},{"damage":26,"enemies":"Lagavulin","floor":13,"turns":5},{"damage":54,"enemies":"Hexaghost","floor":16,"turns":13},{"damage":3,"enemies":"Chosen","floor":18,"turns":4},{"damage":13,"enemies":"Spheric Guardian","floor":19,"turns":4},{"damage":22,"enemies":"3 Cultists","floor":22,"turns":4},{"damage":35,"enemies":"Slavers","floor":24,"turns":5},{"damage":0,"enemies":"Cultist and Chosen","floor":28,"turns":4},{"damage":14,"enemies":"Snake Plant","floor":30,"turns":3},{"damage":41,"enemies":"Book of Stabbing","floor":31,"turns":6},{"damage":57,"enemies":"Collector","floor":33,"turns":9},{"damage":6,"enemies":"3 Shapes","floor":35,"turns":3},{"damage":1,"enemies":"Orb Walker","floor":36,"turns":3},{"damage":70,"enemies":"2 Orb Walkers","floor":37,"turns":7},{"damage":18,"enemies":"Writhing Mass","floor":41,"turns":9},{"damage":32,"enemies":"Sphere and 2 Shapes","floor":42,"turns":9},{"damage":22,"enemies":"Reptomancer","floor":47,"turns":4},{"damage":32,"enemies":"Transient","floor":48,"turns":5},{"damage":156,"enemies":"Awakened One","floor":50,"turns":12}],"seed_played":"3839998458373714615","potions_obtained":[{"floor":2,"key":"SteroidPotion"},{"floor":2,"key":"FearPotion"},{"floor":2,"key":"SneckoOil"},{"floor":4,"key":"Strength Potion"},{"floor":5,"key":"FairyPotion"},{"floor":8,"key":"FearPotion"},{"floor":10,"key":"FearPotion"},{"floor":16,"key":"Dexterity Potion"},{"floor":22,"key":"Poison Potion"},{"floor":24,"key":"Block Potion"},{"floor":33,"key":"Regen Potion"},{"floor":35,"key":"Swift Potion"},{"floor":41,"key":"Poison Potion"},{"floor":42,"key":"GamblersBrew"},{"floor":47,"key":"SkillPotion"}],"is_trial":false,"path_per_floor":["M","?","M","M","M","E","R","M","T","E","M","$","E","?","R","B",null,"M","M","$","?","M","R","E","?","T","?","M","R","M","E","R","B",null,"M","M","?","?","$","R","M","M","T","R","$","R","E","M","R","B"],"character_chosen":"IRONCLAD","items_purchased":["HandDrill","Gremlin Horn","Thread and Needle","Mercury Hourglass","Pen Nib","Inflame"],"campfire_rested":7,"item_purchase_floors":[20,20,39,45,45,45],"current_hp_per_floor":[80,80,80,80,78,77,77,68,75,66,59,59,39,39,65,25,87,87,80,80,80,64,84,69,69,69,69,84,84,76,41,66,33,84,84,84,34,34,34,59,47,21,21,46,46,71,76,65,94,0],"gold":54,"neow_bonus":"ONE_RARE_RELIC","is_prod":false,"is_daily":false,"chose_seed":false,"campfire_upgraded":2,"win_rate":0,"timestamp":1546637841,"path_taken":["M","?","M","M","?","E","R","M","T","E","M","$","E","?","R","BOSS","M","M","$","?","?","R","E","?","T","?","?","R","M","E","R","BOSS","M","M","?","?","$","R","M","?","T","R","$","R","E","M","R","BOSS"],"build_version":"2019-01-03v4","purchased_purges":2,"victory":false,"max_hp_per_floor":[80,80,80,80,80,80,80,80,87,87,87,87,87,87,87,87,87,87,87,87,84,84,84,84,84,84,84,84,84,84,84,84,84,84,84,84,84,84,84,84,84,84,84,84,84,84,98,98,98,98],"card_choices":[{"not_picked":["Pummel","Burning Pact"],"picked":"Cleave","floor":1},{"not_picked":["Heavy Blade","Body Slam"],"picked":"Rampage","floor":3},{"not_picked":["Dual Wield","Body Slam"],"picked":"Armaments","floor":4},{"not_picked":["Pommel Strike","Armaments"],"picked":"Whirlwind","floor":5},{"not_picked":["Infernal Blade","Armaments"],"picked":"Clothesline","floor":6},{"not_picked":["Sword Boomerang","Body Slam"],"picked":"Reaper","floor":8},{"not_picked":["Blood for Blood","Reckless Charge"],"picked":"Cleave","floor":10},{"not_picked":["Wild Strike+1","Sever Soul+1"],"picked":"Metallicize","floor":11},{"not_picked":["Pommel Strike+1","Fiend Fire+1"],"picked":"Twin Strike+1","floor":13},{"not_picked":["Juggernaut","Exhume"],"picked":"Double Tap","floor":16},{"not_picked":["Havoc","Twin Strike+1"],"picked":"Shrug It Off","floor":18},{"not_picked":["Havoc","Warcry"],"picked":"Headbutt+1","floor":19},{"not_picked":["Headbutt+1","Perfected Strike+1","Anger+1"],"picked":"SKIP","floor":22},{"not_picked":["Perfected Strike+1","Twin Strike+1"],"picked":"Ghostly Armor","floor":24},{"not_picked":["Perfected Strike+1","Reaper+1","Thunderclap+1"],"picked":"SKIP","floor":28},{"not_picked":["Anger+1","Battle Trance"],"picked":"Heavy Blade+1","floor":30},{"not_picked":["Warcry+1","Offering","Havoc"],"picked":"SKIP","floor":31},{"not_picked":["Feed+1","Bludgeon+1"],"picked":"Berserk","floor":33},{"not_picked":["Pommel Strike+1","Clothesline+1","Havoc"],"picked":"SKIP","floor":35},{"not_picked":["Blood for Blood+1","Infernal Blade+1"],"picked":"Power Through+1","floor":36},{"not_picked":["Bloodletting","Perfected Strike+1"],"picked":"Flex","floor":41},{"not_picked":["Seeing Red+1","Heavy Blade+1"],"picked":"Iron Wave+1","floor":42},{"not_picked":["Iron Wave+1","Heavy Blade+1","Twin Strike+1"],"picked":"SKIP","floor":47},{"not_picked":["Warcry+1","Headbutt+1","Rampage+1"],"picked":"SKIP","floor":48}],"player_experience":287546,"relics_obtained":[{"floor":6,"key":"MawBank"},{"floor":9,"key":"Strawberry"},{"floor":10,"key":"Molten Egg 2"},{"floor":13,"key":"Red Skull"},{"floor":17,"key":"Potion Belt"},{"floor":17,"key":"Dodecahedron"},{"floor":17,"key":"WingedGreaves"},{"floor":24,"key":"Orichalcum"},{"floor":26,"key":"Vajra"},{"floor":31,"key":"PreservedInsect"},{"floor":37,"key":"Old Coin"},{"floor":43,"key":"Toxic Egg 2"},{"floor":47,"key":"Mango"},{"floor":47,"key":"Bag of Marbles"}],"event_choices":[{"damage_healed":0,"gold_gain":0,"player_choice":"Got Potions","damage_taken":0,"max_hp_gain":0,"max_hp_loss":0,"event_name":"Lab","floor":2,"gold_loss":0},{"damage_healed":0,"gold_gain":53,"player_choice":"Gained Gold","damage_taken":0,"max_hp_gain":0,"max_hp_loss":0,"event_name":"Golden Wing","floor":14,"gold_loss":0},{"damage_healed":0,"gold_gain":0,"cards_transformed":["Parasite"],"player_choice":"Transformed","damage_taken":0,"max_hp_gain":0,"max_hp_loss":0,"event_name":"Transmorgrifier","floor":21,"gold_loss":0,"cards_obtained":["Shame"]},{"damage_healed":0,"gold_gain":0,"player_choice":"Ignored","damage_taken":0,"max_hp_gain":0,"max_hp_loss":0,"event_name":"Ghosts","floor":25,"gold_loss":0},{"damage_healed":0,"gold_gain":0,"player_choice":"1 cards matched","damage_taken":0,"max_hp_gain":0,"max_hp_loss":0,"event_name":"Match and Keep!","floor":27,"gold_loss":0,"cards_obtained":["Flame Barrier"]},{"damage_healed":0,"gold_gain":0,"player_choice":"1 cards matched","damage_taken":0,"max_hp_gain":0,"max_hp_loss":0,"event_name":"Match and Keep!","floor":27,"gold_loss":0,"cards_obtained":["Flame Barrier"]},{"damage_healed":0,"gold_gain":0,"player_choice":"Fight","damage_taken":0,"max_hp_gain":0,"max_hp_loss":0,"event_name":"Mysterious Sphere","floor":37,"gold_loss":0},{"damage_healed":0,"gold_gain":100,"player_choice":"Pray","damage_taken":0,"max_hp_gain":0,"max_hp_loss":0,"event_name":"Golden Shrine","floor":38,"gold_loss":0}],"is_beta":false,"boss_relics":[{"not_picked":["Eternal Feather","White Beast Statue"],"picked":"Calling Bell"},{"not_picked":["Velvet Choker","Snecko Eye"],"picked":"Black Star"}],"items_purged_floors":[20,39],"is_endless":false,"potions_floor_spawned":[4,5,8,10,16,22,24,33,35,41,42,47],"killed_by":"Awakened One","ascension_level":3}