{"path_per_floor":["M","M","$","M","?","R","E","?","T","$","M","?","M"],"character_chosen":"IRONCLAD","items_purchased":["Flex"],"gold_per_floor":[119,133,32,49,14,14,49,124,124,24,36,36,49,49],"floor_reached":14,"campfire_rested":0,"playtime":305,"item_purchase_floors":[3],"current_hp_per_floor":[41,46,46,44,64,64,30,19,19,19,18,18,24,0],"items_purged":["Strike_R","Strike_R"],"gold":49,"score":113,"play_id":"b9616976-f1e4-4b6b-a20c-baf5bd071413","local_time":"20180617225434","is_prod":false,"is_daily":false,"chose_seed":false,"is_ascension_mode":true,"campfire_upgraded":1,"win_rate":0,"timestamp":1529247274,"campfire_choices":[{"data":"Sword Boomerang","floor":6,"key":"SMITH"}],"path_taken":["M","M","$","M","?","R","E","?","T","$","?","?","M","E"],"build_version":"2018-06-14v2","seed_source_timestamp":8142277312934,"purchased_purges":2,"victory":false,"master_deck":["Strike_R","Strike_R","Strike_R","Defend_R","Defend_R","Defend_R","Defend_R","Bash","Flex+1","Sword Boomerang+1","Sentinel"],"max_hp_per_floor":[80,80,80,80,80,80,80,80,80,80,80,80,80,80],"relics":["Burning Blood","Turnip","Dead Branch","Peace Pipe"],"card_choices":[{"not_picked":["Pommel Strike","Armaments","Havoc"],"picked":"SKIP","floor":1},{"not_picked":["Battle Trance","Anger","Burning Pact"],"picked":"SKIP","floor":2},{"not_picked":["Body Slam","Pommel Strike"],"picked":"Sword Boomerang","floor":4},{"not_picked":["True Grit","Clash"],"picked":"Sentinel","floor":7},{"not_picked":["Rage","Blood for Blood","Havoc"],"picked":"SKIP","floor":11},{"not_picked":["Carnage","Armaments","Body Slam"],"picked":"SKIP","floor":13}],"player_experience":264249,"potions_floor_usage":[7],"damage_taken":[{"damage":5,"enemies":"2 Louse","floor":1,"turns":4},{"damage":1,"enemies":"Cultist","floor":2,"turns":3},{"damage":8,"enemies":"Jaw Worm","floor":4,"turns":4},{"damage":40,"enemies":"Lagavulin","floor":7,"turns":4},{"damage":7,"enemies":"Looter","floor":11,"turns":3},{"damage":0,"enemies":"Red Slaver","floor":13,"turns":1},{"damage":26,"enemies":"3 Sentries","floor":14,"turns":5}],"relics_obtained":[{"floor":7,"key":"Dead Branch"},{"floor":9,"key":"Peace Pipe"}],"event_choices":[{"event_name":"The Cleric","player_choice":"Healed","floor":5,"damage_taken":0},{"event_name":"World of Goop","player_choice":"Gather Gold","floor":8,"damage_taken":0},{"event_name":"Accursed Blacksmith","player_choice":"Forge","floor":12,"damage_taken":0}],"boss_relics":[],"items_purged_floors":[3,10],"is_endless":false,"potions_floor_spawned":[1,2],"seed_played":"-2878022609828700255","killed_by":"3 Sentries","ascension_level":5,"potions_obtained":[{"floor":1,"key":"Energy Potion"},{"floor":2,"key":"Poison Potion"}],"is_trial":false}