{"gold_per_floor":[109,109,109,127,127,127,161,86,86,86,86,97,8,8,8,81,81,96,96],"floor_reached":19,"playtime":799,"items_purged":["Regret"],"score":376,"play_id":"24c1c36a-e952-4974-a743-a8e7e9f754ac","local_time":"20190310130709","is_ascension_mode":true,"campfire_choices":[{"data":"Gash","floor":6.0,"key":"SMITH"},{"data":"Biased Cognition","floor":11.0,"key":"SMITH"},{"data":"Rainbow","floor":15.0,"key":"SMITH"}],"neow_cost":"NONE","seed_source_timestamp":0,"circlet_count":0,"master_deck":["AscendersBane","Strike_B","Strike_B","Strike_B","Strike_B","Defend_B","Defend_B","Defend_B","Defend_B","Zap+1","Dualcast","Gash+1","Biased Cognition+1","Rebound+1","Rainbow+1","Echo Form","Defragment"],"special_seed":0,"relics":["Cracked Core","NeowsBlessing","Blood Vial","Juzu Bracelet","Molten Egg 2","Cursed Key"],"potions_floor_usage":[19],"damage_taken":[{"damage":0.0,"enemies":"2 Louse","floor":1.0,"turns":1.0},{"damage":0.0,"enemies":"Small Slimes","floor":4.0,"turns":1.0},{"damage":0.0,"enemies":"3 Sentries","floor":7.0,"turns":1.0},{"damage":7.0,"enemies":"Jaw Worm","floor":12.0,"turns":3.0},{"damage":36,"enemies":"Slime Boss","floor":16,"turns":11},{"damage":7,"enemies":"Chosen","floor":18,"turns":3},{"damage":34,"enemies":"Shell Parasite","floor":19,"turns":4}],"seed_played":"1285777781259715053","potions_obtained":[{"floor":4.0,"key":"PowerPotion"},{"floor":18,"key":"FocusPotion"}],"is_trial":false,"path_per_floor":["M","?","?","M","?","R","E","$","T","?","R","M","$","?","R","B",null,"M","M"],"character_chosen":"DEFECT","items_purchased":["Rainbow"],"campfire_rested":0,"item_purchase_floors":[13],"current_hp_per_floor":[64,64,64,66,66,66,68,68,68,68,68,63,63,63,63,29,61,56,24],"gold":96,"neow_bonus":"THREE_ENEMY_KILL","is_prod":false,"is_daily":false,"chose_seed":false,"campfire_upgraded":3,"win_rate":0,"timestamp":1552237629,"path_taken":["M","?","?","M","?","R","E","$","T","?","R","M","$","?","R","BOSS","M","M"],"build_version":"2019-01-23","purchased_purges":1,"victory":false,"max_hp_per_floor":[71,71,71,71,71,71,71,71,71,71,71,71,71,71,71,71,71,71,71],"card_choices":[{"not_picked":["Streamline","Leap","Redo"],"picked":"SKIP","floor":1.0},{"not_picked":["Reboot","Scrape"],"picked":"Gash","floor":4.0},{"not_picked":["Undo","Go for the Eyes"],"picked":"Biased Cognition","floor":7.0},{"not_picked":["Compile Driver+1","Coolheaded"],"picked":"Rebound+1","floor":12.0},{"not_picked":["Machine Learning","Reboot"],"picked":"Echo Form","floor":16},{"not_picked":["Chill","Hologram"],"picked":"Defragment","floor":18}],"player_experience":866610,"relics_obtained":[{"floor":7.0,"key":"Juzu Bracelet"},{"floor":9.0,"key":"Molten Egg 2"}],"event_choices":[{"damage_healed":0.0,"max_hp_gain":0.0,"max_hp_loss":0.0,"gold_gain":0.0,"event_name":"Big Fish","player_choice":"Box","floor":2.0,"gold_loss":0.0,"damage_taken":0.0,"relics_obtained":["Blood Vial"],"cards_obtained":["Regret"]},{"damage_healed":0.0,"max_hp_gain":0.0,"max_hp_loss":0.0,"gold_gain":0.0,"event_name":"Living Wall","player_choice":"Grow","floor":3.0,"gold_loss":0.0,"damage_taken":0.0,"cards_upgraded":["Zap"]},{"damage_healed":0.0,"max_hp_gain":0.0,"max_hp_loss":0.0,"gold_gain":0.0,"event_name":"Shining Light","player_choice":"Ignored","floor":5.0,"gold_loss":0.0,"damage_taken":0.0},{"damage_healed":0.0,"max_hp_gain":0.0,"max_hp_loss":0.0,"gold_gain":0.0,"event_name":"Golden Wing","player_choice":"Ignored","floor":10.0,"gold_loss":0.0,"damage_taken":0.0},{"damage_healed":0.0,"max_hp_gain":0.0,"max_hp_loss":0.0,"gold_gain":0.0,"event_name":"The Cleric","player_choice":"Leave","floor":14.0,"gold_loss":0.0,"damage_taken":0.0}],"is_beta":false,"boss_relics":[{"not_picked":["Velvet Choker","Black Star"],"picked":"Cursed Key"}],"items_purged_floors":[8],"is_endless":false,"potions_floor_spawned":[4,18],"killed_by":"Shell Parasite","ascension_level":20}