{"gold_per_floor":[118,25,36,46,46,74,74,104,130,149,149,163,163,173,173,277,277,293,293,293,312,312,312,7,21,51,71,71,71,35,117,117,215,215,235,251,251,265,278,278,29,39,39,53,64,87,51,78,78,78],"floor_reached":50,"playtime":2788,"items_purged":["Pain","Normality"],"score":529,"play_id":"318623c3-44a4-4f8d-ade5-3566278cf695","local_time":"20190501213938","is_ascension_mode":false,"campfire_choices":[{"floor":7,"key":"RECALL"},{"floor":11,"key":"REST"},{"data":"Buffer","floor":15,"key":"SMITH"},{"floor":23,"key":"REST"},{"floor":29,"key":"REST"},{"floor":32,"key":"REST"},{"floor":40,"key":"REST"},{"floor":49,"key":"REST"}],"neow_cost":"NONE","seed_source_timestamp":459179479629095,"circlet_count":0,"master_deck":["Zap","Dualcast","Cold Snap","Gash+1","BootSequence","Sweeping Beam","Aggregate","Fusion","Buffer+1","Gash","Double Energy","Static Discharge","Reboot","Decay","Go for the Eyes","Sunder","Apotheosis","Gash","Consume","Cold Snap+1","Shame","Storm","Thunder Strike","White Noise","Tempest","Defragment","Reinforced Body","Scrape","Redo","Amplify","Reprogram+1","Loop+1","Loop","Self Repair+1","Parasite","Gash","Electrodynamics","Melter","Leap+1","Genetic Algorithm+1","Barrage","Sunder"],"relics":["Cracked Core","Ancient Tea Set","Whetstone","DataDisk","Calling Bell","Boot","Kunai","Unceasing Top","Question Card","Tiny Chest","Symbiotic Virus","Cables","Pandora\u0027s Box","Darkstone Periapt","Potion Belt","Orichalcum"],"potions_floor_usage":[6,8,8,8,8,18,21,25,36,38,44,50],"damage_taken":[{"damage":1,"enemies":"Cultist","floor":1,"turns":3},{"damage":0,"enemies":"Small Slimes","floor":3,"turns":3},{"damage":0,"enemies":"2 Louse","floor":4,"turns":2},{"damage":21,"enemies":"Lagavulin","floor":6,"turns":7},{"damage":9,"enemies":"Gremlin Nob","floor":8,"turns":4},{"damage":0,"enemies":"Looter","floor":10,"turns":3},{"damage":7,"enemies":"Gremlin Gang","floor":12,"turns":6},{"damage":0,"enemies":"Large Slime","floor":14,"turns":5},{"damage":38,"enemies":"The Guardian","floor":16,"turns":11},{"damage":8,"enemies":"3 Byrds","floor":18,"turns":5},{"damage":18,"enemies":"Spheric Guardian","floor":21,"turns":6},{"damage":36,"enemies":"3 Cultists","floor":25,"turns":5},{"damage":4,"enemies":"Centurion and Healer","floor":27,"turns":4},{"damage":36,"enemies":"Automaton","floor":33,"turns":8},{"damage":0,"enemies":"3 Shapes","floor":35,"turns":2},{"damage":0,"enemies":"Orb Walker","floor":36,"turns":3},{"damage":18,"enemies":"Maw","floor":38,"turns":6},{"damage":2,"enemies":"Writhing Mass","floor":39,"turns":5},{"damage":7,"enemies":"4 Shapes","floor":42,"turns":6},{"damage":60,"enemies":"Transient","floor":44,"turns":5},{"damage":16,"enemies":"Spire Growth","floor":45,"turns":4},{"damage":50,"enemies":"Time Eater","floor":50,"turns":5}],"seed_played":"-7239341538979677706","potions_obtained":[{"floor":4,"key":"EssenceOfSteel"},{"floor":5,"key":"Fire Potion"},{"floor":5,"key":"EntropicBrew"},{"floor":8,"key":"Fire Potion"},{"floor":10,"key":"AttackPotion"},{"floor":14,"key":"PowerPotion"},{"floor":21,"key":"Weak Potion"},{"floor":27,"key":"AttackPotion"},{"floor":35,"key":"Energy Potion"},{"floor":36,"key":"LiquidBronze"},{"floor":38,"key":"Poison Potion"}],"is_trial":false,"path_per_floor":["M","$","M","M","?","E","R","E","T","M","R","M","?","M","R","B",null,"M","?","?","M","?","R","$","M","T","M","?","R","$","T","R","B",null,"M","M","?","M","M","R","$","M","T","M","M","T","$","T","R","B"],"character_chosen":"DEFECT","items_purchased":["Gash","BootSequence","Apotheosis","Gash","Storm","Electrodynamics","Melter","Sunder"],"campfire_rested":6,"item_purchase_floors":[2,2,24,24,30,41,41,47],"current_hp_per_floor":[81,81,81,81,81,60,60,51,51,51,75,68,65,65,65,27,82,74,74,74,56,56,80,80,44,44,40,40,64,64,64,82,46,82,82,82,82,64,62,82,82,82,82,32,26,26,26,26,50,0],"gold":78,"neow_bonus":"TEN_PERCENT_HP_BONUS","is_prod":false,"is_daily":false,"chose_seed":false,"campfire_upgraded":1,"win_rate":0,"timestamp":1556771978,"path_taken":["M","?","M","M","?","E","R","E","T","?","R","M","?","M","R","BOSS","M","?","?","?","?","R","$","M","T","M","?","R","?","?","R","BOSS","M","M","?","?","M","R","$","M","T","M","M","?","?","?","R","BOSS"],"build_version":"2019-01-23","purchased_purges":2,"victory":false,"max_hp_per_floor":[82,82,82,82,82,82,82,82,82,82,82,82,82,82,82,82,82,82,82,82,82,82,82,82,82,82,82,82,82,82,82,82,82,82,82,82,82,82,82,82,82,82,82,82,82,82,82,82,82,82],"card_choices":[{"not_picked":["Compile Driver","Coolheaded"],"picked":"Cold Snap","floor":1},{"not_picked":["Rebound","Steam"],"picked":"Sweeping Beam","floor":3},{"not_picked":["Auto Shields","Stack"],"picked":"Aggregate","floor":4},{"not_picked":["BootSequence","Stack"],"picked":"Fusion","floor":6},{"not_picked":["Force Field","Leap"],"picked":"Buffer","floor":8},{"not_picked":["Reprogram","Ball Lightning"],"picked":"Gash","floor":10},{"not_picked":["Steam","Redo"],"picked":"Double Energy","floor":12},{"not_picked":["Blizzard","Steam"],"picked":"Static Discharge","floor":14},{"not_picked":["Amplify","Multi-Cast"],"picked":"Reboot","floor":16},{"not_picked":["Sweeping Beam","Turbo"],"picked":"Go for the Eyes","floor":18},{"not_picked":["Rebound","Go for the Eyes","Reboot"],"picked":"Sunder","floor":21},{"not_picked":["Beam Cell","Chill","Barrage"],"picked":"Consume","floor":25},{"not_picked":["Sunder","Blizzard","Sweeping Beam"],"picked":"Cold Snap+1","floor":27},{"not_picked":["Buffer","Machine Learning","Amplify"],"picked":"Thunder Strike","floor":33},{"not_picked":["Steam+1","Beam Cell+1","Barrage"],"picked":"Reprogram+1","floor":35},{"not_picked":["Creative AI","Turbo+1","Hello World"],"picked":"Loop+1","floor":36},{"not_picked":["Sweeping Beam","Conserve Battery","Go for the Eyes"],"picked":"Self Repair+1","floor":38},{"not_picked":["Steam Power+1","Streamline+1","Rebound+1"],"picked":"Gash","floor":39},{"not_picked":["Tempest","Sweeping Beam","White Noise"],"picked":"Leap+1","floor":42},{"not_picked":["Tempest","Capacitor","Sweeping Beam+1"],"picked":"Genetic Algorithm+1","floor":44},{"not_picked":["Steam","White Noise","Capacitor+1"],"picked":"Barrage","floor":45}],"player_experience":521219,"relics_obtained":[{"floor":6,"key":"Ancient Tea Set"},{"floor":8,"key":"Whetstone"},{"floor":17,"key":"Boot"},{"floor":17,"key":"Kunai"},{"floor":17,"key":"Unceasing Top"},{"floor":26,"key":"Tiny Chest"},{"floor":31,"key":"Cables"},{"floor":43,"key":"Darkstone Periapt"},{"floor":46,"key":"Potion Belt"},{"floor":48,"key":"Orichalcum"}],"event_choices":[{"damage_healed":0,"gold_gain":0,"player_choice":"Got Potions","damage_taken":0,"max_hp_gain":0,"max_hp_loss":0,"event_name":"Lab","floor":5,"gold_loss":0},{"damage_healed":0,"gold_gain":0,"player_choice":"Success","damage_taken":3,"relics_obtained":["DataDisk"],"max_hp_gain":0,"max_hp_loss":0,"event_name":"Scrap Ooze","floor":13,"gold_loss":0},{"damage_healed":0,"gold_gain":0,"player_choice":"Ignored","damage_taken":0,"max_hp_gain":0,"max_hp_loss":0,"event_name":"Vampires","floor":19,"gold_loss":0},{"damage_healed":0,"gold_gain":0,"player_choice":"Gave Potion","damage_taken":0,"relics_obtained":["Question Card"],"max_hp_gain":0,"max_hp_loss":0,"event_name":"WeMeetAgain","floor":20,"gold_loss":0},{"damage_healed":0,"gold_gain":0,"player_choice":"Simplicity","damage_taken":0,"max_hp_gain":0,"max_hp_loss":0,"event_name":"Back to Basics","floor":22,"gold_loss":0,"cards_upgraded":["Strike_B","Strike_B","Strike_B","Defend_B","Defend_B","Defend_B","Defend_B"]},{"damage_healed":0,"gold_gain":0,"player_choice":"Stole Relic","damage_taken":0,"relics_obtained":["Symbiotic Virus"],"max_hp_gain":0,"max_hp_loss":0,"event_name":"Addict","floor":28,"gold_loss":0,"cards_obtained":["Shame"]},{"damage_healed":0,"gold_gain":0,"cards_transformed":["Core Surge"],"player_choice":"Transformed","damage_taken":0,"max_hp_gain":0,"max_hp_loss":0,"event_name":"Transmorgrifier","floor":37,"gold_loss":0,"cards_obtained":["Loop"]}],"is_beta":false,"boss_relics":[{"not_picked":["Inserter","Cursed Key"],"picked":"Calling Bell"},{"not_picked":["Busted Crown","Eternal Feather"],"picked":"Pandora\u0027s Box"}],"items_purged_floors":[24,41],"is_endless":false,"potions_floor_spawned":[4,8,10,14,21,27,35,36,38],"killed_by":"Time Eater","ascension_level":0}