{"gold_per_floor":[14,26,26,26,42,42,74,74,74,109,109,135,153,171,171,245,245,257,532,199,210,221,221,239,239,311,330,340,265,265,300,300,300],"floor_reached":33,"playtime":1027,"items_purged":["Regret"],"score":624,"play_id":"19a908b0-9512-4cd4-bff3-0b0ca501c3e7","local_time":"20190417020402","is_ascension_mode":true,"campfire_choices":[{"data":"Sunder","floor":6.0,"key":"SMITH"},{"floor":8.0,"key":"REST"},{"data":"Beam Cell","floor":11.0,"key":"SMITH"},{"data":"Coolheaded","floor":15.0,"key":"SMITH"},{"data":"Skim","floor":23.0,"key":"SMITH"},{"floor":25.0,"key":"REST"},{"floor":30.0,"key":"REST"},{"floor":32.0,"key":"REST"}],"neow_cost":"NO_GOLD","seed_source_timestamp":652151560640151,"circlet_count":0,"master_deck":["AscendersBane","Defend_B","Defend_B+1","Defend_B","Defend_B","Zap+1","Dualcast+1","Skim+1","Tempest","Sunder+1","Beam Cell+1","Cold Snap","Coolheaded+1","Double Energy","Recycle","Hologram","Thunder Strike","Steam+1","Turbo","Multi-Cast","Ball Lightning+1"],"special_seed":0,"relics":["Cracked Core","Kunai","Lantern","Pantograph","Matryoshka","Inserter","Membership Card","Bag of Preparation","War Paint","Omamori"],"potions_floor_usage":[],"damage_taken":[{"damage":9.0,"enemies":"Jaw Worm","floor":1.0,"turns":4.0},{"damage":0.0,"enemies":"Cultist","floor":2.0,"turns":4.0},{"damage":0.0,"enemies":"Small Slimes","floor":5.0,"turns":2.0},{"damage":15.0,"enemies":"3 Sentries","floor":7.0,"turns":7.0},{"damage":9.0,"enemies":"Lagavulin","floor":10.0,"turns":6.0},{"damage":0.0,"enemies":"Gremlin Nob","floor":12.0,"turns":2.0},{"damage":1.0,"enemies":"3 Louse","floor":13.0,"turns":2.0},{"damage":12.0,"enemies":"Exordium Wildlife","floor":14.0,"turns":3.0},{"damage":22.0,"enemies":"The Guardian","floor":16.0,"turns":11.0},{"damage":0.0,"enemies":"Chosen","floor":18.0,"turns":3.0},{"damage":20.0,"enemies":"Shell Parasite","floor":21.0,"turns":7.0},{"damage":13.0,"enemies":"Shelled Parasite and Fungi","floor":22.0,"turns":8.0},{"damage":22.0,"enemies":"Centurion and Healer","floor":24.0,"turns":4.0},{"damage":5.0,"enemies":"Snecko","floor":27.0,"turns":4.0},{"damage":10.0,"enemies":"Snake Plant","floor":28.0,"turns":3.0},{"damage":21.0,"enemies":"Slavers","floor":31.0,"turns":5.0},{"damage":25,"enemies":"Collector","floor":33,"turns":4}],"seed_played":"5838048342928586862","potions_obtained":[{"floor":5.0,"key":"Dexterity Potion"},{"floor":10.0,"key":"PowerPotion"},{"floor":22.0,"key":"LiquidBronze"},{"floor":28.0,"key":"LiquidBronze"}],"is_trial":false,"path_per_floor":["M","M","?","?","M","R","E","R","T","E","R","E","M","M","R","B",null,"M","?","$","M","M","R","M","R","T","M","M","?","R","E","R","B"],"character_chosen":"DEFECT","items_purchased":["Membership Card","Bag of Preparation"],"campfire_rested":4,"item_purchase_floors":[20,20],"current_hp_per_floor":[55,55,34,34,34,34,19,40,40,31,31,31,30,18,18,21,59,59,59,59,39,26,26,4,25,25,20,10,10,31,10,31,31],"gold":300,"neow_bonus":"TRANSFORM_TWO_CARDS","is_prod":false,"is_daily":false,"chose_seed":false,"campfire_upgraded":4,"win_rate":0,"timestamp":1555437842,"path_taken":["M","M","?","?","?","R","E","R","T","E","R","E","M","M","R","BOSS","M","?","$","M","M","R","?","R","T","M","M","?","R","E","R","BOSS"],"build_version":"2019-01-23","purchased_purges":1,"victory":false,"max_hp_per_floor":[71,71,71,71,71,71,71,71,71,71,71,71,71,71,71,71,71,71,71,71,71,71,71,71,71,71,71,71,71,71,71,71,71],"card_choices":[{"not_picked":["Stack","Tempest"],"picked":"Sunder","floor":1.0},{"not_picked":["Steam Power","Cold Snap"],"picked":"Beam Cell","floor":2.0},{"not_picked":["Blizzard","Scrape"],"picked":"Cold Snap","floor":5.0},{"not_picked":["Darkness","Seek"],"picked":"Coolheaded","floor":7.0},{"not_picked":["Stack","Hyperbeam"],"picked":"Double Energy","floor":10.0},{"not_picked":["Hello World","Rip and Tear","Leap"],"picked":"SKIP","floor":12.0},{"not_picked":["Hello World","Rip and Tear","Leap"],"picked":"SKIP","floor":12.0},{"not_picked":["Sweeping Beam","Cold Snap"],"picked":"Recycle","floor":13.0},{"not_picked":["Steam","FTL"],"picked":"Hologram","floor":14.0},{"not_picked":["Rainbow","Machine Learning"],"picked":"Thunder Strike","floor":16.0},{"not_picked":["Force Field","Streamline","Gash"],"picked":"SKIP","floor":18.0},{"not_picked":["Rebound","Sunder+1","Steam+1"],"picked":"SKIP","floor":21.0},{"not_picked":["Rebound","Sunder+1"],"picked":"Steam+1","floor":21.0},{"not_picked":["Lockon","Go for the Eyes"],"picked":"Turbo","floor":22.0},{"not_picked":["Rebound","Leap","Turbo"],"picked":"SKIP","floor":24.0},{"not_picked":["Coolheaded","Barrage+1"],"picked":"Multi-Cast","floor":27.0},{"not_picked":["Compile Driver","Streamline+1"],"picked":"Ball Lightning+1","floor":28.0},{"not_picked":["Streamline","Auto Shields","Recycle"],"picked":"SKIP","floor":31.0}],"player_experience":1413968,"relics_obtained":[{"floor":7.0,"key":"Kunai"},{"floor":9.0,"key":"Lantern"},{"floor":10.0,"key":"Pantograph"},{"floor":12.0,"key":"Matryoshka"},{"floor":26.0,"key":"War Paint"},{"floor":31.0,"key":"Omamori"}],"event_choices":[{"damage_healed":0.0,"max_hp_gain":0.0,"max_hp_loss":0.0,"gold_gain":0.0,"event_name":"Shining Light","player_choice":"Entered Light","floor":3.0,"gold_loss":0.0,"damage_taken":21.0,"cards_upgraded":["Dualcast","Strike_B"]},{"cards_removed":["Strike_B"],"damage_healed":0.0,"max_hp_gain":0.0,"max_hp_loss":0.0,"gold_gain":0.0,"event_name":"Bonfire Elementals","player_choice":"Offered Basic","floor":4.0,"gold_loss":0.0,"damage_taken":0.0},{"damage_healed":0.0,"max_hp_gain":0.0,"max_hp_loss":0.0,"gold_gain":275.0,"event_name":"Golden Shrine","player_choice":"Desecrate","floor":19.0,"gold_loss":0.0,"damage_taken":0.0,"cards_obtained":["Regret"]},{"cards_removed":["Strike_B"],"damage_healed":0.0,"max_hp_gain":0.0,"max_hp_loss":0.0,"gold_gain":0.0,"event_name":"Beggar","player_choice":"Gave Gold","floor":29.0,"gold_loss":75.0,"damage_taken":0.0}],"is_beta":false,"boss_relics":[{"not_picked":["Calling Bell","FrozenCore"],"picked":"Inserter"}],"items_purged_floors":[20],"is_endless":false,"potions_floor_spawned":[5,10,12,13,14,18,22,28,31],"killed_by":"Collector","ascension_level":20}