{"gold_per_floor":[113,126,142,157,170,201,201,220,294,294,307,307,325,18,18,122,122,141,141,108,108],"floor_reached":21,"playtime":1807,"items_purged":[],"score":210,"play_id":"41da6191-139a-480d-b2f6-592984fd7a4f","local_time":"20180803205125","is_ascension_mode":false,"campfire_choices":[{"floor":10,"key":"REST"},{"floor":15,"key":"REST"}],"neow_cost":"NONE","seed_source_timestamp":0,"circlet_count":0,"master_deck":["Strike_R","Strike_R","Strike_R","Strike_R","Strike_R","Defend_R","Defend_R","Defend_R","Defend_R","Bash","Fire Breathing","Perfected Strike","Metallicize","Barricade+1","Seeing Red","Entrench","Armaments","Spot Weakness","Inflame","Finesse","Feed","Body Slam","Cleave+1"],"special_seed":0,"relics":["Burning Blood","Mango","Question Card","Bottled Tornado","MealTicket","Eternal Feather","Charon\u0027s Ashes"],"potions_floor_usage":[16,16],"damage_taken":[{"damage":5.0,"enemies":"Cultist","floor":1.0,"turns":4.0},{"damage":10.0,"enemies":"Jaw Worm","floor":2.0,"turns":4.0},{"damage":7.0,"enemies":"2 Louse","floor":3.0,"turns":2.0},{"damage":0.0,"enemies":"Large Slime","floor":4.0,"turns":5.0},{"damage":1.0,"enemies":"Exordium Wildlife","floor":5.0,"turns":4.0},{"damage":39,"enemies":"Lagavulin","floor":6,"turns":9},{"damage":20,"enemies":"Lots of Slimes","floor":8,"turns":5},{"damage":11,"enemies":"Blue Slaver","floor":11,"turns":5},{"damage":30,"enemies":"Gremlin Gang","floor":13,"turns":7},{"damage":14,"enemies":"Slime Boss","floor":16,"turns":13},{"damage":23,"enemies":"Shell Parasite","floor":18,"turns":10},{"damage":44,"enemies":"2 Thieves","floor":20,"turns":5},{"damage":58,"enemies":"Slaver and Parasite","floor":21,"turns":3}],"seed_played":"-7455361208781912913","potions_obtained":[{"floor":1.0,"key":"FearPotion"},{"floor":2.0,"key":"SmokeBomb"},{"floor":3.0,"key":"SkillPotion"},{"floor":6,"key":"FearPotion"},{"floor":13,"key":"SteroidPotion"}],"is_trial":false,"path_per_floor":["M","M","M","M","M","E","?","M","T","R","M","?","M","$","R","B",null,"M","?","M"],"character_chosen":"IRONCLAD","items_purchased":["Finesse","MealTicket"],"campfire_rested":2,"item_purchase_floors":[14,14],"current_hp_per_floor":[88,84,83,88,88,69,69,55,55,85,80,80,56,56,86,78,102,85,85,50,0],"gold":108,"neow_bonus":"TEN_PERCENT_HP_BONUS","is_prod":false,"is_daily":false,"chose_seed":false,"campfire_upgraded":0,"win_rate":0,"timestamp":1533322285,"path_taken":["M","?","M","M","M","E","?","M","T","R","?","?","?","$","R","BOSS","M","?","M","M"],"build_version":"2018-08-02","purchased_purges":0,"victory":false,"max_hp_per_floor":[88,88,88,88,88,102,102,102,102,102,102,102,102,102,102,102,102,102,102,105,105],"card_choices":[{"not_picked":["Pummel","Entrench"],"picked":"Fire Breathing","floor":1.0},{"not_picked":["Warcry","Intimidate"],"picked":"Perfected Strike","floor":2.0},{"not_picked":["Shockwave","Thunderclap"],"picked":"Metallicize","floor":3.0},{"not_picked":["Iron Wave","Twin Strike"],"picked":"Barricade","floor":4.0},{"not_picked":["Havoc","True Grit"],"picked":"Seeing Red","floor":5},{"not_picked":["Searing Blow","Dark Embrace"],"picked":"Entrench","floor":6},{"not_picked":["Disarm","Sentinel","Blood for Blood"],"picked":"Armaments","floor":8},{"not_picked":["Disarm","Entrench","Corruption"],"picked":"Spot Weakness","floor":11},{"not_picked":["Sword Boomerang","Flex","Evolve"],"picked":"Inflame","floor":13},{"not_picked":["Brutality","Exhume","Limit Break"],"picked":"Feed","floor":16},{"not_picked":["True Grit","Shrug It Off","Havoc+1"],"picked":"Body Slam","floor":18},{"not_picked":["Evolve+1","Ghostly Armor","Burning Pact"],"picked":"Cleave+1","floor":20}],"player_experience":127877,"relics_obtained":[{"floor":6,"key":"Mango"},{"floor":9,"key":"Bottled Tornado"}],"event_choices":[{"event_name":"WeMeetAgain","player_choice":"Potion","floor":7,"damage_taken":0},{"event_name":"Living Wall","player_choice":"Grow","floor":12,"damage_taken":0},{"event_name":"Wheel of Change","player_choice":"Relic","floor":19,"damage_taken":0}],"is_beta":false,"boss_relics":[{"not_picked":["White Beast Statue","Busted Crown"],"picked":"Eternal Feather"}],"items_purged_floors":[],"is_endless":false,"potions_floor_spawned":[1,2,3,6,13],"killed_by":"Slaver and Parasite","ascension_level":0}