{"gold_per_floor":[111,386,396,412,423,457,457,457,457,470,502,521,541,716,716,814,814,826,826,839,839,839],"floor_reached":22,"playtime":1541,"items_purged":[],"score":198,"play_id":"bd095c75-a15c-4100-9beb-fc8b38e5e238","local_time":"20190416165544","is_ascension_mode":false,"campfire_choices":[{"floor":7,"key":"REST"},{"floor":15,"key":"REST"}],"neow_cost":"NONE","seed_source_timestamp":519832093364868,"circlet_count":0,"master_deck":["Zap","Dualcast","Biased Cognition","Capacitor","Regret","Gash","Glacier","Doom and Gloom","Darkness","Double Energy","Reinforced Body","Rainbow","Loop","Doubt","Electrodynamics","Defragment","Static Discharge","Cold Snap","Darkness","FTL","Creative AI","Lockon","Lockon","Barrage","Cold Snap+1"],"relics":["Cracked Core","Nunchaku","Kunai","Bottled Flame","Bottled Tornado","Pandora\u0027s Box"],"potions_floor_usage":[],"damage_taken":[{"damage":1,"enemies":"Cultist","floor":1,"turns":3},{"damage":9,"enemies":"2 Louse","floor":3,"turns":3},{"damage":0,"enemies":"Small Slimes","floor":4,"turns":3},{"damage":10,"enemies":"3 Louse","floor":5,"turns":4},{"damage":15,"enemies":"3 Sentries","floor":6,"turns":10},{"damage":12,"enemies":"Large Slime","floor":10,"turns":4},{"damage":12,"enemies":"Lagavulin","floor":11,"turns":7},{"damage":13,"enemies":"Gremlin Gang","floor":12,"turns":3},{"damage":2,"enemies":"Exordium Wildlife","floor":13,"turns":5},{"damage":14,"enemies":"Slime Boss","floor":16,"turns":12},{"damage":34,"enemies":"2 Thieves","floor":18,"turns":4},{"damage":17,"enemies":"Colosseum Slavers","floor":19,"turns":5},{"damage":18,"enemies":"Spheric Guardian","floor":20,"turns":4},{"damage":8,"enemies":"Chosen and Byrds","floor":22,"turns":1}],"seed_played":"-3355337494810408740","potions_obtained":[{"floor":1,"key":"Block Potion"},{"floor":6,"key":"Block Potion"},{"floor":10,"key":"LiquidBronze"},{"floor":11,"key":"EssenceOfSteel"},{"floor":20,"key":"Fire Potion"}],"is_trial":false,"path_per_floor":["M","?","M","M","M","E","R","T","T","M","E","M","M","?","R","B",null,"M","?","M","?","M"],"character_chosen":"DEFECT","items_purchased":[],"campfire_rested":2,"item_purchase_floors":[],"current_hp_per_floor":[74,74,65,65,55,40,62,62,62,50,38,25,23,23,45,31,75,41,24,6,6,0],"gold":839,"neow_bonus":"ONE_RANDOM_RARE_CARD","is_prod":false,"is_daily":false,"chose_seed":false,"campfire_upgraded":0,"win_rate":0,"timestamp":1555458944,"path_taken":["M","?","?","M","M","E","R","?","T","M","E","M","M","?","R","BOSS","M","?","M","?","M"],"build_version":"2019-01-23","purchased_purges":0,"victory":false,"max_hp_per_floor":[75,75,75,75,75,75,75,75,75,75,75,75,75,75,75,75,75,75,75,75,75,75],"card_choices":[{"not_picked":["Barrage","Ball Lightning"],"picked":"Capacitor","floor":1},{"not_picked":["Conserve Battery","Storm"],"picked":"Gash","floor":3},{"not_picked":["Conserve Battery","Beam Cell"],"picked":"Glacier","floor":4},{"not_picked":["Compile Driver","Conserve Battery"],"picked":"Doom and Gloom","floor":5},{"not_picked":["Conserve Battery","FTL"],"picked":"Darkness","floor":6},{"not_picked":["Steam","Reprogram"],"picked":"Double Energy","floor":10},{"not_picked":["Reprogram","Leap"],"picked":"Reinforced Body","floor":11},{"not_picked":["Ball Lightning","Redo"],"picked":"Rainbow","floor":12},{"not_picked":["Stack","Rip and Tear"],"picked":"Loop","floor":13},{"not_picked":["Hyperbeam","Machine Learning"],"picked":"Electrodynamics","floor":16},{"not_picked":["Ball Lightning","Hello World"],"picked":"Barrage","floor":18},{"not_picked":["Compile Driver","Coolheaded"],"picked":"Cold Snap+1","floor":20}],"player_experience":502121,"relics_obtained":[{"floor":6,"key":"Nunchaku"},{"floor":8,"key":"Kunai"},{"floor":9,"key":"Bottled Flame"},{"floor":11,"key":"Bottled Tornado"}],"event_choices":[{"damage_healed":0,"gold_gain":275,"player_choice":"Desecrate","damage_taken":0,"max_hp_gain":0,"max_hp_loss":0,"event_name":"Golden Shrine","floor":2,"gold_loss":0,"cards_obtained":["Regret"]},{"damage_healed":0,"gold_gain":175,"player_choice":"AGREE","damage_taken":0,"max_hp_gain":0,"max_hp_loss":0,"event_name":"Liars Game","floor":14,"gold_loss":0,"cards_obtained":["Doubt"]},{"damage_healed":0,"gold_gain":0,"player_choice":"Fight","damage_taken":0,"max_hp_gain":0,"max_hp_loss":0,"event_name":"Colosseum","floor":19,"gold_loss":0},{"damage_healed":0,"gold_gain":0,"player_choice":"Fled From Nobs","damage_taken":0,"max_hp_gain":0,"max_hp_loss":0,"event_name":"Colosseum","floor":19,"gold_loss":0},{"damage_healed":0,"gold_gain":0,"player_choice":"Ignored","damage_taken":0,"max_hp_gain":0,"max_hp_loss":0,"event_name":"Cursed Tome","floor":21,"gold_loss":0}],"is_beta":false,"boss_relics":[{"not_picked":["Fusion Hammer","Busted Crown"],"picked":"Pandora\u0027s Box"}],"items_purged_floors":[],"is_endless":false,"potions_floor_spawned":[1,6,10,11,16,20],"killed_by":"Chosen and Byrds","ascension_level":0}