{"gold_per_floor":[116,39,49,49,64,64,84,13,36,36,1,12,24,24,24,129,129,146,146,164,79,79,79],"floor_reached":23,"playtime":1973,"items_purged":[],"score":181,"play_id":"b482232d-2cb5-4f8a-a63f-9c4284430fa9","local_time":"20190217073754","is_ascension_mode":false,"campfire_choices":[{"data":"Infinite Blades","floor":6.0,"key":"SMITH"},{"floor":15,"key":"REST"}],"neow_cost":"NONE","seed_source_timestamp":0,"circlet_count":0,"master_deck":["Defend_G","Defend_G","Defend_G","Defend_G","Defend_G","Strike_G","Strike_G","Strike_G","Strike_G","Strike_G","Survivor","Neutralize","Flying Knee","Infinite Blades+1","Quick Slash","Outmaneuver","PiercingWail","Infinite Blades+1","Well Laid Plans","Noxious Fumes","Die Die Die","Dash","Choke"],"special_seed":0,"relics":["Ring of the Snake","Juzu Bracelet","Centennial Puzzle","Velvet Choker","WingedGreaves"],"potions_floor_usage":[18,18,20,23],"damage_taken":[{"damage":0.0,"enemies":"Cultist","floor":1.0,"turns":4.0},{"damage":0.0,"enemies":"2 Louse","floor":3.0,"turns":4.0},{"damage":3.0,"enemies":"Jaw Worm","floor":5.0,"turns":3.0},{"damage":15.0,"enemies":"3 Louse","floor":7.0,"turns":3.0},{"damage":14.0,"enemies":"Large Slime","floor":12.0,"turns":6.0},{"damage":9,"enemies":"Exordium Thugs","floor":13,"turns":5},{"damage":58,"enemies":"Hexaghost","floor":16,"turns":10},{"damage":23,"enemies":"Shell Parasite","floor":18,"turns":6},{"damage":24,"enemies":"3 Byrds","floor":20,"turns":6},{"damage":35,"enemies":"Slavers","floor":23,"turns":3}],"seed_played":"-2444896367610116845","potions_obtained":[{"floor":5.0,"key":"Fire Potion"},{"floor":12,"key":"Weak Potion"},{"floor":16,"key":"Energy Potion"},{"floor":18,"key":"SpeedPotion"},{"floor":19,"key":"Ancient Potion"},{"floor":19,"key":"Block Potion"}],"is_trial":false,"path_per_floor":["M","$","M","?","M","R","M","$","T","?","?","M","M","$","R","B",null,"M","?","M","?","?","E"],"character_chosen":"THE_SILENT","items_purchased":["Infinite Blades","Infinite Blades"],"campfire_rested":1,"item_purchase_floors":[2,8],"current_hp_per_floor":[77,77,77,59,56,56,41,41,41,41,60,46,37,37,60,2,77,54,54,30,30,30,0],"gold":79,"neow_bonus":"TEN_PERCENT_HP_BONUS","is_prod":false,"is_daily":false,"chose_seed":false,"campfire_upgraded":1,"win_rate":0.0,"timestamp":1550410674,"path_taken":["M","?","M","?","M","R","M","?","T","?","?","M","M","$","R","BOSS","M","?","M","?","?","E"],"build_version":"2019-01-23","purchased_purges":0,"victory":false,"max_hp_per_floor":[77,77,77,77,77,77,77,77,77,77,77,77,77,77,77,77,77,77,77,77,77,77,77],"card_choices":[{"not_picked":["Dagger Spray","Blur"],"picked":"Flying Knee","floor":1.0},{"not_picked":["Outmaneuver","Bouncing Flask"],"picked":"Quick Slash","floor":3.0},{"not_picked":["Escape Plan","Endless Agony"],"picked":"Outmaneuver","floor":5.0},{"not_picked":["Blade Dance","Sucker Punch"],"picked":"PiercingWail","floor":7.0},{"not_picked":["Choke","Acrobatics"],"picked":"Well Laid Plans","floor":12},{"not_picked":["Caltrops","Deadly Poison"],"picked":"Noxious Fumes","floor":13},{"not_picked":["Malaise","Venomology"],"picked":"Die Die Die","floor":16},{"not_picked":["Sucker Punch","PiercingWail"],"picked":"Dash","floor":18},{"not_picked":["Finisher","Endless Agony"],"picked":"Choke","floor":20}],"player_experience":2950,"relics_obtained":[{"floor":9.0,"key":"Centennial Puzzle"}],"event_choices":[{"damage_healed":0.0,"max_hp_gain":0.0,"max_hp_loss":0.0,"gold_gain":0.0,"event_name":"Scrap Ooze","player_choice":"Success","floor":4.0,"gold_loss":0.0,"damage_taken":18.0,"relics_obtained":["Juzu Bracelet"]},{"damage_healed":0.0,"max_hp_gain":0.0,"max_hp_loss":0.0,"gold_gain":0.0,"event_name":"Golden Wing","player_choice":"Ignored","floor":10.0,"gold_loss":0.0,"damage_taken":0.0},{"damage_healed":19.0,"max_hp_gain":0.0,"max_hp_loss":0.0,"gold_gain":0.0,"event_name":"The Cleric","player_choice":"Healed","floor":11.0,"gold_loss":35.0,"damage_taken":0.0},{"damage_healed":0,"gold_gain":0,"player_choice":"Got Potions","damage_taken":0,"max_hp_gain":0,"max_hp_loss":0,"event_name":"Lab","floor":19,"gold_loss":0},{"damage_healed":0,"gold_gain":0,"player_choice":"Obtained Relic","damage_taken":0,"relics_obtained":["WingedGreaves"],"max_hp_gain":0,"max_hp_loss":0,"event_name":"Addict","floor":21,"gold_loss":85},{"damage_healed":0,"gold_gain":0,"player_choice":"Upgraded","damage_taken":0,"max_hp_gain":0,"max_hp_loss":0,"event_name":"Upgrade Shrine","floor":22,"gold_loss":0,"cards_upgraded":["Infinite Blades"]}],"is_beta":false,"boss_relics":[{"not_picked":["Black Star","Cursed Key"],"picked":"Velvet Choker"}],"items_purged_floors":[],"is_endless":false,"potions_floor_spawned":[5,12,16,18],"killed_by":"Slavers","ascension_level":0}