{"gold_per_floor":[117,131,29,29,43,76,76,102,126,126,91,91,114,125,125,222,222,240,259,259,278,295,295,323,323,346,346,360,394,408,62,62,165,165,177,190,204,204],"floor_reached":38,"playtime":2660,"items_purged":[],"score":682,"play_id":"c79e0b4a-2b99-4b70-ac1c-c66aaf718b5d","local_time":"20190504001630","is_ascension_mode":true,"campfire_choices":[{"data":"Steam","floor":7,"key":"SMITH"},{"data":"Defragment","floor":10,"key":"SMITH"},{"floor":15,"key":"REST"},{"floor":23,"key":"REST"},{"floor":25,"key":"REST"},{"data":"Conserve Battery","floor":27,"key":"SMITH"},{"floor":32,"key":"REST"}],"neow_cost":"NONE","seed_source_timestamp":689213931023300,"circlet_count":0,"master_deck":["AscendersBane","Strike_B","Strike_B","Strike_B","Strike_B","Defend_B","Defend_B","Defend_B","Defend_B","Zap","Dualcast","Defragment+1","Undo","Streamline+1","Steam+1","Sweeping Beam","Beam Cell","Cold Snap","Ball Lightning","Melter","All For One","FTL","Stack","Conserve Battery+1","Conserve Battery+1","Lockon","Hologram","Go for the Eyes","Conserve Battery","Fission","Reinforced Body","Sweeping Beam+1","Double Energy"],"relics":["FrozenCore","NeowsBlessing","Bronze Scales","Lantern","Smiling Mask","Ice Cream","Odd Mushroom","Eternal Feather","Boot","Anchor","Bag of Marbles","Sling","Ancient Tea Set"],"potions_floor_usage":[6,6,13,18,22,24,33,38,38],"damage_taken":[{"damage":0,"enemies":"2 Louse","floor":1,"turns":1},{"damage":0,"enemies":"Cultist","floor":2,"turns":1},{"damage":0,"enemies":"Jaw Worm","floor":5,"turns":1},{"damage":29,"enemies":"Gremlin Nob","floor":6,"turns":5},{"damage":17,"enemies":"Lagavulin","floor":8,"turns":4},{"damage":0,"enemies":"The Mushroom Lair","floor":13,"turns":2},{"damage":0,"enemies":"3 Louse","floor":14,"turns":3},{"damage":13,"enemies":"The Guardian","floor":16,"turns":8},{"damage":9,"enemies":"Shell Parasite","floor":18,"turns":4},{"damage":0,"enemies":"3 Byrds","floor":19,"turns":3},{"damage":24,"enemies":"Shelled Parasite and Fungi","floor":21,"turns":4},{"damage":22,"enemies":"Centurion and Healer","floor":22,"turns":7},{"damage":21,"enemies":"Book of Stabbing","floor":24,"turns":5},{"damage":6,"enemies":"Snake Plant","floor":28,"turns":4},{"damage":41,"enemies":"Slavers","floor":29,"turns":5},{"damage":15,"enemies":"Shelled Parasite and Fungi","floor":30,"turns":5},{"damage":22,"enemies":"Automaton","floor":33,"turns":11},{"damage":0,"enemies":"3 Shapes","floor":35,"turns":6},{"damage":3,"enemies":"Orb Walker","floor":36,"turns":3},{"damage":22,"enemies":"3 Darklings","floor":37,"turns":6},{"damage":50,"enemies":"Transient","floor":38,"turns":4}],"seed_played":"2936117357749420413","potions_obtained":[{"floor":1,"key":"SpeedPotion"},{"floor":5,"key":"AttackPotion"},{"floor":6,"key":"Explosive Potion"},{"floor":16,"key":"Fire Potion"},{"floor":19,"key":"LiquidBronze"},{"floor":21,"key":"Explosive Potion"},{"floor":28,"key":"PowerPotion"},{"floor":36,"key":"GamblersBrew"},{"floor":37,"key":"Swift Potion"}],"is_trial":false,"path_per_floor":["M","M","$","?","M","E","R","E","T","R","?","?","?","M","R","B",null,"M","M","$","M","M","R","E","R","T","R","M","E","M","$","R","B",null,"M","M","M","M"],"character_chosen":"DEFECT","items_purchased":["Streamline","Steam","Sling","Ancient Tea Set"],"campfire_rested":4,"item_purchase_floors":[3,3,31,31],"current_hp_per_floor":[68,68,68,68,68,39,39,22,22,22,40,7,7,7,29,16,60,51,51,51,27,5,42,21,58,58,73,67,26,11,11,48,26,63,63,60,38,0],"gold":204,"neow_bonus":"THREE_ENEMY_KILL","is_prod":false,"is_daily":false,"chose_seed":false,"campfire_upgraded":3,"win_rate":0,"timestamp":1556921790,"path_taken":["M","M","$","?","?","E","R","E","T","R","?","?","?","?","R","BOSS","M","M","$","M","M","R","E","R","T","R","M","E","M","$","R","BOSS","M","M","M","M"],"build_version":"2019-01-23","purchased_purges":0,"victory":false,"max_hp_per_floor":[75,75,75,75,75,75,75,75,75,75,75,75,75,75,75,75,75,75,75,75,75,75,75,75,75,75,75,75,75,75,75,75,75,75,75,75,75,75],"card_choices":[{"not_picked":["White Noise","Compile Driver"],"picked":"Defragment","floor":1},{"not_picked":["Hello World","Redo"],"picked":"Undo","floor":2},{"not_picked":["Compile Driver","Turbo"],"picked":"Sweeping Beam","floor":5},{"not_picked":["Thunder Strike","Turbo"],"picked":"Beam Cell","floor":6},{"not_picked":["Ball Lightning","Skim"],"picked":"Cold Snap","floor":8},{"not_picked":["Compile Driver","Beam Cell"],"picked":"Ball Lightning","floor":13},{"not_picked":["Cold Snap","Chill"],"picked":"Melter","floor":14},{"not_picked":["Hyperbeam","Buffer"],"picked":"All For One","floor":16},{"not_picked":["Go for the Eyes","Rebound"],"picked":"FTL","floor":18},{"not_picked":["Redo","Loop"],"picked":"Stack","floor":19},{"not_picked":["Multi-Cast","Lockon"],"picked":"Conserve Battery+1","floor":21},{"not_picked":["Streamline","Hologram"],"picked":"Conserve Battery","floor":22},{"not_picked":["Hyperbeam","Barrage"],"picked":"Lockon","floor":24},{"not_picked":["Redo","White Noise"],"picked":"Hologram","floor":28},{"not_picked":["Self Repair","Hyperbeam"],"picked":"Go for the Eyes","floor":29},{"not_picked":["Gash+1","Barrage"],"picked":"Conserve Battery","floor":30},{"not_picked":["Reboot","Creative AI"],"picked":"Fission","floor":33},{"not_picked":["Gash+1","Sweeping Beam"],"picked":"Reinforced Body","floor":35},{"not_picked":["Rebound","Recycle"],"picked":"Sweeping Beam+1","floor":36},{"not_picked":["Turbo","Gash"],"picked":"Double Energy","floor":37}],"player_experience":724792,"relics_obtained":[{"floor":6,"key":"Bronze Scales"},{"floor":8,"key":"Lantern"},{"floor":9,"key":"Smiling Mask"},{"floor":13,"key":"Odd Mushroom"},{"floor":24,"key":"Boot"},{"floor":26,"key":"Anchor"},{"floor":29,"key":"Bag of Marbles"}],"event_choices":[{"damage_healed":0,"gold_gain":0,"player_choice":"Upgraded","damage_taken":0,"max_hp_gain":0,"max_hp_loss":0,"event_name":"Upgrade Shrine","floor":4,"gold_loss":0,"cards_upgraded":["Streamline"]},{"damage_healed":18,"gold_gain":0,"player_choice":"Healed","damage_taken":0,"max_hp_gain":0,"max_hp_loss":0,"event_name":"The Cleric","floor":11,"gold_loss":35},{"damage_healed":0,"gold_gain":0,"player_choice":"Success","damage_taken":33,"relics_obtained":["Ice Cream"],"max_hp_gain":0,"max_hp_loss":0,"event_name":"Scrap Ooze","floor":12,"gold_loss":0},{"damage_healed":0,"gold_gain":0,"player_choice":"Fought Mushrooms","damage_taken":0,"max_hp_gain":0,"max_hp_loss":0,"event_name":"Mushrooms","floor":13,"gold_loss":0}],"is_beta":false,"boss_relics":[{"not_picked":["Fusion Hammer","Sozu"],"picked":"Eternal Feather"},{"not_picked":["Tiny House","Runic Dome"],"picked":"FrozenCore"}],"items_purged_floors":[],"is_endless":false,"potions_floor_spawned":[1,5,6,16,19,21,28,36,37],"killed_by":"Transient","ascension_level":12}