{"gold_per_floor":[116,116,134,146,146,146,146,421,421,434,9,29,29,63,63,159,159,99,99,99,99,99,99,99,99,99,99,99,25,25,25,25,25,25,25,25,25,25,25,25,25,25,25,25,25,25,25,25,25,25],"floor_reached":51,"playtime":3485,"items_purged":["Pain"],"score":1181,"play_id":"9cb2ef4d-78eb-4897-b7c9-be0aefc3deb6","local_time":"20190506145541","is_ascension_mode":true,"campfire_choices":[{"floor":6,"key":"REST"},{"floor":15,"key":"REST"},{"floor":23,"key":"REST"},{"data":"Choke","floor":25,"key":"SMITH"},{"data":"Predator","floor":30,"key":"SMITH"},{"data":"Leg Sweep","floor":32,"key":"SMITH"},{"data":"Mind Blast","floor":40,"key":"SMITH"},{"data":"Adrenaline","floor":42,"key":"SMITH"},{"floor":49,"key":"REST"}],"neow_cost":"NONE","seed_source_timestamp":71760867910249,"circlet_count":0,"master_deck":["AscendersBane","Defend_G","Defend_G","Defend_G","Defend_G","Defend_G+1","Strike_G","Strike_G","Strike_G","Strike_G","Survivor","Neutralize","Deflect","Sucker Punch","Masterful Stab","Deadly Poison","Bandage Up+1","Dagger Throw","Bane","Prepared","After Image+1","Underhanded Strike+1","Choke+1","Predator+1","Leg Sweep+1","Well Laid Plans+1","Prepared","Adrenaline+1","Acrobatics+1","Quick Slash+1","Heel Hook+1","Panache+1","Panache+1","Mind Blast+1","Reflex+1","Distraction+1","Underhanded Strike","Prepared+1","Catalyst+1","Deadly Poison+1"],"relics":["Ring of the Snake","NeowsBlessing","WarpedTongs","Mummified Hand","Bag of Preparation","Frozen Egg 2","PreservedInsect","Orichalcum","Ectoplasm","Omamori","Bag of Marbles","Tiny House","Turnip","Toxic Egg 2","Ancient Tea Set","Bottled Flame","Unceasing Top"],"potions_floor_usage":[16,16,19,27,27,36,44,45,46,50,50],"damage_taken":[{"damage":0,"enemies":"Jaw Worm","floor":1,"turns":1},{"damage":0,"enemies":"Cultist","floor":3,"turns":1},{"damage":2,"enemies":"Small Slimes","floor":4,"turns":1},{"damage":16,"enemies":"Blue Slaver","floor":10,"turns":3},{"damage":2,"enemies":"Large Slime","floor":12,"turns":5},{"damage":14,"enemies":"Lagavulin","floor":14,"turns":6},{"damage":56,"enemies":"Slime Boss","floor":16,"turns":16},{"damage":8,"enemies":"2 Thieves","floor":18,"turns":4},{"damage":1,"enemies":"Chosen","floor":19,"turns":4},{"damage":2,"enemies":"Centurion and Healer","floor":24,"turns":5},{"damage":5,"enemies":"Slavers","floor":27,"turns":3},{"damage":15,"enemies":"Gremlin Leader","floor":31,"turns":8},{"damage":60,"enemies":"Automaton","floor":33,"turns":16},{"damage":13,"enemies":"3 Shapes","floor":35,"turns":7},{"damage":0,"enemies":"Mind Bloom Boss Battle","floor":36,"turns":6},{"damage":0,"enemies":"Orb Walker","floor":37,"turns":2},{"damage":15,"enemies":"Nemesis","floor":41,"turns":3},{"damage":2,"enemies":"Writhing Mass","floor":44,"turns":4},{"damage":11,"enemies":"Reptomancer","floor":45,"turns":2},{"damage":14,"enemies":"2 Orb Walkers","floor":46,"turns":5},{"damage":0,"enemies":"Sphere and 2 Shapes","floor":47,"turns":4},{"damage":0,"enemies":"3 Darklings","floor":48,"turns":1},{"damage":20,"enemies":"Donu and Deca","floor":50,"turns":8}],"seed_played":"5655891153382244032","potions_obtained":[{"floor":10,"key":"EssenceOfSteel"},{"floor":16,"key":"PowerPotion"},{"floor":19,"key":"Block Potion"},{"floor":24,"key":"Explosive Potion"},{"floor":33,"key":"Swift Potion"},{"floor":34,"key":"SteroidPotion"},{"floor":36,"key":"Energy Potion"},{"floor":45,"key":"PowerPotion"},{"floor":46,"key":"Ancient Potion"},{"floor":48,"key":"EssenceOfSteel"}],"is_trial":false,"path_per_floor":["M","?","M","M","?","R","?","?","T","M","$","M","?","E","R","B",null,"M","M","?","?","?","R","M","R","T","E","?","$","R","E","R","B",null,"M","?","M","?","?","R","E","R","T","M","E","?","M","M","R","B",null],"character_chosen":"THE_SILENT","items_purchased":["Regen Potion","PreservedInsect","Bandage Up","Dagger Throw","Well Laid Plans+1"],"campfire_rested":4,"item_purchase_floors":[11,11,11,11,29],"current_hp_per_floor":[63,63,63,61,28,49,49,49,49,33,33,37,37,29,50,15,56,54,59,46,46,46,68,72,72,72,73,73,73,73,64,64,10,64,57,63,69,59,59,59,50,50,50,54,49,41,47,47,71,57],"gold":25,"neow_bonus":"THREE_ENEMY_KILL","is_prod":false,"is_daily":false,"chose_seed":false,"campfire_upgraded":5,"win_rate":0,"timestamp":1557179741,"path_taken":["M","?","M","?","?","R","?","?","T","?","$","M","?","E","R","BOSS","M","M","?","?","?","R","?","R","T","E","?","$","R","E","R","BOSS","M","?","M","?","?","R","E","R","T","M","E","?","M","M","R","BOSS"],"build_version":"2019-01-23","purchased_purges":1,"victory":true,"max_hp_per_floor":[70,70,70,70,70,70,70,70,70,70,70,70,70,70,70,70,70,70,70,75,75,75,75,75,75,75,75,75,75,75,75,75,75,80,80,80,80,80,80,80,80,80,80,80,80,80,80,80,80,80],"card_choices":[{"not_picked":["Dodge and Roll","Backflip"],"picked":"Deflect","floor":1},{"not_picked":["Accuracy","Caltrops"],"picked":"Sucker Punch","floor":3},{"not_picked":["Backflip","Bouncing Flask"],"picked":"Masterful Stab","floor":4},{"not_picked":["Grand Finale","PiercingWail"],"picked":"Deadly Poison","floor":10},{"not_picked":["PiercingWail","Flying Knee"],"picked":"Bane","floor":12},{"not_picked":["Endless Agony","Predator"],"picked":"Prepared","floor":14},{"not_picked":["Bullet Time","Adrenaline"],"picked":"After Image+1","floor":16},{"not_picked":["Blade Dance","Terror"],"picked":"Underhanded Strike+1","floor":18},{"not_picked":["PiercingWail","Deflect"],"picked":"Choke","floor":19},{"not_picked":["Backflip","Outmaneuver"],"picked":"Predator","floor":24},{"not_picked":["Deflect","Dodge and Roll"],"picked":"Leg Sweep","floor":27},{"not_picked":["Riddle With Holes","Bane"],"picked":"Prepared","floor":31},{"not_picked":["Unload","Burst"],"picked":"Adrenaline","floor":33},{"not_picked":["Blur","Quick Slash"],"picked":"Acrobatics+1","floor":34},{"not_picked":["Deadly Poison","Slice"],"picked":"Quick Slash+1","floor":35},{"not_picked":["Blade Dance","Dodge and Roll+1"],"picked":"Heel Hook+1","floor":36},{"not_picked":["Dodge and Roll","Endless Agony","Choke"],"picked":"SKIP","floor":37},{"not_picked":["Violence","Chrysalis"],"picked":"Panache+1","floor":38},{"not_picked":["Master of Strategy","Chrysalis"],"picked":"Panache+1","floor":38},{"not_picked":["HandOfGreed","Blind"],"picked":"Mind Blast","floor":38},{"not_picked":["Bane","Deflect+1"],"picked":"Reflex","floor":41},{"not_picked":["Calculated Gamble+1","Acrobatics+1"],"picked":"Distraction+1","floor":44},{"not_picked":["Deflect+1","Poisoned Stab"],"picked":"Underhanded Strike","floor":45},{"not_picked":["Underhanded Strike","Accuracy+1"],"picked":"Prepared+1","floor":46},{"not_picked":["Skewer","Quick Slash"],"picked":"Catalyst+1","floor":47},{"not_picked":["Venomology+1","Dagger Spray"],"picked":"Deadly Poison+1","floor":48}],"player_experience":589596,"relics_obtained":[{"floor":9,"key":"Frozen Egg 2"},{"floor":14,"key":"Orichalcum"},{"floor":27,"key":"Omamori"},{"floor":31,"key":"Bag of Marbles"},{"floor":36,"key":"Turnip"},{"floor":41,"key":"Toxic Egg 2"},{"floor":43,"key":"Ancient Tea Set"},{"floor":45,"key":"Bottled Flame"},{"floor":46,"key":"Unceasing Top"}],"event_choices":[{"damage_healed":0,"gold_gain":0,"player_choice":"Rummage","damage_taken":0,"relics_obtained":["WarpedTongs"],"max_hp_gain":0,"max_hp_loss":0,"event_name":"Accursed Blacksmith","floor":2,"gold_loss":0,"cards_obtained":["Pain"]},{"damage_healed":0,"gold_gain":0,"player_choice":"Success","damage_taken":33,"relics_obtained":["Mummified Hand"],"max_hp_gain":0,"max_hp_loss":0,"event_name":"Scrap Ooze","floor":5,"gold_loss":0},{"damage_healed":0,"gold_gain":0,"player_choice":"Box","damage_taken":0,"relics_obtained":["Bag of Preparation"],"max_hp_gain":0,"max_hp_loss":0,"event_name":"Big Fish","floor":7,"gold_loss":0,"cards_obtained":["Regret"]},{"damage_healed":0,"gold_gain":275,"player_choice":"Desecrate","damage_taken":0,"max_hp_gain":0,"max_hp_loss":0,"event_name":"Golden Shrine","floor":8,"gold_loss":0,"cards_obtained":["Regret"]},{"damage_healed":0,"gold_gain":0,"player_choice":"Upgraded","damage_taken":0,"max_hp_gain":0,"max_hp_loss":0,"event_name":"Upgrade Shrine","floor":13,"gold_loss":0,"cards_upgraded":["Bandage Up"]},{"damage_healed":0,"gold_gain":0,"player_choice":"Shed Blood","damage_taken":18,"max_hp_gain":5,"max_hp_loss":0,"event_name":"Forgotten Altar","floor":20,"gold_loss":0},{"damage_healed":0,"gold_gain":0,"player_choice":"Ignored","damage_taken":0,"max_hp_gain":0,"max_hp_loss":0,"event_name":"Ghosts","floor":21,"gold_loss":0},{"cards_removed":["Regret","Regret"],"damage_healed":0,"gold_gain":0,"player_choice":"Removed Curses","damage_taken":0,"max_hp_gain":0,"max_hp_loss":0,"event_name":"Fountain of Cleansing","floor":22,"gold_loss":0},{"damage_healed":0,"gold_gain":0,"player_choice":"Bought 0 Potions","damage_taken":0,"max_hp_gain":0,"max_hp_loss":0,"event_name":"The Woman in Blue","floor":28,"gold_loss":0},{"damage_healed":0,"gold_gain":0,"player_choice":"Fight","damage_taken":0,"max_hp_gain":0,"max_hp_loss":0,"event_name":"MindBloom","floor":36,"gold_loss":0},{"damage_healed":0,"gold_gain":0,"player_choice":"Memory 3","damage_taken":10,"max_hp_gain":0,"max_hp_loss":0,"event_name":"SensoryStone","floor":38,"gold_loss":0},{"cards_removed":["Strike_G"],"damage_healed":0,"gold_gain":0,"player_choice":"Removed Attack","damage_taken":0,"max_hp_gain":0,"max_hp_loss":0,"event_name":"Falling","floor":39,"gold_loss":0},{"damage_healed":0,"gold_gain":0,"player_choice":"Fight","damage_taken":0,"max_hp_gain":0,"max_hp_loss":0,"event_name":"Mysterious Sphere","floor":46,"gold_loss":0}],"is_beta":false,"boss_relics":[{"not_picked":["Calling Bell","White Beast Statue"],"picked":"Ectoplasm"},{"not_picked":["Coffee Dripper","Orrery"],"picked":"Tiny House"}],"items_purged_floors":[11],"is_endless":false,"potions_floor_spawned":[10,12,16,19,24,33,36,45,46,48],"ascension_level":12}