{"gold_per_floor":[110,210,223,223,52,52,88,101,126,26,26,45,45,45,45,165,165,75,75,75,89,102,102,1,1,25,39,39,39,39],"floor_reached":30,"playtime":906,"items_purged":["Injury","Strike_B"],"score":302,"play_id":"bea6a7ee-f760-4ea7-981c-8953ddc569ba","local_time":"20180914112246","is_ascension_mode":true,"campfire_choices":[{"data":"Rainbow","floor":6,"key":"SMITH"},{"floor":13,"key":"REST"},{"data":"Hologram","floor":15,"key":"SMITH"},{"floor":23,"key":"REST"},{"data":"Discovery","floor":25,"key":"SMITH"}],"neow_cost":"NONE","seed_source_timestamp":132856833374577,"circlet_count":0,"master_deck":["Strike_B","Strike_B","Strike_B","Defend_B","Defend_B","Defend_B","Zap","Dualcast","Rainbow+1","Sweeping Beam","Consume","Dark Shackles","Undo","BootSequence","Hologram+1","Thunder Strike","Auto Shields+1","Writhe","Rip and Tear+1","Discovery+1","Double Energy","Shame"],"relics":["FrozenCore","Golden Idol","Blood Vial","Ancient Tea Set","Orichalcum","Darkstone Periapt","MutagenicStrength","Potion Belt","Letter Opener"],"potions_floor_usage":[16,18,30],"damage_taken":[{"damage":10,"enemies":"2 Louse","floor":1,"turns":3},{"damage":0,"enemies":"Cultist","floor":3,"turns":4},{"damage":26,"enemies":"Lagavulin","floor":7,"turns":6},{"damage":3,"enemies":"Small Slimes","floor":8,"turns":3},{"damage":13,"enemies":"Exordium Wildlife","floor":12,"turns":7},{"damage":9,"enemies":"Hexaghost","floor":16,"turns":9},{"damage":21,"enemies":"2 Thieves","floor":18,"turns":5},{"damage":7,"enemies":"Shell Parasite","floor":21,"turns":10},{"damage":28,"enemies":"Snecko","floor":22,"turns":10},{"damage":5,"enemies":"Snake Plant","floor":27,"turns":5},{"damage":58,"enemies":"3 Cultists","floor":30,"turns":6}],"seed_played":"83684470698234816","potions_obtained":[{"floor":12,"key":"FocusPotion"},{"floor":16,"key":"SteroidPotion"},{"floor":22,"key":"FearPotion"},{"floor":27,"key":"AttackPotion"}],"is_trial":false,"path_per_floor":["M","?","M","?","$","R","E","M","T","$","?","M","R","T","R","B",null,"M","?","?","M","M","R","$","R","T","M","?","$"],"character_chosen":"DEFECT","items_purchased":["Dark Shackles","Discovery"],"campfire_rested":2,"item_purchase_floors":[5,24],"current_hp_per_floor":[58,58,58,58,58,58,32,31,31,31,31,20,42,42,42,35,65,46,52,52,47,21,45,45,45,45,42,48,48,0],"gold":39,"neow_bonus":"ONE_RANDOM_RARE_CARD","is_prod":false,"is_daily":false,"chose_seed":false,"campfire_upgraded":3,"win_rate":0,"timestamp":1536938566,"path_taken":["M","?","M","?","$","R","E","M","T","$","?","M","R","?","R","BOSS","M","?","?","?","M","R","$","R","T","M","?","$","M"],"build_version":"2018-09-06","purchased_purges":2,"victory":false,"max_hp_per_floor":[75,75,75,75,75,75,75,75,75,75,75,75,75,75,75,75,75,75,81,81,81,81,81,81,81,81,81,87,87,87],"card_choices":[{"not_picked":["Rebound","Cold Snap"],"picked":"Sweeping Beam","floor":1},{"not_picked":["Hologram","Leap"],"picked":"Consume","floor":3},{"not_picked":["Streamline","Conserve Battery"],"picked":"Undo","floor":7},{"not_picked":["White Noise","Sweeping Beam"],"picked":"BootSequence","floor":8},{"not_picked":["Turbo","Darkness"],"picked":"Hologram","floor":12},{"not_picked":["Biased Cognition","Rainbow"],"picked":"Thunder Strike","floor":16},{"not_picked":["Streamline+1","Sweeping Beam"],"picked":"Auto Shields+1","floor":18},{"not_picked":["Sweeping Beam+1","Barrage+1","Cold Snap"],"picked":"SKIP","floor":21},{"not_picked":["Streamline","Fusion"],"picked":"Rip and Tear+1","floor":22},{"not_picked":["Go for the Eyes","Gash"],"picked":"Double Energy","floor":27}],"player_experience":529370,"relics_obtained":[{"floor":7,"key":"Blood Vial"},{"floor":9,"key":"Ancient Tea Set"},{"floor":14,"key":"Orichalcum"},{"floor":26,"key":"Potion Belt"}],"event_choices":[{"event_name":"Golden Shrine","player_choice":"Pray","floor":2,"damage_taken":0},{"event_name":"Golden Idol","player_choice":"Take Wound","floor":4,"damage_taken":0},{"event_name":"Bonfire Elementals","player_choice":"BASIC","floor":11,"damage_taken":0},{"event_name":"The Mausoleum","player_choice":"Yes","floor":19,"damage_taken":0},{"event_name":"Drug Dealer","player_choice":"Inject Mutagens","floor":20,"damage_taken":0},{"event_name":"Addict","player_choice":"Stole Relic","floor":28,"damage_taken":0}],"is_beta":false,"boss_relics":[{"not_picked":["White Beast Statue","Cursed Key"],"picked":"FrozenCore"}],"items_purged_floors":[5,10],"is_endless":false,"potions_floor_spawned":[12,16,22,27],"killed_by":"3 Cultists","ascension_level":7}