{"gold_per_floor":[118,133,208,208,208,248,248,248,273,273,307,37,62,85,85,215,215,235,235,235,16,30,30,69,69,69,90,90,0,0,20,20,20],"floor_reached":33,"playtime":1707,"items_purged":["Injury"],"score":350,"play_id":"c599cf9d-723e-4317-86cf-9060d7750d52","local_time":"20190409015651","is_ascension_mode":true,"campfire_choices":[{"floor":8,"key":"REST"},{"floor":10,"key":"REST"},{"floor":15,"key":"REST"},{"floor":23,"key":"REST"},{"data":"Zap","floor":25,"key":"SMITH"},{"floor":28,"key":"REST"},{"data":"Electrodynamics","floor":32,"key":"SMITH"}],"neow_cost":"NONE","seed_source_timestamp":38285388338128,"circlet_count":0,"master_deck":["Defend_B","Defend_B","Defend_B","Defend_B","Zap+1","Dualcast+1","Electrodynamics+1","Chaos","Go for the Eyes+1","Conserve Battery","Rebound","Ball Lightning","Gash","Gash","Ball Lightning","Thunder Strike","RitualDagger","Bite","Bite","Bite","Bite","Bite","Gash","Thunder Strike","Auto Shields","Glacier","Leap"],"relics":["Cracked Core","Dead Branch","Bloody Idol","Happy Flower","Dream Catcher","Strawberry","Cables","Inserter","Juzu Bracelet","Prayer Wheel","Meat on the Bone"],"potions_floor_usage":[16,24,24,27,31,33],"damage_taken":[{"damage":10,"enemies":"Cultist","floor":1,"turns":4},{"damage":0,"enemies":"2 Louse","floor":2,"turns":1},{"damage":37,"enemies":"Lagavulin","floor":6,"turns":8},{"damage":10,"enemies":"3 Sentries","floor":11,"turns":3},{"damage":12,"enemies":"Jaw Worm","floor":13,"turns":2},{"damage":16,"enemies":"3 Louse","floor":14,"turns":3},{"damage":29,"enemies":"The Guardian","floor":16,"turns":10},{"damage":33,"enemies":"2 Thieves","floor":18,"turns":3},{"damage":24,"enemies":"3 Byrds","floor":22,"turns":4},{"damage":31,"enemies":"Slavers","floor":24,"turns":4},{"damage":28,"enemies":"Snake Plant","floor":27,"turns":5},{"damage":17,"enemies":"Shelled Parasite and Fungi","floor":31,"turns":6},{"damage":83,"enemies":"Champ","floor":33,"turns":11}],"seed_played":"5389936700502524911","potions_obtained":[{"floor":1,"key":"Ancient Potion"},{"floor":6,"key":"FearPotion"},{"floor":16,"key":"SteroidPotion"},{"floor":18,"key":"Swift Potion"},{"floor":22,"key":"Block Potion"},{"floor":27,"key":"SpeedPotion"},{"floor":31,"key":"SpeedPotion"}],"is_trial":false,"path_per_floor":["M","M","?","T","?","E","?","R","T","R","E","$","M","M","R","B",null,"M","?","?","$","M","R","E","R","T","M","R","?","?","M","R","B"],"character_chosen":"DEFECT","items_purchased":["Cables","Gash","Juzu Bracelet"],"campfire_rested":5,"item_purchase_floors":[12,12,21],"current_hp_per_floor":[65,65,54,54,54,17,2,24,24,46,43,43,31,15,39,10,82,49,43,43,43,27,44,23,23,23,13,30,30,30,42,42,0],"gold":20,"neow_bonus":"ONE_RANDOM_RARE_CARD","is_prod":false,"is_daily":false,"chose_seed":false,"campfire_upgraded":2,"win_rate":0,"timestamp":1554789411,"path_taken":["M","?","?","?","?","E","?","R","T","R","E","?","M","M","R","BOSS","M","?","?","$","M","R","E","R","T","M","R","?","?","M","R","BOSS"],"build_version":"2019-01-23","purchased_purges":1,"victory":false,"max_hp_per_floor":[75,75,75,75,75,75,75,75,75,75,82,82,82,82,82,82,82,82,82,57,57,57,57,57,57,57,57,57,57,57,57,57,57],"card_choices":[{"not_picked":["Hologram","Streamline"],"picked":"Chaos","floor":1},{"not_picked":["Streamline","Conserve Battery"],"picked":"Go for the Eyes","floor":2},{"not_picked":["Turbo","Fusion"],"picked":"Conserve Battery","floor":6},{"not_picked":["Fusion","Genetic Algorithm"],"picked":"Rebound","floor":10},{"not_picked":["Seek","Chill"],"picked":"Ball Lightning","floor":11},{"not_picked":["Reprogram","Heatsinks","Scrape"],"picked":"SKIP","floor":13},{"not_picked":["Sweeping Beam","Beam Cell"],"picked":"Gash","floor":14},{"not_picked":["Redo","Rebound"],"picked":"Ball Lightning","floor":15},{"not_picked":["Electrodynamics","Echo Form"],"picked":"Thunder Strike","floor":16},{"not_picked":["Streamline","Rebound","Chill"],"picked":"SKIP","floor":18},{"not_picked":["Turbo","Cold Snap","Sweeping Beam"],"picked":"SKIP","floor":22},{"not_picked":["Rebound","Chill"],"picked":"Gash","floor":23},{"not_picked":["Skim","Turbo","Coolheaded"],"picked":"SKIP","floor":24},{"not_picked":["Doom and Gloom","Skim"],"picked":"Thunder Strike","floor":27},{"not_picked":["Rebound","Lockon"],"picked":"Auto Shields","floor":27},{"not_picked":["Compile Driver","Sweeping Beam+1"],"picked":"Glacier","floor":28},{"not_picked":["Rebound+1","Genetic Algorithm"],"picked":"Leap","floor":31},{"not_picked":["Coolheaded","Rebound+1","Barrage"],"picked":"SKIP","floor":31}],"player_experience":221711,"relics_obtained":[{"floor":4,"key":"Dead Branch"},{"floor":6,"key":"Happy Flower"},{"floor":9,"key":"Dream Catcher"},{"floor":11,"key":"Strawberry"},{"floor":24,"key":"Prayer Wheel"},{"floor":26,"key":"Meat on the Bone"}],"event_choices":[{"damage_healed":0,"gold_gain":75,"player_choice":"Gather Gold","damage_taken":11,"max_hp_gain":0,"max_hp_loss":0,"event_name":"World of Goop","floor":3,"gold_loss":0},{"damage_healed":0,"gold_gain":0,"player_choice":"Take Wound","damage_taken":0,"relics_obtained":["Golden Idol"],"max_hp_gain":0,"max_hp_loss":0,"event_name":"Golden Idol","floor":5,"gold_loss":0,"cards_obtained":["Injury"]},{"damage_healed":0,"gold_gain":0,"player_choice":"Entered Light","damage_taken":15,"max_hp_gain":0,"max_hp_loss":0,"event_name":"Shining Light","floor":7,"gold_loss":0,"cards_upgraded":["Dualcast","Go for the Eyes"]},{"damage_healed":0,"gold_gain":0,"player_choice":"Joined the Cult","damage_taken":6,"max_hp_gain":0,"max_hp_loss":0,"event_name":"Nest","floor":19,"gold_loss":0,"cards_obtained":["RitualDagger"]},{"damage_healed":0,"gold_gain":0,"player_choice":"Became a vampire","damage_taken":0,"max_hp_gain":0,"max_hp_loss":25,"event_name":"Vampires","floor":20,"gold_loss":0,"cards_obtained":["Bite","Bite","Bite","Bite","Bite"]},{"damage_healed":0,"gold_gain":0,"player_choice":"Paid Fearfully","damage_taken":0,"max_hp_gain":0,"max_hp_loss":0,"event_name":"Masked Bandits","floor":29,"gold_loss":90},{"damage_healed":0,"gold_gain":0,"player_choice":"Gave Idol","damage_taken":0,"relics_obtained":["Bloody Idol"],"max_hp_gain":0,"max_hp_loss":0,"event_name":"Forgotten Altar","floor":30,"relics_lost":["Golden Idol"],"gold_loss":0}],"is_beta":false,"boss_relics":[{"not_picked":["White Beast Statue","Busted Crown"],"picked":"Inserter"}],"items_purged_floors":[21],"is_endless":false,"potions_floor_spawned":[1,6,16,18,22,27,31],"killed_by":"Champ","ascension_level":4}