{"gold_per_floor":[119,119,119,135,151,151,483,483,483,517,517,533,54,54,54,151,151,169,180,205,222,147,173,18,37,61,73,85,97,109,134,146,158],"floor_reached":33,"playtime":1662,"items_purged":["Pain"],"score":273,"play_id":"c60418de-c5c8-4bef-bed9-c651c8c5da69","local_time":"20190501204653","is_ascension_mode":false,"campfire_choices":[{"floor":6,"key":"RECALL"},{"floor":8,"key":"REST"},{"floor":11,"key":"REST"},{"floor":15,"key":"REST"},{"floor":28,"key":"REST"},{"floor":30,"key":"REST"},{"floor":32,"key":"REST"}],"neow_cost":"NONE","seed_source_timestamp":457142414311977,"circlet_count":0,"master_deck":["Strike_B","Strike_B","Strike_B","Defend_B","Defend_B","Defend_B","Zap","Dualcast","Self Repair","Loop","Go for the Eyes","Electrodynamics","Redo","Glacier","Capacitor","White Noise","Scrape","Chaos","Zap","All For One","Clumsy","Shame","Static Discharge","Barrage","Cold Snap+1","Turbo","Doom and Gloom","Storm","Beam Cell","Double Energy"],"relics":["Cracked Core","NeowsBlessing","Old Coin","Mercury Hourglass","Strawberry","Pen Nib","PreservedInsect","Calling Bell","Happy Flower","Sundial","Pocketwatch","Lantern","Matryoshka","MawBank","Nilry\u0027s Codex"],"potions_floor_usage":[7,7,7,16,29,31],"damage_taken":[{"damage":0,"enemies":"Jaw Worm","floor":1,"turns":1},{"damage":0,"enemies":"Cultist","floor":4,"turns":1},{"damage":0,"enemies":"Small Slimes","floor":5,"turns":1},{"damage":66,"enemies":"3 Sentries","floor":7,"turns":12},{"damage":26,"enemies":"Lagavulin","floor":10,"turns":5},{"damage":12,"enemies":"Red Slaver","floor":12,"turns":3},{"damage":29,"enemies":"The Guardian","floor":16,"turns":10},{"damage":24,"enemies":"Spheric Guardian","floor":18,"turns":4},{"damage":7,"enemies":"Shell Parasite","floor":19,"turns":8},{"damage":2,"enemies":"Chosen and Byrds","floor":21,"turns":4},{"damage":22,"enemies":"Book of Stabbing","floor":23,"turns":5},{"damage":27,"enemies":"Centurion and Healer","floor":25,"turns":4},{"damage":39,"enemies":"Colosseum Slavers","floor":29,"turns":4},{"damage":14,"enemies":"Sentry and Sphere","floor":31,"turns":4},{"damage":65,"enemies":"Automaton","floor":33,"turns":6}],"seed_played":"-6636839372150290577","potions_obtained":[{"floor":4,"key":"Energy Potion"},{"floor":5,"key":"EntropicBrew"},{"floor":10,"key":"PowerPotion"},{"floor":12,"key":"Weak Potion"},{"floor":18,"key":"SneckoOil"}],"is_trial":false,"path_per_floor":["M","?","?","M","M","R","E","R","T","E","R","M","$","?","R","B",null,"M","M","T","M","$","E","$","M","T","?","R","?","R","M","R","B"],"character_chosen":"DEFECT","items_purchased":["Pen Nib","PreservedInsect","Capacitor","White Noise","Scrape","Doom and Gloom","Storm"],"campfire_rested":6,"item_purchase_floors":[13,13,13,13,13,24,24],"current_hp_per_floor":[75,68,68,68,68,68,9,31,31,19,43,38,38,38,62,40,82,65,65,65,70,70,55,55,35,35,19,43,4,28,14,38,0],"gold":158,"neow_bonus":"THREE_ENEMY_KILL","is_prod":false,"is_daily":false,"chose_seed":false,"campfire_upgraded":0,"win_rate":0,"timestamp":1556768813,"path_taken":["M","?","?","?","M","R","E","R","T","E","R","M","$","?","R","BOSS","M","M","?","M","$","E","?","M","T","?","R","?","R","M","R","BOSS"],"build_version":"2019-01-23","purchased_purges":1,"victory":false,"max_hp_per_floor":[75,75,75,75,75,75,75,75,75,82,82,82,82,82,82,82,82,82,82,82,82,82,82,82,82,82,82,82,82,82,82,82,82],"card_choices":[{"not_picked":["Conserve Battery","Steam"],"picked":"Self Repair","floor":1},{"not_picked":["Stack","Gash"],"picked":"Loop","floor":4},{"not_picked":["Rebound","Sweeping Beam"],"picked":"Go for the Eyes","floor":5},{"not_picked":["Barrage","Doom and Gloom"],"picked":"Electrodynamics","floor":7},{"not_picked":["Conserve Battery","Barrage"],"picked":"Redo","floor":10},{"not_picked":["Coolheaded","Lockon"],"picked":"Glacier","floor":12},{"not_picked":["Echo Form","Reboot"],"picked":"All For One","floor":16},{"not_picked":["Steam Power","Chaos"],"picked":"Static Discharge","floor":18},{"not_picked":["Cold Snap+1","Capacitor+1"],"picked":"Barrage","floor":19},{"not_picked":["Tempest","Ball Lightning"],"picked":"Cold Snap+1","floor":21},{"not_picked":["Loop","Hello World+1"],"picked":"Turbo","floor":23},{"not_picked":["Hologram","Reinforced Body"],"picked":"Beam Cell","floor":25},{"not_picked":["Force Field","Reinforced Body"],"picked":"Double Energy","floor":31}],"player_experience":519295,"relics_obtained":[{"floor":7,"key":"Old Coin"},{"floor":9,"key":"Mercury Hourglass"},{"floor":10,"key":"Strawberry"},{"floor":17,"key":"Happy Flower"},{"floor":17,"key":"Sundial"},{"floor":17,"key":"Pocketwatch"},{"floor":20,"key":"Lantern"},{"floor":23,"key":"Matryoshka"},{"floor":26,"key":"MawBank"},{"floor":27,"key":"Nilry\u0027s Codex"}],"event_choices":[{"cards_removed":["Strike_B"],"damage_healed":0,"gold_gain":0,"player_choice":"Card Removal","damage_taken":7,"max_hp_gain":0,"max_hp_loss":0,"event_name":"Golden Wing","floor":2,"gold_loss":0},{"cards_removed":["Defend_B"],"damage_healed":0,"gold_gain":0,"player_choice":"Purged","damage_taken":0,"max_hp_gain":0,"max_hp_loss":0,"event_name":"Purifier","floor":3,"gold_loss":0},{"damage_healed":0,"gold_gain":0,"player_choice":"2 cards matched","damage_taken":0,"max_hp_gain":0,"max_hp_loss":0,"event_name":"Match and Keep!","floor":14,"gold_loss":0,"cards_obtained":["Chaos","Zap"]},{"damage_healed":0,"gold_gain":0,"player_choice":"Obtained Book","damage_taken":16,"max_hp_gain":0,"max_hp_loss":0,"event_name":"Cursed Tome","floor":27,"gold_loss":0},{"damage_healed":0,"gold_gain":0,"player_choice":"Fight","damage_taken":0,"max_hp_gain":0,"max_hp_loss":0,"event_name":"Colosseum","floor":29,"gold_loss":0},{"damage_healed":0,"gold_gain":0,"player_choice":"Fled From Nobs","damage_taken":0,"max_hp_gain":0,"max_hp_loss":0,"event_name":"Colosseum","floor":29,"gold_loss":0}],"is_beta":false,"boss_relics":[{"not_picked":["Inserter","Ectoplasm"],"picked":"Calling Bell"}],"items_purged_floors":[22],"is_endless":false,"potions_floor_spawned":[4,5,10,12,18,25,29],"killed_by":"Automaton","ascension_level":0}