{"gold_per_floor":[112,112,132,132,57,57,57,72,72,82,93,93,110,110],"floor_reached":14,"playtime":334,"items_purged":["Defend_B"],"score":111,"play_id":"f45eca17-88a3-4a01-8611-d70044e4fa3a","local_time":"20180713083329","is_ascension_mode":true,"campfire_choices":[{"data":"Hologram","floor":6,"key":"SMITH"},{"data":"Streamline","floor":12,"key":"SMITH"}],"neow_cost":"TEN_PERCENT_HP_LOSS","seed_source_timestamp":47767979177051,"circlet_count":0,"master_deck":["Strike_B","Strike_B","Defend_B","Zap","Dualcast","Coolheaded","Hologram+1","Streamline+1","Gash"],"relics":["Cracked Core","Smiling Mask"],"potions_floor_usage":[14],"damage_taken":[{"damage":9,"enemies":"Jaw Worm","floor":1,"turns":4},{"damage":0,"enemies":"2 Louse","floor":3,"turns":2},{"damage":1,"enemies":"Cultist","floor":8,"turns":3},{"damage":7,"enemies":"Blue Slaver","floor":10,"turns":3},{"damage":15,"enemies":"Exordium Wildlife","floor":11,"turns":4},{"damage":6,"enemies":"Looter","floor":13,"turns":3},{"damage":21,"enemies":"Lagavulin","floor":14,"turns":3}],"seed_played":"-5768396143252917476","potions_obtained":[{"floor":10,"key":"Energy Potion"},{"floor":13,"key":"SneckoOil"}],"is_trial":false,"path_per_floor":["M","?","M","?","$","R","?","M","T","M","M","R","M"],"character_chosen":"DEFECT","items_purchased":[],"campfire_rested":0,"item_purchase_floors":[],"current_hp_per_floor":[59,59,59,56,56,56,49,48,48,41,26,26,20,0],"gold":110,"neow_bonus":"TRANSFORM_TWO_CARDS","is_prod":false,"is_daily":false,"chose_seed":false,"campfire_upgraded":2,"win_rate":0,"timestamp":1531442009,"path_taken":["M","?","M","?","$","R","?","M","T","M","?","R","?","E"],"build_version":"2018-07-05","purchased_purges":1,"victory":false,"max_hp_per_floor":[68,68,68,68,68,68,68,68,68,68,68,68,68,68],"card_choices":[{"not_picked":["Rebound","Redo","Conserve Battery"],"picked":"SKIP","floor":1},{"not_picked":["Rebound","Recycle","Beam Cell"],"picked":"SKIP","floor":3},{"not_picked":["Heatsinks","Ball Lightning","Barrage"],"picked":"SKIP","floor":8},{"not_picked":["Sunder","Storm"],"picked":"Streamline","floor":10},{"not_picked":["Beam Cell","FTL"],"picked":"Gash","floor":11},{"not_picked":["Reinforced Body","Consume","Darkness"],"picked":"SKIP","floor":13}],"player_experience":290427,"relics_obtained":[{"floor":9,"key":"Smiling Mask"}],"event_choices":[{"event_name":"Living Wall","player_choice":"Forget","floor":2,"damage_taken":0},{"event_name":"Scrap Ooze","player_choice":"unsuccessful","floor":4,"damage_taken":3},{"event_name":"Golden Wing","player_choice":"Card Removal","floor":7,"damage_taken":0}],"boss_relics":[],"items_purged_floors":[5],"is_endless":false,"potions_floor_spawned":[10,13],"killed_by":"Lagavulin","ascension_level":7}