{"gold_per_floor":[114,124,140,33,33,33,63,77,157,157,173,190,223,223,223,325,325,342,342,342,342,354,354,368,368],"floor_reached":25,"playtime":1289,"items_purged":[],"score":286,"play_id":"90a8296f-4b59-4a29-9c4b-6f14fb207b50","local_time":"20180831064602","is_ascension_mode":true,"campfire_choices":[{"data":"Rip and Tear","floor":6,"key":"SMITH"},{"data":"Rip and Tear","floor":10,"key":"SMITH"},{"data":"Beam Cell","floor":15,"key":"SMITH"},{"data":"Sweeping Beam","floor":23,"key":"SMITH"}],"neow_cost":"NONE","seed_source_timestamp":881864826849,"circlet_count":0,"master_deck":["Strike_B","Strike_B","Strike_B","Defend_B","Defend_B","Zap","Dualcast","Recycle+1","Hologram+1","Auto Shields+1","Lockon","Rip and Tear+1","Bandage Up","Self Repair","Rip and Tear+1","Sweeping Beam+1","Beam Cell+1","Defragment+1","Core Surge","Leap+1","Tempest","Turbo"],"relics":["Astrolabe","Sundial","Bag of Preparation","Frozen Egg 2","Lantern","Inserter","Pen Nib"],"potions_floor_usage":[7,8,13,13],"damage_taken":[{"damage":0,"enemies":"2 Louse","floor":1,"turns":2},{"damage":3,"enemies":"Small Slimes","floor":2,"turns":4},{"damage":2,"enemies":"Jaw Worm","floor":3,"turns":3},{"damage":30,"enemies":"3 Sentries","floor":7,"turns":9},{"damage":12,"enemies":"Exordium Wildlife","floor":8,"turns":4},{"damage":0,"enemies":"Red Slaver","floor":11,"turns":2},{"damage":0,"enemies":"2 Fungi Beasts","floor":12,"turns":2},{"damage":0,"enemies":"Gremlin Nob","floor":13,"turns":2},{"damage":53,"enemies":"The Guardian","floor":16,"turns":7},{"damage":18,"enemies":"Spheric Guardian","floor":18,"turns":4},{"damage":24,"enemies":"Shell Parasite","floor":22,"turns":6},{"damage":31,"enemies":"Sentry and Sphere","floor":24,"turns":4},{"damage":39,"enemies":"Slavers","floor":25,"turns":3}],"seed_played":"5056330933518677614","potions_obtained":[{"floor":1,"key":"SkillPotion"},{"floor":2,"key":"Energy Potion"},{"floor":7,"key":"Poison Potion"},{"floor":12,"key":"Poison Potion"},{"floor":16,"key":"FocusPotion"}],"is_trial":false,"path_per_floor":["M","M","M","$","?","R","E","M","T","R","M","M","E","$","R","B",null,"M","$","?","?","M","R","M"],"character_chosen":"DEFECT","items_purchased":["Bandage Up"],"campfire_rested":0,"item_purchase_floors":[4],"current_hp_per_floor":[75,72,70,70,58,58,32,31,31,31,38,49,60,60,60,11,75,68,68,68,68,55,55,35,0],"gold":368,"neow_bonus":"BOSS_RELIC","is_prod":false,"is_daily":false,"chose_seed":false,"campfire_upgraded":4,"win_rate":0,"timestamp":1535712362,"path_taken":["M","M","M","$","?","R","E","M","T","R","M","M","E","$","R","BOSS","M","$","?","?","M","R","?","E"],"build_version":"2018-08-30","purchased_purges":0,"victory":false,"max_hp_per_floor":[75,75,75,75,75,75,75,75,75,75,75,75,75,75,75,75,75,75,75,75,75,75,75,75,75],"card_choices":[{"not_picked":["Recycle","Steam"],"picked":"Lockon","floor":1},{"not_picked":["Recycle","Beam Cell"],"picked":"Rip and Tear","floor":2},{"not_picked":["Rebound","Gash","Conserve Battery"],"picked":"SKIP","floor":3},{"not_picked":["Double Energy","Steam"],"picked":"Self Repair","floor":7},{"not_picked":["Go for the Eyes","Rebound"],"picked":"Rip and Tear","floor":8},{"not_picked":["Barrage","Rebound"],"picked":"Sweeping Beam","floor":11},{"not_picked":["Turbo","Streamline"],"picked":"Beam Cell","floor":12},{"not_picked":["Self Repair+1","Recycle"],"picked":"Defragment+1","floor":13},{"not_picked":["Meteor Strike","Thunder Strike"],"picked":"Core Surge","floor":16},{"not_picked":["Streamline+1","Heatsinks+1"],"picked":"Leap+1","floor":18},{"not_picked":["Rip and Tear","Go for the Eyes"],"picked":"Turbo","floor":22},{"not_picked":["Scrape+1","Leap","Doom and Gloom"],"picked":"SKIP","floor":24}],"player_experience":495289,"relics_obtained":[{"floor":7,"key":"Bag of Preparation"},{"floor":9,"key":"Frozen Egg 2"},{"floor":13,"key":"Lantern"}],"event_choices":[{"event_name":"Scrap Ooze","player_choice":"success","floor":5,"damage_taken":12},{"event_name":"WeMeetAgain","player_choice":"Potion","floor":20,"damage_taken":0},{"event_name":"The Library","player_choice":"Read","floor":21,"damage_taken":0}],"is_beta":false,"boss_relics":[{"not_picked":["Fusion Hammer","White Beast Statue"],"picked":"Inserter"}],"items_purged_floors":[],"is_endless":false,"potions_floor_spawned":[1,2,7,12,16],"killed_by":"Slavers","ascension_level":4}