{"gold_per_floor":[118,118,3,15,15,51,51,82,82,82,96,96,110,110,110,229,229,253,278,25,25,150,150],"floor_reached":23,"playtime":1423,"items_purged":["Doubt","Injury"],"score":315,"play_id":"e48843e6-c7a7-4e1c-a15f-255f5e9c9e75","local_time":"20190506114217","is_ascension_mode":true,"campfire_choices":[{"floor":7,"key":"REST"},{"floor":10,"key":"REST"},{"floor":12,"key":"REST"},{"floor":15,"key":"REST"}],"neow_cost":"CURSE","seed_source_timestamp":62231975257954,"circlet_count":0,"master_deck":["AscendersBane","Defend_G+1","Defend_G","Defend_G","Defend_G","Defend_G","Strike_G","Strike_G+1","Strike_G+1","Strike_G","Strike_G","Survivor","Neutralize","Backstab","Acrobatics","Noxious Fumes","Prepared","Outmaneuver","Heel Hook","Choke","Backflip","Footwork","Well Laid Plans","Accuracy","A Thousand Cuts","Leg Sweep","Tactician","Blade Dance+1","Reflex+1","Escape Plan"],"relics":["Ring of the Snake","Prayer Wheel","Golden Idol","Question Card","Ninja Scroll","Potion Belt","Shuriken","Fusion Hammer","War Paint","Gambling Chip","The Courier"],"potions_floor_usage":[6,6,22,23],"damage_taken":[{"damage":0,"enemies":"Small Slimes","floor":1,"turns":5},{"damage":0,"enemies":"2 Louse","floor":4,"turns":2},{"damage":22,"enemies":"Gremlin Nob","floor":6,"turns":4},{"damage":45,"enemies":"Lagavulin","floor":8,"turns":8},{"damage":0,"enemies":"Jaw Worm","floor":11,"turns":3},{"damage":4,"enemies":"Lots of Slimes","floor":13,"turns":4},{"damage":26,"enemies":"The Guardian","floor":16,"turns":12},{"damage":22,"enemies":"Shell Parasite","floor":18,"turns":5},{"damage":0,"enemies":"Chosen","floor":19,"turns":4},{"damage":0,"enemies":"Colosseum Slavers","floor":22,"turns":3},{"damage":7,"enemies":"Colosseum Nobs","floor":22,"turns":6},{"damage":35,"enemies":"Gremlin Leader","floor":23,"turns":4}],"seed_played":"315195148825542639","potions_obtained":[{"floor":1,"key":"Explosive Potion"},{"floor":4,"key":"Fire Potion"},{"floor":13,"key":"GamblersBrew"},{"floor":18,"key":"SpeedPotion"}],"is_trial":false,"path_per_floor":["M","?","$","M","?","E","R","E","T","R","M","R","M","T","R","B",null,"M","M","$","?","?","E"],"character_chosen":"THE_SILENT","items_purchased":["Noxious Fumes","War Paint"],"campfire_rested":4,"item_purchase_floors":[3,20],"current_hp_per_floor":[63,49,49,49,49,27,48,3,3,24,24,45,41,41,62,36,62,40,40,40,40,33,0],"gold":150,"neow_bonus":"ONE_RARE_RELIC","is_prod":false,"is_daily":false,"chose_seed":false,"campfire_upgraded":0,"win_rate":0,"timestamp":1557168137,"path_taken":["M","?","$","M","?","E","R","E","T","R","M","R","M","?","R","BOSS","M","?","$","?","?","E"],"build_version":"2019-01-23","purchased_purges":2,"victory":false,"max_hp_per_floor":[70,70,70,70,70,70,70,70,70,70,70,70,70,70,70,70,70,70,70,70,70,70,70],"card_choices":[{"not_picked":["Deadly Poison","Dagger Spray"],"picked":"Backstab","floor":1},{"not_picked":["Infinite Blades","Deflect"],"picked":"Acrobatics","floor":1},{"not_picked":["Dagger Spray","Flechettes"],"picked":"Prepared","floor":4},{"not_picked":["PiercingWail","Crippling Poison"],"picked":"Outmaneuver","floor":4},{"not_picked":["Accuracy","Infinite Blades"],"picked":"Heel Hook","floor":6},{"not_picked":["Acrobatics","Grand Finale","Setup"],"picked":"Choke","floor":8},{"not_picked":["Outmaneuver","Finisher","Calculated Gamble"],"picked":"Backflip","floor":11},{"not_picked":["Flying Knee","Blur","Skewer","Footwork"],"picked":"SKIP","floor":11},{"not_picked":["Flying Knee","Blur","Skewer"],"picked":"Footwork","floor":11},{"not_picked":["Sucker Punch","Quick Slash","All Out Attack"],"picked":"Well Laid Plans","floor":13},{"not_picked":["Dagger Throw","Masterful Stab","Finisher"],"picked":"Accuracy","floor":13},{"not_picked":["Unload","Venomology","Die Die Die"],"picked":"A Thousand Cuts","floor":16},{"not_picked":["Acrobatics","Bouncing Flask","Dodge and Roll"],"picked":"Leg Sweep","floor":18},{"not_picked":["Sucker Punch","Reflex","Escape Plan"],"picked":"Tactician","floor":18},{"not_picked":["Dash","All Out Attack","Terror"],"picked":"Blade Dance","floor":19},{"not_picked":["Bane","Quick Slash","Dagger Spray"],"picked":"Reflex+1","floor":19},{"not_picked":["Flying Knee","Predator","Setup+1"],"picked":"Escape Plan","floor":22}],"player_experience":581114,"relics_obtained":[{"floor":6,"key":"Question Card"},{"floor":8,"key":"Ninja Scroll"},{"floor":9,"key":"Potion Belt"},{"floor":14,"key":"Shuriken"},{"floor":22,"key":"Gambling Chip"},{"floor":22,"key":"The Courier"}],"event_choices":[{"damage_healed":0,"gold_gain":0,"player_choice":"Entered Light","damage_taken":14,"max_hp_gain":0,"max_hp_loss":0,"event_name":"Shining Light","floor":2,"gold_loss":0,"cards_upgraded":["Strike_G","Strike_G"]},{"damage_healed":0,"gold_gain":0,"player_choice":"Take Wound","damage_taken":0,"relics_obtained":["Golden Idol"],"max_hp_gain":0,"max_hp_loss":0,"event_name":"Golden Idol","floor":5,"gold_loss":0,"cards_obtained":["Injury"]},{"damage_healed":0,"gold_gain":0,"player_choice":"Ignored","damage_taken":0,"max_hp_gain":0,"max_hp_loss":0,"event_name":"Beggar","floor":21,"gold_loss":0},{"damage_healed":0,"gold_gain":0,"player_choice":"Fight","damage_taken":0,"max_hp_gain":0,"max_hp_loss":0,"event_name":"Colosseum","floor":22,"gold_loss":0},{"damage_healed":0,"gold_gain":0,"player_choice":"Fought Nobs","damage_taken":0,"max_hp_gain":0,"max_hp_loss":0,"event_name":"Colosseum","floor":22,"gold_loss":0}],"is_beta":false,"boss_relics":[{"not_picked":["White Beast Statue","Empty Cage"],"picked":"Fusion Hammer"}],"items_purged_floors":[3,20],"is_endless":false,"potions_floor_spawned":[1,4,13,18],"killed_by":"Gremlin Leader","ascension_level":12}