{"gold_per_floor":[117,134,145,46,58,58,85,85,85,102,102,134,114,133,133,207,207,207],"floor_reached":18,"playtime":489,"items_purged":["Strike_R"],"score":400,"play_id":"aa8b7a6f-c053-48a7-9ac2-a7d28ef01d7e","local_time":"20190506092607","is_ascension_mode":true,"campfire_choices":[{"data":"Inflame","floor":6,"key":"SMITH"},{"data":"Pommel Strike","floor":8,"key":"SMITH"},{"floor":15,"key":"REST"}],"neow_cost":"TEN_PERCENT_HP_LOSS","seed_source_timestamp":87404776170900,"circlet_count":0,"master_deck":["AscendersBane","Strike_R","Strike_R","Defend_R","Defend_R","Bash","Pommel Strike+1","Rage","Inflame+1","Sword Boomerang","Metallicize","Flex"],"relics":["Burning Blood","Champion Belt","Ginger","FossilizedHelix","Bag of Marbles","Empty Cage"],"potions_floor_usage":[10,16,16],"damage_taken":[{"damage":11,"enemies":"Cultist","floor":1,"turns":4},{"damage":10,"enemies":"2 Louse","floor":2,"turns":3},{"damage":4,"enemies":"Small Slimes","floor":3,"turns":4},{"damage":27,"enemies":"Exordium Thugs","floor":5,"turns":5},{"damage":24,"enemies":"Gremlin Nob","floor":7,"turns":4},{"damage":11,"enemies":"Exordium Wildlife","floor":10,"turns":3},{"damage":10,"enemies":"3 Sentries","floor":12,"turns":6},{"damage":5,"enemies":"Blue Slaver","floor":14,"turns":3},{"damage":0,"enemies":"Slime Boss","floor":16,"turns":3},{"damage":64,"enemies":"3 Byrds","floor":18,"turns":5}],"seed_played":"-3203692237685478139","potions_obtained":[{"floor":1,"key":"GamblersBrew"},{"floor":2,"key":"FearPotion"},{"floor":7,"key":"BloodPotion"},{"floor":12,"key":"SteroidPotion"}],"is_trial":false,"path_per_floor":["M","M","M","$","M","R","E","R","T","M","?","E","?","M","R","B",null,"M"],"character_chosen":"IRONCLAD","items_purchased":["Sword Boomerang"],"campfire_rested":1,"item_purchase_floors":[4],"current_hp_per_floor":[63,59,61,61,40,40,22,22,22,23,23,19,19,20,40,46,63,0],"gold":207,"neow_bonus":"REMOVE_TWO","is_prod":false,"is_daily":false,"chose_seed":false,"campfire_upgraded":2,"win_rate":0,"timestamp":1557105967,"path_taken":["M","M","?","$","M","R","E","R","T","M","?","E","?","M","R","BOSS","M"],"build_version":"2019-01-23","purchased_purges":1,"victory":false,"max_hp_per_floor":[68,68,68,68,68,68,68,68,68,68,68,68,68,68,68,68,68,68],"card_choices":[{"not_picked":["Power Through","Anger"],"picked":"Pommel Strike","floor":1},{"not_picked":["Anger","True Grit"],"picked":"Rage","floor":2},{"not_picked":["Armaments","Combust"],"picked":"Inflame","floor":3},{"not_picked":["Pommel Strike","Warcry","Bludgeon"],"picked":"SKIP","floor":5},{"not_picked":["Rupture","Twin Strike"],"picked":"Metallicize","floor":7},{"not_picked":["Clothesline","Pommel Strike","Anger"],"picked":"SKIP","floor":10},{"not_picked":["Clothesline","True Grit"],"picked":"Flex","floor":12},{"not_picked":["Headbutt","Sever Soul","Havoc"],"picked":"SKIP","floor":14}],"player_experience":574785,"relics_obtained":[{"floor":7,"key":"Champion Belt"},{"floor":9,"key":"Ginger"},{"floor":12,"key":"Bag of Marbles"}],"event_choices":[{"damage_healed":0,"gold_gain":0,"player_choice":"Searched \u00271\u0027 times","damage_taken":0,"relics_obtained":["FossilizedHelix"],"max_hp_gain":0,"max_hp_loss":0,"event_name":"Dead Adventurer","floor":11,"gold_loss":0},{"damage_healed":0,"gold_gain":0,"player_choice":"Bought 1 Potion","damage_taken":0,"max_hp_gain":0,"max_hp_loss":0,"event_name":"The Woman in Blue","floor":13,"gold_loss":0}],"is_beta":false,"boss_relics":[{"not_picked":["Fusion Hammer","Tiny House"],"picked":"Empty Cage"}],"items_purged_floors":[4],"is_endless":false,"potions_floor_spawned":[1,2,7,12],"killed_by":"3 Byrds","ascension_level":16}