{"gold_per_floor":[111,36,56,56,56,56,76,76,103,103,117,117,139,139,139,139],"floor_reached":16,"playtime":287,"items_purged":["Decay"],"score":119,"play_id":"b3a522c5-59ce-49b3-9080-497f641778d5","local_time":"20180914110729","is_ascension_mode":true,"campfire_choices":[{"data":"Genetic Algorithm","floor":6,"key":"SMITH"},{"data":"Streamline","floor":8,"key":"SMITH"},{"data":"Turbo","floor":12,"key":"SMITH"},{"floor":15,"key":"REST"}],"neow_cost":"CURSE","seed_source_timestamp":132559080428883,"circlet_count":0,"master_deck":["Strike_B","Strike_B","Strike_B","Strike_B","Defend_B","Defend_B","Defend_B","Defend_B","Zap","Dualcast","Hyperbeam+1","Genetic Algorithm+1","Streamline+1","Regret","Turbo+1","Beam Cell"],"relics":["Cracked Core","Frozen Egg 2","Bag of Marbles","Singing Bowl","Odd Mushroom"],"potions_floor_usage":[16],"damage_taken":[{"damage":6,"enemies":"2 Louse","floor":1,"turns":2},{"damage":5,"enemies":"Small Slimes","floor":3,"turns":3},{"damage":0,"enemies":"Jaw Worm","floor":7,"turns":1},{"damage":0,"enemies":"Blue Slaver","floor":11,"turns":2},{"damage":27,"enemies":"The Mushroom Lair","floor":13,"turns":3},{"damage":42,"enemies":"The Guardian","floor":16,"turns":8}],"seed_played":"442756033125856741","potions_obtained":[{"floor":1,"key":"SpeedPotion"}],"is_trial":false,"path_per_floor":["M","$","M","?","?","R","M","R","T","?","M","R","?","?","R"],"character_chosen":"DEFECT","items_purchased":[],"campfire_rested":1,"item_purchase_floors":[],"current_hp_per_floor":[62,62,57,57,57,57,57,57,57,45,45,45,18,18,40,0],"gold":139,"neow_bonus":"THREE_RARE_CARDS","is_prod":false,"is_daily":false,"chose_seed":false,"campfire_upgraded":3,"win_rate":0,"timestamp":1536937649,"path_taken":["M","$","M","?","?","R","?","R","T","?","M","R","?","?","R","BOSS"],"build_version":"2018-09-06","purchased_purges":1,"victory":false,"max_hp_per_floor":[75,75,75,75,75,75,75,75,75,75,75,75,75,75,75,75],"card_choices":[{"not_picked":["Multi-Cast","Machine Learning"],"picked":"Hyperbeam","floor":0},{"not_picked":["Darkness","Rebound"],"picked":"Genetic Algorithm","floor":1},{"not_picked":["Recycle","Steam"],"picked":"Streamline","floor":3},{"not_picked":["Barrage","Ball Lightning","Tempest"],"picked":"SKIP","floor":7},{"not_picked":["Conserve Battery","Compile Driver"],"picked":"Turbo","floor":11},{"not_picked":["Aggregate","Seek"],"picked":"Beam Cell","floor":13}],"player_experience":529083,"relics_obtained":[{"floor":9,"key":"Bag of Marbles"},{"floor":13,"key":"Odd Mushroom"}],"event_choices":[{"event_name":"Big Fish","player_choice":"Box","floor":4,"damage_taken":0},{"event_name":"Living Wall","player_choice":"Grow","floor":5,"damage_taken":0},{"event_name":"Scrap Ooze","player_choice":"success","floor":10,"damage_taken":12},{"event_name":"Mushrooms","player_choice":"Fought Mushrooms","floor":13,"damage_taken":0},{"event_name":"Golden Idol","player_choice":"Ignored","floor":14,"damage_taken":0}],"is_beta":false,"boss_relics":[],"items_purged_floors":[2],"is_endless":false,"potions_floor_spawned":[1],"killed_by":"The Guardian","ascension_level":7}