{"gold_per_floor":[119,119,144,144,67,102,102,78,104,122,146,164,164,187,187,317,380,395,414,67,92,92,126,126,126,149,183,208,223,244,284,284,414,414,432,22,22,37,52,91,91,111,164,164,164,189,189,207,207,207],"floor_reached":50,"playtime":2004,"items_purged":[],"score":584,"play_id":"25f5f65b-0b64-428c-930b-bca768bad0ac","local_time":"20181030063306","is_ascension_mode":false,"campfire_choices":[{"floor":7,"key":"REST"},{"floor":13,"key":"REST"},{"data":"Beam Cell","floor":15,"key":"SMITH"},{"data":"Streamline","floor":24,"key":"SMITH"},{"floor":32,"key":"REST"},{"data":"1","floor":41,"key":"LIFT"},{"data":"2","floor":45,"key":"LIFT"},{"data":"3","floor":49,"key":"LIFT"}],"neow_cost":"NONE","seed_source_timestamp":413023084980040,"circlet_count":0,"master_deck":["Strike_B","Strike_B","Defend_B","Defend_B+1","Defend_B","Defend_B","Zap","Dualcast","Leap","Ball Lightning","All For One","Steam","Beam Cell+1","Streamline+1","Machine Learning","Streamline","All For One","Leap","Blind","Leap","Rebound","Hologram+1","Steam+1","Static Discharge+1","Loop+1","Core Surge","Leap+1","Go for the Eyes","Jack Of All Trades","Defragment+1","Reprogram+1","BootSequence"],"relics":["Cracked Core","Golden Idol","Incense Burner","Blood Vial","Tiny House","Ornamental Fan","PreservedInsect","Dead Branch","Turnip","Bag of Preparation","Girya","Cables","Coffee Dripper","Nunchaku","Strawberry","Regal Pillow"],"potions_floor_usage":[23,23,23,27,28,29,30,31,31,40,50,50],"damage_taken":[{"damage":3,"enemies":"2 Louse","floor":1,"turns":2},{"damage":8,"enemies":"Jaw Worm","floor":3,"turns":3},{"damage":33,"enemies":"Lagavulin","floor":6,"turns":8},{"damage":1,"enemies":"Cultist","floor":10,"turns":3},{"damage":0,"enemies":"Exordium Thugs","floor":11,"turns":1},{"damage":11,"enemies":"Large Slime","floor":12,"turns":4},{"damage":0,"enemies":"Lots of Slimes","floor":14,"turns":1},{"damage":23,"enemies":"The Guardian","floor":16,"turns":8},{"damage":19,"enemies":"3 Byrds","floor":18,"turns":5},{"damage":7,"enemies":"Spheric Guardian","floor":19,"turns":5},{"damage":13,"enemies":"Book of Stabbing","floor":23,"turns":5},{"damage":47,"enemies":"Gremlin Leader","floor":27,"turns":8},{"damage":11,"enemies":"Snecko","floor":28,"turns":5},{"damage":28,"enemies":"Centurion and Healer","floor":29,"turns":7},{"damage":2,"enemies":"Cultist and Chosen","floor":30,"turns":6},{"damage":6,"enemies":"Book of Stabbing","floor":31,"turns":3},{"damage":36,"enemies":"Champ","floor":33,"turns":12},{"damage":16,"enemies":"3 Darklings","floor":35,"turns":4},{"damage":0,"enemies":"3 Shapes","floor":38,"turns":4},{"damage":4,"enemies":"Sphere and 2 Shapes","floor":39,"turns":4},{"damage":30,"enemies":"Reptomancer","floor":40,"turns":4},{"damage":5,"enemies":"Writhing Mass","floor":42,"turns":5},{"damage":0,"enemies":"Transient","floor":46,"turns":5},{"damage":33,"enemies":"Jaw Worm Horde","floor":48,"turns":3},{"damage":44,"enemies":"Awakened One","floor":50,"turns":3}],"seed_played":"7892849465522487702","potions_obtained":[{"floor":3,"key":"Energy Potion"},{"floor":10,"key":"SteroidPotion"},{"floor":11,"key":"EntropicBrew"},{"floor":17,"key":"Ancient Potion"},{"floor":27,"key":"Regen Potion"},{"floor":28,"key":"LiquidBronze"},{"floor":29,"key":"Block Potion"},{"floor":31,"key":"Explosive Potion"},{"floor":33,"key":"Dexterity Potion"},{"floor":40,"key":"FairyPotion"},{"floor":42,"key":"FocusPotion"}],"is_trial":false,"path_per_floor":["M","?","M","?","$","E","R","$","T","M","M","M","R","M","R","B",null,"M","M","$","T","?","E","R","?","T","E","M","M","M","E","R","B",null,"M","$","?","M","M","E","R","M","T","?","R","M","?","M","R"],"character_chosen":"DEFECT","items_purchased":["All For One","Beam Cell","Ornamental Fan","Blind","Go for the Eyes","Nunchaku","Jack Of All Trades"],"campfire_rested":3,"item_purchase_floors":[5,8,20,20,36,36,36],"current_hp_per_floor":[72,54,46,46,46,13,35,35,35,36,38,29,51,53,53,32,80,61,56,56,56,90,77,77,77,77,32,32,21,21,17,44,10,90,74,74,74,76,74,53,53,50,50,50,50,52,52,21,21,0],"gold":207,"neow_bonus":"ONE_RANDOM_RARE_CARD","is_prod":false,"is_daily":false,"chose_seed":false,"campfire_upgraded":2,"win_rate":0,"timestamp":1540877586,"path_taken":["M","?","?","?","?","E","R","$","T","M","?","M","R","?","R","BOSS","M","M","$","?","?","E","R","?","T","E","M","?","M","E","R","BOSS","M","$","?","M","M","E","R","M","T","?","R","M","?","M","R","BOSS"],"build_version":"2018-10-29v2","purchased_purges":0,"victory":false,"max_hp_per_floor":[75,75,75,75,75,75,75,75,75,75,75,75,75,75,75,75,80,80,80,80,80,90,90,90,90,90,90,90,90,90,90,90,90,90,90,90,90,90,90,97,97,97,97,97,97,97,94,94,94,94],"card_choices":[{"not_picked":["Coolheaded","Steam"],"picked":"Leap","floor":1},{"not_picked":["Darkness","Fusion"],"picked":"Ball Lightning","floor":3},{"not_picked":["Rebound","Fusion"],"picked":"Steam","floor":6},{"not_picked":["Aggregate","Sweeping Beam"],"picked":"Streamline","floor":10},{"not_picked":["Rip and Tear","Redo"],"picked":"Machine Learning","floor":11},{"not_picked":["Rebound","Leap"],"picked":"Streamline","floor":12},{"not_picked":["Turbo","Redo","Hologram"],"picked":"SKIP","floor":14},{"not_picked":["Fission","Electrodynamics"],"picked":"All For One","floor":16},{"not_picked":["Hologram","Static Discharge"],"picked":"Leap","floor":17},{"not_picked":["Force Field","Chill","Rebound"],"picked":"SKIP","floor":18},{"not_picked":["Cold Snap","Aggregate+1","Barrage"],"picked":"SKIP","floor":19},{"not_picked":["Redo","Hyperbeam"],"picked":"Leap","floor":23},{"not_picked":["White Noise","Lockon"],"picked":"Rebound","floor":27},{"not_picked":["Rebound+1","Turbo"],"picked":"Hologram+1","floor":28},{"not_picked":["Beam Cell","Auto Shields"],"picked":"Steam+1","floor":29},{"not_picked":["Sweeping Beam","Multi-Cast"],"picked":"Static Discharge+1","floor":30},{"not_picked":["Creative AI","Barrage"],"picked":"Loop+1","floor":31},{"not_picked":["Creative AI","All For One"],"picked":"Core Surge","floor":33},{"not_picked":["Capacitor","Ball Lightning+1"],"picked":"Leap+1","floor":35},{"not_picked":["Compile Driver","Streamline","Turbo+1"],"picked":"SKIP","floor":38},{"not_picked":["Ball Lightning+1","Cold Snap"],"picked":"Defragment+1","floor":39},{"not_picked":["White Noise","Consume","Force Field+1"],"picked":"SKIP","floor":40},{"not_picked":["Lockon+1","Stack"],"picked":"Reprogram+1","floor":42},{"not_picked":["Sunder+1","Static Discharge"],"picked":"BootSequence","floor":46},{"not_picked":["All For One","Ball Lightning+1","Rebound+1"],"picked":"SKIP","floor":48}],"player_experience":169202,"relics_obtained":[{"floor":6,"key":"Incense Burner"},{"floor":9,"key":"Blood Vial"},{"floor":21,"key":"PreservedInsect"},{"floor":23,"key":"Dead Branch"},{"floor":26,"key":"Bag of Preparation"},{"floor":27,"key":"Girya"},{"floor":31,"key":"Cables"},{"floor":40,"key":"Strawberry"},{"floor":43,"key":"Regal Pillow"}],"event_choices":[{"damage_healed":0,"gold_gain":0,"player_choice":"Take Damage","damage_taken":18,"relics_obtained":["Golden Idol"],"max_hp_gain":0,"max_hp_loss":0,"event_name":"Golden Idol","floor":2,"gold_loss":0},{"cards_removed":["Strike_B"],"damage_healed":0,"gold_gain":0,"player_choice":"Forget","damage_taken":0,"max_hp_gain":0,"max_hp_loss":0,"event_name":"Living Wall","floor":4,"gold_loss":0},{"cards_removed":["Hyperbeam"],"damage_healed":24,"gold_gain":0,"player_choice":"Offered Rare","damage_taken":0,"max_hp_gain":10,"max_hp_loss":0,"event_name":"Bonfire Elementals","floor":22,"gold_loss":0},{"damage_healed":0,"gold_gain":0,"player_choice":"Opened","damage_taken":0,"relics_obtained":["Turnip"],"max_hp_gain":0,"max_hp_loss":0,"event_name":"The Mausoleum","floor":25,"gold_loss":0,"cards_obtained":["Writhe"]},{"cards_removed":["Writhe"],"damage_healed":0,"gold_gain":0,"player_choice":"Card Removal","damage_taken":0,"max_hp_gain":0,"max_hp_loss":0,"event_name":"Wheel of Change","floor":37,"gold_loss":0},{"cards_removed":["Strike_B"],"damage_healed":0,"gold_gain":0,"player_choice":"Removed Attack","damage_taken":0,"max_hp_gain":0,"max_hp_loss":0,"event_name":"Falling","floor":44,"gold_loss":0},{"cards_removed":["Parasite"],"damage_healed":0,"gold_gain":0,"player_choice":"Removed Curses","damage_taken":0,"max_hp_gain":0,"max_hp_loss":0,"event_name":"Fountain of Cleansing","floor":47,"gold_loss":0}],"is_beta":true,"boss_relics":[{"not_picked":["Empty Cage","Fusion Hammer"],"picked":"Tiny House"},{"not_picked":["Cursed Key","Black Star"],"picked":"Coffee Dripper"}],"items_purged_floors":[],"is_endless":false,"potions_floor_spawned":[3,10,11,12,27,28,29,31,33,40,42],"killed_by":"Awakened One","ascension_level":0}