{"gold_per_floor":[111,111,111,85,99,129,195,208,231,250,300,369,369,381,381,381],"floor_reached":16,"playtime":425,"items_purged":[],"score":245,"play_id":"7e47d1cd-15be-4524-817b-ac66db4f126d","local_time":"20181120152114","is_ascension_mode":true,"campfire_choices":[{"data":"Whirlwind","floor":13,"key":"SMITH"},{"data":"Flex","floor":15,"key":"SMITH"}],"neow_cost":"NONE","seed_source_timestamp":0,"circlet_count":0,"master_deck":["AscendersBane","Strike_R","Strike_R","Strike_R","Strike_R","Strike_R","Defend_R","Defend_R","Defend_R","Defend_R","Bash","Whirlwind+1","Clash","Flame Barrier","Flex+1","Feed","Twin Strike","Headbutt"],"special_seed":0,"relics":["Burning Blood","NeowsBlessing","SsserpentHead","Bag of Preparation","PreservedInsect"],"potions_floor_usage":[12,12,16],"damage_taken":[{"damage":0.0,"enemies":"2 Louse","floor":1.0,"turns":1.0},{"damage":0.0,"enemies":"Cultist","floor":5.0,"turns":1.0},{"damage":0.0,"enemies":"3 Sentries","floor":6.0,"turns":1.0},{"damage":14.0,"enemies":"Jaw Worm","floor":7.0,"turns":4.0},{"damage":35,"enemies":"Gremlin Gang","floor":8,"turns":5},{"damage":14,"enemies":"Blue Slaver","floor":10,"turns":5},{"damage":0,"enemies":"Large Slime","floor":12,"turns":3},{"damage":2,"enemies":"Red Slaver","floor":14,"turns":3},{"damage":57,"enemies":"Slime Boss","floor":16,"turns":7}],"seed_played":"3883604219054413430","potions_obtained":[{"floor":7.0,"key":"Regen Potion"},{"floor":10,"key":"PowerPotion"},{"floor":12,"key":"BloodPotion"},{"floor":14,"key":"Regen Potion"}],"is_trial":false,"path_per_floor":["M","$","?","$","M","E","M","M","T","M","?","M","R","M","R","B"],"character_chosen":"IRONCLAD","items_purchased":["Whirlwind"],"campfire_rested":0,"item_purchase_floors":[4],"current_hp_per_floor":[74,74,74,74,75,75,67,38,38,30,30,48,48,55,55,5],"gold":381,"neow_bonus":"THREE_ENEMY_KILL","is_prod":false,"is_daily":false,"chose_seed":false,"campfire_upgraded":2,"win_rate":0,"timestamp":1542745274,"path_taken":["M","$","?","?","M","E","?","M","T","M","?","?","R","M","R","BOSS"],"build_version":"2018-11-15","purchased_purges":0,"victory":false,"max_hp_per_floor":[75,75,75,75,75,75,75,75,75,75,75,75,75,78,78,78],"card_choices":[{"not_picked":["Body Slam","Ghostly Armor"],"picked":"Perfected Strike","floor":1.0},{"not_picked":["Shrug It Off","Body Slam"],"picked":"Clash","floor":5.0},{"not_picked":["Wild Strike","Seeing Red"],"picked":"Flame Barrier","floor":6.0},{"not_picked":["Heavy Blade","Anger"],"picked":"Flex","floor":7.0},{"not_picked":["Rampage","Bloodletting"],"picked":"Feed","floor":8},{"not_picked":["Clothesline","Blood for Blood","Carnage"],"picked":"SKIP","floor":10},{"not_picked":["Rage","Iron Wave"],"picked":"Twin Strike","floor":12},{"not_picked":["Havoc","Barricade"],"picked":"Headbutt","floor":14}],"player_experience":752736,"relics_obtained":[{"floor":6.0,"key":"Bag of Preparation"},{"floor":9,"key":"PreservedInsect"}],"event_choices":[{"damage_healed":0.0,"max_hp_gain":0.0,"max_hp_loss":0.0,"gold_gain":0.0,"event_name":"FaceTrader","player_choice":"Trade","floor":3.0,"gold_loss":0.0,"damage_taken":0.0,"relics_obtained":["SsserpentHead"]},{"cards_removed":["Perfected Strike"],"damage_healed":0,"gold_gain":0,"player_choice":"Purged","damage_taken":0,"max_hp_gain":0,"max_hp_loss":0,"event_name":"Purifier","floor":11,"gold_loss":0}],"is_beta":false,"boss_relics":[],"items_purged_floors":[],"is_endless":false,"potions_floor_spawned":[7,10,12,14],"killed_by":"Slime Boss","ascension_level":18}