{"gold_per_floor":[119,119,145,159,179,206,233,213,239,239,252,284,302,335,335,412,412,332,346,219,235,235,235,248,274,320,320],"floor_reached":27,"playtime":1928,"items_purged":["Fire Breathing"],"score":489,"play_id":"9986618d-347f-4a27-9f95-fb7ce4279eca","local_time":"20190517134314","is_ascension_mode":true,"campfire_choices":[{"floor":10.0,"key":"REST"},{"floor":15.0,"key":"REST"},{"floor":23.0,"key":"REST"}],"neow_cost":"NONE","seed_source_timestamp":3985184651131796,"circlet_count":0,"master_deck":["AscendersBane","Bash+1","Metallicize","Rampage","True Grit","Headbutt","Blood for Blood","True Grit+1","Warcry","Dropkick","Exhume","Impervious","Dual Wield","Burning Pact","Feel No Pain","Second Wind","Inflame","Disarm","Shrug It Off","Thunderclap","Reckless Charge"],"special_seed":0,"relics":["Burning Blood","Bag of Preparation","Orichalcum","Odd Mushroom","PreservedInsect","Oddly Smooth Stone","War Paint","Pandora\u0027s Box","Anchor","Dream Catcher"],"potions_floor_usage":[],"damage_taken":[{"damage":12.0,"enemies":"Cultist","floor":1.0,"turns":4.0},{"damage":2.0,"enemies":"Jaw Worm","floor":4.0,"turns":5.0},{"damage":9.0,"enemies":"Small Slimes","floor":5.0,"turns":4.0},{"damage":35.0,"enemies":"Gremlin Nob","floor":6.0,"turns":5.0},{"damage":21.0,"enemies":"The Mushroom Lair","floor":7.0,"turns":5.0},{"damage":18.0,"enemies":"3 Louse","floor":11.0,"turns":3.0},{"damage":16.0,"enemies":"Lagavulin","floor":12.0,"turns":5.0},{"damage":9.0,"enemies":"Gremlin Gang","floor":13.0,"turns":6.0},{"damage":10.0,"enemies":"Gremlin Nob","floor":14.0,"turns":4.0},{"damage":51.0,"enemies":"Slime Boss","floor":16.0,"turns":10.0},{"damage":11.0,"enemies":"2 Thieves","floor":18.0,"turns":4.0},{"damage":22.0,"enemies":"Spheric Guardian","floor":19.0,"turns":8.0},{"damage":6.0,"enemies":"Snake Plant","floor":21.0,"turns":6.0},{"damage":19.0,"enemies":"Centurion and Healer","floor":24.0,"turns":9.0},{"damage":54,"enemies":"Slavers","floor":25,"turns":9},{"damage":13,"enemies":"Cultist and Chosen","floor":27,"turns":5}],"seed_played":"4587219831820973815","potions_obtained":[{"floor":1.0,"key":"Block Potion"},{"floor":4.0,"key":"Block Potion"},{"floor":8.0,"key":"Fruit Juice"},{"floor":12.0,"key":"Block Potion"},{"floor":14.0,"key":"SteroidPotion"},{"floor":21.0,"key":"SmokeBomb"},{"floor":24.0,"key":"Block Potion"}],"is_trial":false,"path_per_floor":["M","?","T","M","M","E","?","?","T","R","M","E","M","E","R","B",null,"M","M","$","M","?","R","M","E","T","M"],"character_chosen":"IRONCLAD","items_purchased":["Thunderclap"],"campfire_rested":3,"item_purchase_floors":[20],"current_hp_per_floor":[69,69,69,73,70,41,26,26,26,57,45,35,32,28,54,9,68,63,47,47,47,47,73,60,12,12,0],"gold":320,"neow_bonus":"TEN_PERCENT_HP_BONUS","is_prod":false,"is_daily":false,"chose_seed":false,"campfire_upgraded":0,"win_rate":0,"timestamp":1558078994,"path_taken":["M","?","?","M","M","E","?","?","T","R","?","E","M","E","R","BOSS","M","M","$","M","?","R","M","E","T","M"],"build_version":"2019-01-23","purchased_purges":1,"victory":false,"max_hp_per_floor":[82,82,82,82,82,82,82,82,82,87,87,87,87,87,87,87,87,87,87,87,87,87,87,87,87,87,87],"card_choices":[{"not_picked":["Infernal Blade","Burning Pact"],"picked":"Metallicize","floor":1.0},{"not_picked":["Bloodletting","True Grit"],"picked":"Rampage","floor":4.0},{"not_picked":["Iron Wave","Whirlwind","Anger"],"picked":"SKIP","floor":5.0},{"not_picked":["Shrug It Off","Whirlwind"],"picked":"True Grit","floor":6.0},{"not_picked":["Reckless Charge","Clash"],"picked":"Headbutt","floor":7.0},{"not_picked":["Dark Embrace","Rage"],"picked":"Blood for Blood","floor":11.0},{"not_picked":["Anger","Bloodletting"],"picked":"True Grit","floor":12.0},{"not_picked":["Heavy Blade","Flex"],"picked":"Warcry","floor":13.0},{"not_picked":["Cleave","Evolve"],"picked":"Dropkick","floor":14.0},{"not_picked":["Barricade","Limit Break"],"picked":"Exhume","floor":16.0},{"not_picked":["Sever Soul","Warcry+1","Clash"],"picked":"SKIP","floor":18.0},{"not_picked":["Flex","Anger","Clothesline"],"picked":"SKIP","floor":19.0},{"not_picked":["Dropkick","Shrug It Off"],"picked":"Reckless Charge","floor":21.0},{"not_picked":["Body Slam","Wild Strike","Headbutt"],"picked":"SKIP","floor":24.0},{"not_picked":["Havoc","Twin Strike","Headbutt"],"picked":"SKIP","floor":25}],"player_experience":1363351,"relics_obtained":[{"floor":3.0,"key":"Bag of Preparation"},{"floor":6.0,"key":"Orichalcum"},{"floor":7.0,"key":"Odd Mushroom"},{"floor":9.0,"key":"PreservedInsect"},{"floor":12.0,"key":"Oddly Smooth Stone"},{"floor":14.0,"key":"War Paint"},{"floor":25,"key":"Anchor"},{"floor":26,"key":"Dream Catcher"}],"event_choices":[{"damage_healed":0.0,"max_hp_gain":0.0,"max_hp_loss":0.0,"gold_gain":0.0,"event_name":"Living Wall","player_choice":"Grow","floor":2.0,"gold_loss":0.0,"damage_taken":0.0,"cards_upgraded":["Bash"]},{"damage_healed":0.0,"max_hp_gain":0.0,"max_hp_loss":0.0,"gold_gain":0.0,"event_name":"Mushrooms","player_choice":"Fought Mushrooms","floor":7.0,"gold_loss":0.0,"damage_taken":0.0},{"damage_healed":0.0,"max_hp_gain":0.0,"max_hp_loss":0.0,"gold_gain":0.0,"event_name":"The Woman in Blue","player_choice":"Bought 1 Potion","floor":8.0,"gold_loss":0.0,"damage_taken":0.0},{"damage_healed":0.0,"max_hp_gain":0.0,"max_hp_loss":0.0,"gold_gain":0.0,"event_name":"Vampires","player_choice":"Ignored","floor":22.0,"gold_loss":0.0,"damage_taken":0.0}],"is_beta":false,"boss_relics":[{"not_picked":["Sozu","White Beast Statue"],"picked":"Pandora\u0027s Box"}],"items_purged_floors":[20],"is_endless":false,"potions_floor_spawned":[1,4,5,12,14,21,24],"killed_by":"Cultist and Chosen","ascension_level":19}