{"gold_per_floor":[20,20,36,52,67,96,96,127,127,127,139,65,83,99,99,197,197,216,166,91,109,119,151,151,151,174,189,214,214,234,265,265,368,368,381,131,131,142,104,104,137,137,206,232,232,232,263,276,276,276],"floor_reached":51,"playtime":8254,"items_purged":["Strike_B","Strike_B"],"score":1171,"play_id":"2f6fa4bf-c394-4b5e-a747-7efd429cfb05","local_time":"20190514164325","is_ascension_mode":true,"campfire_choices":[{"floor":7.0,"key":"REST"},{"data":"Coolheaded","floor":10,"key":"SMITH"},{"data":"Defragment","floor":15,"key":"SMITH"},{"floor":25,"key":"REST"},{"data":"Turbo","floor":29,"key":"SMITH"},{"data":"White Noise","floor":32,"key":"SMITH"},{"data":"Echo Form","floor":40,"key":"SMITH"},{"floor":45,"key":"REST"},{"floor":49,"key":"REST"}],"neow_cost":"NO_GOLD","seed_source_timestamp":231287601909776,"circlet_count":0,"master_deck":["Strike_B","Defend_B","Defend_B","Defend_B","Defend_B","Zap+1","Dualcast","Glacier","FTL","Ball Lightning","Coolheaded+1","Electrodynamics","Ball Lightning","Conserve Battery","Defragment+1","Doom and Gloom+1","Compile Driver+1","Loop","Self Repair","Creative AI+1","Turbo+1","Stack+1","Sunder+1","Defragment+1","Reinforced Body","Go for the Eyes+1","White Noise+1","Aggregate","Go for the Eyes+1","Echo Form","Echo Form+1","Consume+1","Coolheaded+1","Loop","Stack+1","Defragment+1","Turbo+1","Storm+1"],"special_seed":0,"relics":["Cracked Core","Oddly Smooth Stone","Prayer Wheel","Molten Egg 2","Runic Pyramid","Dodecahedron","DataDisk","Lantern","Toxic Egg 2","Philosopher\u0027s Stone","Strawberry","Boot","Frozen Egg 2","Bag of Preparation","SsserpentHead","Regal Pillow"],"potions_floor_usage":[16,23,23,23,38,44,50],"damage_taken":[{"damage":1.0,"enemies":"Jaw Worm","floor":1.0,"turns":4.0},{"damage":2.0,"enemies":"Cultist","floor":3.0,"turns":4.0},{"damage":0.0,"enemies":"2 Louse","floor":4.0,"turns":2.0},{"damage":15.0,"enemies":"Exordium Thugs","floor":5.0,"turns":6.0},{"damage":18.0,"enemies":"3 Sentries","floor":6.0,"turns":10.0},{"damage":6,"enemies":"Gremlin Nob","floor":8,"turns":3},{"damage":2,"enemies":"Blue Slaver","floor":11,"turns":3},{"damage":0,"enemies":"Looter","floor":13,"turns":4},{"damage":12,"enemies":"Exordium Thugs","floor":14,"turns":4},{"damage":24,"enemies":"Hexaghost","floor":16,"turns":8},{"damage":7,"enemies":"Shell Parasite","floor":18,"turns":7},{"damage":6,"enemies":"Chosen","floor":21,"turns":5},{"damage":8,"enemies":"Snake Plant","floor":22,"turns":3},{"damage":22,"enemies":"Slavers","floor":23,"turns":3},{"damage":9,"enemies":"Centurion and Healer","floor":27,"turns":6},{"damage":11,"enemies":"Gremlin Leader","floor":28,"turns":5},{"damage":0,"enemies":"Snecko","floor":30,"turns":3},{"damage":0,"enemies":"Book of Stabbing","floor":31,"turns":8},{"damage":18,"enemies":"Champ","floor":33,"turns":10},{"damage":12,"enemies":"Orb Walker","floor":35,"turns":4},{"damage":18,"enemies":"3 Shapes","floor":38,"turns":8},{"damage":10,"enemies":"Reptomancer","floor":41,"turns":7},{"damage":54,"enemies":"Nemesis","floor":44,"turns":5},{"damage":0,"enemies":"Reptomancer","floor":47,"turns":10},{"damage":13,"enemies":"Writhing Mass","floor":48,"turns":4},{"damage":42,"enemies":"Time Eater","floor":50,"turns":9}],"seed_played":"-2566589980798636333","potions_obtained":[{"floor":1.0,"key":"SkillPotion"},{"floor":4.0,"key":"GamblersBrew"},{"floor":5.0,"key":"Energy Potion"},{"floor":11,"key":"Energy Potion"},{"floor":14,"key":"Poison Potion"},{"floor":16,"key":"Block Potion"},{"floor":27,"key":"AttackPotion"},{"floor":28,"key":"SteroidPotion"},{"floor":30,"key":"GamblersBrew"},{"floor":37,"key":"Ancient Potion"},{"floor":48,"key":"SpeedPotion"}],"is_trial":false,"path_per_floor":["M","?","M","M","M","E","R","E","T","R","M","$","M","M","R","B",null,"M","?","$","M","M","E","?","R","T","M","E","R","M","E","R","B",null,"M","$","?","M","$","R","E","?","T","E","R","?","E","M","R","B",null],"character_chosen":"DEFECT","items_purchased":["Defragment","Strawberry","Loop"],"campfire_rested":4,"item_purchase_floors":[12,36,39],"current_hp_per_floor":[81,81,79,79,64,46,72,66,66,66,64,64,64,52,52,35,76,76,76,76,70,62,47,47,73,73,71,60,60,60,74,74,70,84,79,86,86,75,75,75,79,79,79,32,60,60,74,61,96,61],"gold":276,"neow_bonus":"TWENTY_PERCENT_HP_BONUS","is_prod":false,"is_daily":false,"chose_seed":false,"campfire_upgraded":5,"win_rate":0,"timestamp":1557866605,"path_taken":["M","?","M","M","M","E","R","E","T","R","?","$","M","M","R","BOSS","M","?","$","M","?","E","?","R","T","M","E","R","M","E","R","BOSS","M","?","?","?","$","R","E","?","T","E","R","?","E","M","R","BOSS"],"build_version":"2019-01-23","purchased_purges":2,"victory":true,"max_hp_per_floor":[89,89,89,89,89,89,89,89,89,89,89,89,89,89,89,89,89,89,89,89,89,89,89,89,89,89,89,89,89,89,89,89,89,89,89,96,96,96,96,96,96,96,96,96,96,96,96,96,96,96],"card_choices":[{"not_picked":["Sweeping Beam","Turbo"],"picked":"Glacier","floor":1.0},{"not_picked":["Conserve Battery","Chaos"],"picked":"FTL","floor":3.0},{"not_picked":["Gash","Steam"],"picked":"Ball Lightning","floor":4.0},{"not_picked":["Turbo","Force Field"],"picked":"Coolheaded","floor":5.0},{"not_picked":["Static Discharge","Recycle"],"picked":"Electrodynamics","floor":6.0},{"not_picked":["Redo","Amplify"],"picked":"Ball Lightning","floor":8},{"not_picked":["Stack","Rebound+1"],"picked":"Conserve Battery","floor":11},{"not_picked":["Conserve Battery","Recycle","Storm"],"picked":"SKIP","floor":11},{"not_picked":["Fusion","Gash+1"],"picked":"Doom and Gloom+1","floor":13},{"not_picked":["Steam","Steam Power"],"picked":"Compile Driver+1","floor":13},{"not_picked":["Fusion","Sweeping Beam+1"],"picked":"Loop","floor":14},{"not_picked":["Turbo","Redo"],"picked":"Self Repair","floor":14},{"not_picked":["Electrodynamics","Seek"],"picked":"Creative AI","floor":16},{"not_picked":["Barrage+1","Sweeping Beam+1","Coolheaded+1"],"picked":"SKIP","floor":18},{"not_picked":["Self Repair","Gash+1","Skim"],"picked":"SKIP","floor":18},{"not_picked":["Streamline+1","Cold Snap+1"],"picked":"Turbo","floor":21},{"not_picked":["Coolheaded","Stack+1","Go for the Eyes+1"],"picked":"SKIP","floor":21},{"not_picked":["Coolheaded","Go for the Eyes+1"],"picked":"Stack+1","floor":21},{"not_picked":["Rainbow","Streamline+1"],"picked":"Sunder+1","floor":22},{"not_picked":["Rip and Tear+1","Turbo"],"picked":"Defragment+1","floor":22},{"not_picked":["Self Repair","Conserve Battery+1"],"picked":"Reinforced Body","floor":23},{"not_picked":["Undo+1","Self Repair"],"picked":"Go for the Eyes+1","floor":27},{"not_picked":["Stack","Skim"],"picked":"White Noise","floor":27},{"not_picked":["Streamline+1","Ball Lightning+1"],"picked":"Aggregate","floor":28},{"not_picked":["Streamline+1","Ball Lightning+1"],"picked":"Go for the Eyes+1","floor":30},{"not_picked":["Leap","Aggregate+1"],"picked":"Echo Form","floor":30},{"not_picked":["Leap","Beam Cell+1","Ball Lightning+1"],"picked":"SKIP","floor":31},{"not_picked":["Core Surge+1","Meteor Strike+1"],"picked":"Echo Form","floor":33},{"not_picked":["Hello World","Rip and Tear+1"],"picked":"Consume+1","floor":35},{"not_picked":["Reprogram+1","Beam Cell+1","Lockon+1"],"picked":"SKIP","floor":35},{"not_picked":["BootSequence+1","Streamline+1"],"picked":"Coolheaded+1","floor":38},{"not_picked":["Consume+1","Hello World+1","Conserve Battery+1"],"picked":"SKIP","floor":38},{"not_picked":["Hyperbeam+1","Reprogram+1"],"picked":"Stack+1","floor":41},{"not_picked":["Stack+1","Barrage+1","Steam Power+1"],"picked":"SKIP","floor":44},{"not_picked":["Steam Power+1","Loop+1"],"picked":"Defragment+1","floor":47},{"not_picked":["Gash+1","Steam+1"],"picked":"Turbo+1","floor":48},{"not_picked":["Cold Snap+1","Stack+1"],"picked":"Storm+1","floor":48}],"player_experience":429218,"relics_obtained":[{"floor":6.0,"key":"Oddly Smooth Stone"},{"floor":8,"key":"Prayer Wheel"},{"floor":9,"key":"Molten Egg 2"},{"floor":23,"key":"Dodecahedron"},{"floor":26,"key":"DataDisk"},{"floor":28,"key":"Lantern"},{"floor":31,"key":"Toxic Egg 2"},{"floor":41,"key":"Boot"},{"floor":43,"key":"Frozen Egg 2"},{"floor":44,"key":"Bag of Preparation"},{"floor":47,"key":"Regal Pillow"}],"event_choices":[{"damage_healed":0.0,"max_hp_gain":0.0,"max_hp_loss":0.0,"gold_gain":0.0,"event_name":"Accursed Blacksmith","player_choice":"Forge","floor":2.0,"gold_loss":0.0,"damage_taken":0.0,"cards_upgraded":["Zap"]},{"damage_healed":0,"gold_gain":0,"player_choice":"Bet on Owner","damage_taken":0,"max_hp_gain":0,"max_hp_loss":0,"event_name":"The Joust","floor":19,"gold_loss":50},{"damage_healed":0,"gold_gain":0,"player_choice":"Upgraded","damage_taken":0,"max_hp_gain":0,"max_hp_loss":0,"event_name":"Upgrade Shrine","floor":24,"gold_loss":0,"cards_upgraded":["Creative AI"]},{"damage_healed":0,"gold_gain":0,"player_choice":"Got Potions","damage_taken":0,"max_hp_gain":0,"max_hp_loss":0,"event_name":"Lab","floor":37,"gold_loss":0},{"cards_removed":["Strike_B"],"damage_healed":0,"gold_gain":0,"player_choice":"Removed Attack","damage_taken":0,"max_hp_gain":0,"max_hp_loss":0,"event_name":"Falling","floor":42,"gold_loss":0},{"damage_healed":0,"gold_gain":0,"player_choice":"Trade","damage_taken":0,"relics_obtained":["SsserpentHead"],"max_hp_gain":0,"max_hp_loss":0,"event_name":"FaceTrader","floor":46,"gold_loss":0}],"is_beta":false,"boss_relics":[{"not_picked":["Fusion Hammer","Astrolabe"],"picked":"Runic Pyramid"},{"not_picked":["Calling Bell","Pandora\u0027s Box"],"picked":"Philosopher\u0027s Stone"}],"items_purged_floors":[20,36],"is_endless":false,"potions_floor_spawned":[1,4,5,11,14,16,27,28,30,31,35,48],"ascension_level":7}