{"gold_per_floor":[219,237,253,253,4,4,31,31,31,45,7,35,51,63,63,158,158,178,191,209,47,63,63,95,95,147,181,281,281,300,121,121,222,222,236,15,34,47,47,47,66,0,24,24,36,68,68,68,68,68],"floor_reached":51,"playtime":4074,"items_purged":[],"score":982,"play_id":"d5bcf223-2e40-40ad-a993-954f8a76d233","local_time":"20190429153929","is_ascension_mode":true,"campfire_choices":[{"data":"Neutralize","floor":6.0,"key":"SMITH"},{"floor":8.0,"key":"REST"},{"data":"Caltrops","floor":15.0,"key":"SMITH"},{"floor":23.0,"key":"REST"},{"data":"Noxious Fumes","floor":25.0,"key":"SMITH"},{"floor":29.0,"key":"REST"},{"data":"Strike_G","floor":32.0,"key":"PURGE"},{"floor":40.0,"key":"REST"},{"data":"Strike_G","floor":47.0,"key":"PURGE"},{"data":"Strike_G","floor":49.0,"key":"PURGE"}],"neow_cost":"NONE","seed_source_timestamp":2433126630246300,"circlet_count":0,"master_deck":["Defend_G","Defend_G","Defend_G","Defend_G","Defend_G","Strike_G","Strike_G","Survivor","Neutralize+1","Bouncing Flask","Sucker Punch","Well Laid Plans","Noxious Fumes+1","Poisoned Stab","Crippling Poison","Caltrops+1","Acrobatics","Dagger Spray+1","Die Die Die+1","Predator+1","Backflip+1","Acrobatics","Backflip","Bullet Time","Calculated Gamble+1","Acrobatics+1","Backflip","After Image","Bullet Time","Footwork+1","Riddle With Holes+1","Purity"],"special_seed":0,"relics":["Ring of the Snake","CultistMask","Regal Pillow","Molten Egg 2","Paper Crane","Meat on the Bone","Snecko Eye","Matryoshka","Bag of Preparation","Oddly Smooth Stone","Peace Pipe","Snake Skull","Orrery","PreservedInsect","Red Mask","Letter Opener","Happy Flower","Incense Burner"],"potions_floor_usage":[50,50,50],"damage_taken":[{"damage":5.0,"enemies":"Jaw Worm","floor":1.0,"turns":8.0},{"damage":0.0,"enemies":"Cultist","floor":2.0,"turns":3.0},{"damage":6.0,"enemies":"Small Slimes","floor":3.0,"turns":4.0},{"damage":28.0,"enemies":"Lagavulin","floor":7.0,"turns":7.0},{"damage":20.0,"enemies":"Exordium Thugs","floor":10.0,"turns":5.0},{"damage":15.0,"enemies":"Gremlin Nob","floor":12.0,"turns":4.0},{"damage":4.0,"enemies":"2 Fungi Beasts","floor":13.0,"turns":4.0},{"damage":1.0,"enemies":"Looter","floor":14.0,"turns":4.0},{"damage":8.0,"enemies":"Hexaghost","floor":16.0,"turns":9.0},{"damage":3.0,"enemies":"3 Byrds","floor":18.0,"turns":4.0},{"damage":16.0,"enemies":"Shell Parasite","floor":19.0,"turns":5.0},{"damage":5.0,"enemies":"Centurion and Healer","floor":20.0,"turns":7.0},{"damage":31.0,"enemies":"Cultist and Chosen","floor":22.0,"turns":6.0},{"damage":21.0,"enemies":"Slavers","floor":24.0,"turns":2.0},{"damage":24.0,"enemies":"Gremlin Leader","floor":27.0,"turns":5.0},{"damage":18.0,"enemies":"Sentry and Sphere","floor":30.0,"turns":5.0},{"damage":44.0,"enemies":"Automaton","floor":33.0,"turns":11.0},{"damage":0.0,"enemies":"Orb Walker","floor":35.0,"turns":2.0},{"damage":15.0,"enemies":"3 Darklings","floor":37.0,"turns":5.0},{"damage":5.0,"enemies":"Jaw Worm Horde","floor":38.0,"turns":4.0},{"damage":10.0,"enemies":"Transient","floor":41.0,"turns":5.0},{"damage":0.0,"enemies":"4 Shapes","floor":45.0,"turns":3.0},{"damage":1.0,"enemies":"Giant Head","floor":46.0,"turns":6.0},{"damage":30,"enemies":"Donu and Deca","floor":50,"turns":7}],"seed_played":"-4104465445341124020","potions_obtained":[{"floor":1.0,"key":"Explosive Potion"},{"floor":2.0,"key":"Weak Potion"},{"floor":10.0,"key":"SteroidPotion"},{"floor":18.0,"key":"Explosive Potion"},{"floor":19.0,"key":"Explosive Potion"},{"floor":30.0,"key":"Ancient Potion"},{"floor":33.0,"key":"Block Potion"},{"floor":37.0,"key":"AttackPotion"},{"floor":38.0,"key":"Fruit Juice"},{"floor":41.0,"key":"SteroidPotion"},{"floor":46.0,"key":"Swift Potion"}],"is_trial":false,"path_per_floor":["M","M","M","?","$","R","E","R","T","M","$","E","M","M","R","B",null,"M","M","M","$","M","R","E","R","T","E","?","R","M","$","R","B",null,"M","$","M","M","$","R","M","?","T","?","M","E","R","?","R","B",null],"character_chosen":"THE_SILENT","items_purchased":["Noxious Fumes","Poisoned Stab","Regal Pillow","Caltrops","Die Die Die+1","Snake Skull","Backflip","After Image","PreservedInsect"],"campfire_rested":4,"item_purchase_floors":[5,5,5,11,21,31,31,36,36],"current_hp_per_floor":[58,58,52,52,52,52,24,60,60,40,40,25,33,44,44,36,62,59,43,38,38,19,55,46,46,46,34,34,70,52,52,52,20,58,58,58,43,38,38,70,65,65,65,65,65,64,64,64,64,46],"gold":68,"neow_bonus":"HUNDRED_GOLD","is_prod":false,"is_daily":false,"chose_seed":false,"campfire_upgraded":3,"win_rate":0,"timestamp":1556530769,"path_taken":["M","M","M","?","$","R","E","R","T","M","?","E","?","M","R","BOSS","M","M","M","$","?","R","E","R","T","E","?","R","M","?","R","BOSS","M","$","M","M","$","R","M","?","T","?","M","E","R","?","R","BOSS"],"build_version":"2019-01-23","purchased_purges":0,"victory":true,"max_hp_per_floor":[70,70,70,70,70,70,70,70,70,70,70,70,70,70,70,70,70,70,70,70,70,70,70,70,70,70,70,70,70,70,70,70,70,70,70,70,70,70,70,70,75,75,75,71,71,71,71,71,71,71],"card_choices":[{"not_picked":["Setup","Blade Dance"],"picked":"Bouncing Flask","floor":1.0},{"not_picked":["Cloak And Dagger","Blur"],"picked":"Sucker Punch","floor":2.0},{"not_picked":["Reflex","Dodge and Roll"],"picked":"Well Laid Plans","floor":3.0},{"not_picked":["Flying Knee","Bane","Flechettes"],"picked":"SKIP","floor":7.0},{"not_picked":["Dodge and Roll","Endless Agony+1"],"picked":"Crippling Poison","floor":10.0},{"not_picked":["Quick Slash+1","Crippling Poison","Wraith Form v2"],"picked":"SKIP","floor":12.0},{"not_picked":["Dagger Throw+1","Underhanded Strike+1","Outmaneuver"],"picked":"SKIP","floor":13.0},{"not_picked":["Dagger Throw+1","Sucker Punch+1"],"picked":"Acrobatics","floor":14.0},{"not_picked":["Deadly Poison","Poisoned Stab+1","Tactician"],"picked":"SKIP","floor":18.0},{"not_picked":["Prepared","Sucker Punch+1","Slice+1"],"picked":"SKIP","floor":19.0},{"not_picked":["Bane+1","Poisoned Stab+1"],"picked":"Dagger Spray+1","floor":20.0},{"not_picked":["Blade Dance+1","Slice+1"],"picked":"Predator+1","floor":22.0},{"not_picked":["Blade Dance+1","Envenom"],"picked":"Backflip+1","floor":24.0},{"not_picked":["Backstab+1","Finisher+1"],"picked":"Acrobatics","floor":27.0},{"not_picked":["Endless Agony+1","Slice+1","Dagger Spray+1"],"picked":"SKIP","floor":30.0},{"not_picked":["Tools of the Trade","Glass Knife+1"],"picked":"Bullet Time","floor":33.0},{"not_picked":["Bane+1","Catalyst+1"],"picked":"Calculated Gamble+1","floor":34.0},{"not_picked":["Escape Plan","Dagger Spray+1"],"picked":"Acrobatics+1","floor":34.0},{"not_picked":["Infinite Blades","Catalyst"],"picked":"Backflip","floor":34.0},{"not_picked":["Concentrate","Poisoned Stab+1","Outmaneuver"],"picked":"SKIP","floor":35.0},{"not_picked":["Deflect+1","Dodge and Roll"],"picked":"Bullet Time","floor":37.0},{"not_picked":["Deadly Poison","Caltrops"],"picked":"Footwork+1","floor":38.0},{"not_picked":["Cloak And Dagger","Sucker Punch+1","Caltrops+1"],"picked":"SKIP","floor":41.0},{"not_picked":["Deadly Poison","Cloak And Dagger+1"],"picked":"Riddle With Holes+1","floor":45.0},{"not_picked":["Grand Finale+1","Dash+1","Eviscerate+1"],"picked":"SKIP","floor":46.0},{"not_picked":["Panacea","Magnetism"],"picked":"Purity","floor":48.0}],"player_experience":1253597,"relics_obtained":[{"floor":7.0,"key":"Molten Egg 2"},{"floor":9.0,"key":"Paper Crane"},{"floor":12.0,"key":"Meat on the Bone"},{"floor":24.0,"key":"Matryoshka"},{"floor":26.0,"key":"Bag of Preparation"},{"floor":26.0,"key":"Oddly Smooth Stone"},{"floor":27.0,"key":"Peace Pipe"},{"floor":43.0,"key":"Letter Opener"},{"floor":43.0,"key":"Happy Flower"},{"floor":46.0,"key":"Incense Burner"}],"event_choices":[{"damage_healed":0.0,"max_hp_gain":0.0,"max_hp_loss":0.0,"gold_gain":0.0,"event_name":"FaceTrader","player_choice":"Trade","floor":4.0,"gold_loss":0.0,"damage_taken":0.0,"relics_obtained":["CultistMask"]},{"damage_healed":0.0,"max_hp_gain":0.0,"max_hp_loss":0.0,"gold_gain":100.0,"event_name":"Golden Shrine","player_choice":"Pray","floor":28.0,"gold_loss":0.0,"damage_taken":0.0},{"damage_healed":0.0,"max_hp_gain":0.0,"max_hp_loss":0.0,"gold_gain":0.0,"event_name":"Tomb of Lord Red Mask","player_choice":"Paid","floor":42.0,"gold_loss":66.0,"damage_taken":0.0,"relics_obtained":["Red Mask"]},{"damage_healed":0.0,"max_hp_gain":0.0,"max_hp_loss":4.0,"gold_gain":0.0,"event_name":"Winding Halls","player_choice":"Max HP","floor":44.0,"gold_loss":0.0,"damage_taken":0.0},{"damage_healed":0.0,"max_hp_gain":0.0,"max_hp_loss":0.0,"gold_gain":0.0,"event_name":"SensoryStone","player_choice":"Memory 1","floor":48.0,"gold_loss":0.0,"damage_taken":0.0}],"is_beta":false,"boss_relics":[{"not_picked":["Coffee Dripper","Ectoplasm"],"picked":"Snecko Eye"},{"not_picked":["Sozu","Runic Dome"],"picked":"Orrery"}],"items_purged_floors":[],"is_endless":false,"potions_floor_spawned":[1,2,10,12,14,18,19,30,33,37,38,41,46],"ascension_level":9}