{"gold_per_floor":[109,109,184,201,213,246,246,272,296,296,330,330,347,365,365,470,470,490,490,501,519,618,618,638,638,638,667,683,683],"floor_reached":29,"playtime":2464,"items_purged":[],"score":340,"play_id":"8bc81cb1-6e27-449f-920a-2494fe5bebd4","local_time":"20190116144416","daily_mods":["DeadlyEvents","Terminal"],"is_ascension_mode":false,"campfire_choices":[{"floor":7.0,"key":"REST"},{"data":"Zap","floor":10.0,"key":"SMITH"},{"data":"Chaos","floor":12.0,"key":"SMITH"},{"floor":15.0,"key":"REST"},{"data":"Defragment","floor":23.0,"key":"SMITH"},{"data":"Defragment","floor":25.0,"key":"SMITH"}],"neow_cost":"","seed_source_timestamp":0,"circlet_count":0,"master_deck":["Strike_B","Strike_B","Strike_B","Strike_B","Defend_B","Defend_B","Defend_B","Defend_B","Zap+1","Dualcast","Go for the Eyes","BootSequence","Skim","Biased Cognition","Cold Snap","Capacitor","Chaos+1","Hologram","Sweeping Beam","Echo Form","Machine Learning","White Noise","Cold Snap","Go for the Eyes","Defragment+1","Defragment+1","Coolheaded","Glacier+1","Self Repair"],"special_seed":0,"relics":["Cracked Core","Bronze Scales","Dream Catcher","The Courier","Boot","FossilizedHelix","Orrery","Question Card","Bag of Marbles"],"potions_floor_usage":[29],"damage_taken":[{"damage":0.0,"enemies":"2 Louse","floor":1.0,"turns":4.0},{"damage":0.0,"enemies":"Jaw Worm","floor":4.0,"turns":3.0},{"damage":0.0,"enemies":"Cultist","floor":5.0,"turns":3.0},{"damage":12.0,"enemies":"Gremlin Nob","floor":6.0,"turns":4.0},{"damage":0.0,"enemies":"Lagavulin","floor":8.0,"turns":5.0},{"damage":15.0,"enemies":"Gremlin Nob","floor":11.0,"turns":4.0},{"damage":0.0,"enemies":"3 Louse","floor":13.0,"turns":3.0},{"damage":0.0,"enemies":"Large Slime","floor":14.0,"turns":5.0},{"damage":0.0,"enemies":"Slime Boss","floor":16.0,"turns":9.0},{"damage":0.0,"enemies":"3 Byrds","floor":18.0,"turns":3.0},{"damage":0.0,"enemies":"Shell Parasite","floor":20.0,"turns":6.0},{"damage":0.0,"enemies":"Cultist and Chosen","floor":21.0,"turns":5.0},{"damage":7.0,"enemies":"Snecko","floor":24.0,"turns":6.0},{"damage":27.0,"enemies":"Slavers","floor":27.0,"turns":5.0},{"damage":0.0,"enemies":"Centurion and Healer","floor":28.0,"turns":6.0},{"damage":32,"enemies":"Gremlin Leader","floor":29,"turns":4}],"seed_played":"4281827419306276934","potions_obtained":[{"floor":6.0,"key":"Energy Potion"},{"floor":8.0,"key":"Block Potion"},{"floor":11.0,"key":"Poison Potion"},{"floor":21.0,"key":"LiquidBronze"},{"floor":27.0,"key":"Energy Potion"}],"is_trial":true,"path_per_floor":["M","?","?","M","M","E","R","E","T","R","E","R","M","M","R","B",null,"M","?","M","M","?","R","M","R","T","E","M","E"],"character_chosen":"DEFECT","items_purchased":[],"campfire_rested":2,"item_purchase_floors":[],"current_hp_per_floor":[73,48,37,37,37,25,45,45,45,45,30,30,30,30,48,48,57,56,55,54,53,52,51,44,44,44,17,31,0],"gold":683,"neow_bonus":"","is_prod":false,"is_daily":false,"chose_seed":false,"campfire_upgraded":4,"win_rate":0,"timestamp":1547649856,"path_taken":["M","?","?","M","M","E","R","E","T","R","?","R","M","M","R","BOSS","M","?","M","?","?","R","?","R","T","?","M","?"],"build_version":"2019-01-10","purchased_purges":0,"victory":false,"max_hp_per_floor":[73,72,71,70,69,68,67,66,65,64,63,62,61,60,59,58,57,56,55,54,53,52,51,50,49,48,47,46,46],"card_choices":[{"not_picked":["Streamline","Blizzard"],"picked":"Go for the Eyes","floor":1.0},{"not_picked":["Gash","Compile Driver"],"picked":"BootSequence","floor":4.0},{"not_picked":["Compile Driver","Storm"],"picked":"Skim","floor":5.0},{"not_picked":["Scrape","Storm"],"picked":"Biased Cognition","floor":6.0},{"not_picked":["Melter","Compile Driver"],"picked":"Cold Snap","floor":7.0},{"not_picked":["Reprogram","Rip and Tear"],"picked":"Capacitor","floor":8.0},{"not_picked":["Turbo","Hologram"],"picked":"Chaos","floor":11.0},{"not_picked":["Force Field","Barrage"],"picked":"Hologram","floor":13.0},{"not_picked":["Stack","Compile Driver"],"picked":"Sweeping Beam","floor":14.0},{"not_picked":["Steam","Leap"],"picked":"Echo Form","floor":15.0},{"not_picked":["Thunder Strike","Amplify"],"picked":"Machine Learning","floor":16.0},{"not_picked":["Beam Cell","Steam"],"picked":"White Noise","floor":17.0},{"not_picked":["Sweeping Beam","Storm"],"picked":"Cold Snap","floor":17.0},{"not_picked":["Steam","Hello World"],"picked":"Go for the Eyes","floor":17.0},{"not_picked":["Chaos","Conserve Battery"],"picked":"Defragment","floor":18.0},{"not_picked":["Echo Form","Consume"],"picked":"Coolheaded","floor":20.0},{"not_picked":["Steam","Force Field","Streamline"],"picked":"SKIP","floor":21.0},{"not_picked":["Barrage","Reprogram+1"],"picked":"Glacier+1","floor":24.0},{"not_picked":["Storm","Streamline+1","Chill+1"],"picked":"Self Repair","floor":27.0},{"not_picked":["Stack","Reinforced Body","Sweeping Beam+1","Beam Cell"],"picked":"SKIP","floor":28.0}],"player_experience":703124,"relics_obtained":[{"floor":6.0,"key":"Dream Catcher"},{"floor":8.0,"key":"The Courier"},{"floor":9.0,"key":"Boot"},{"floor":11.0,"key":"FossilizedHelix"},{"floor":26.0,"key":"Question Card"},{"floor":27.0,"key":"Bag of Marbles"}],"event_choices":[{"damage_healed":0.0,"max_hp_gain":0.0,"max_hp_loss":0.0,"gold_gain":0.0,"event_name":"Scrap Ooze","player_choice":"Success","floor":2.0,"gold_loss":0.0,"damage_taken":25.0,"relics_obtained":["Bronze Scales"]},{"damage_healed":0.0,"max_hp_gain":0.0,"max_hp_loss":0.0,"gold_gain":75.0,"event_name":"World of Goop","player_choice":"Gather Gold","floor":3.0,"gold_loss":0.0,"damage_taken":11.0},{"damage_healed":0.0,"max_hp_gain":0.0,"max_hp_loss":0.0,"gold_gain":0.0,"event_name":"Duplicator","player_choice":"Copied","floor":19.0,"gold_loss":0.0,"damage_taken":0.0,"cards_obtained":["Defragment"]},{"damage_healed":0.0,"max_hp_gain":0.0,"max_hp_loss":0.0,"gold_gain":99.0,"event_name":"Nest","player_choice":"Stole From Cult","floor":22.0,"gold_loss":0.0,"damage_taken":0.0}],"is_beta":false,"boss_relics":[{"not_picked":["Black Star","Coffee Dripper"],"picked":"Orrery"}],"items_purged_floors":[],"is_endless":false,"potions_floor_spawned":[6,8,11,21,27],"killed_by":"Gremlin Leader","ascension_level":0}