{"gold_per_floor":[116,191,191,191,191,191,219,235,311,325,325,335,360,8,8,104,104,124,42,42,58,58,86,86,86,86,86,105,134,148,181,181,285,285,298,131,131,131,131,131,141,141,186,186,186,186,186,32,32,32],"floor_reached":51,"playtime":1136,"items_purged":["Strike_R"],"score":819,"play_id":"7222771f-2b75-4f2a-942b-ff34a313e87f","local_time":"20190522145007","is_ascension_mode":true,"campfire_choices":[{"data":"1","floor":6.0,"key":"LIFT"},{"data":"2","floor":11.0,"key":"LIFT"},{"data":"3","floor":15.0,"key":"LIFT"},{"data":"Battle Trance","floor":25.0,"key":"SMITH"},{"data":"Fiend Fire","floor":27.0,"key":"SMITH"},{"data":"Bludgeon","floor":32.0,"key":"SMITH"},{"data":"Carnage","floor":40,"key":"SMITH"},{"data":"Bash","floor":44,"key":"SMITH"},{"floor":47,"key":"REST"},{"data":"Bludgeon","floor":49,"key":"SMITH"}],"neow_cost":"NONE","seed_source_timestamp":4422275674295129,"circlet_count":0,"master_deck":["Strike_R","Defend_R","Defend_R","Defend_R","Bash+1","Battle Trance+1","Havoc+1","Fiend Fire+1","Inflame","Finesse+1","Double Tap+1","Cleave","Carnage+1","Thunderclap","Rampage","Shame","Bludgeon+1","Shrug It Off+1","Carnage+1","Feed","Pommel Strike","Shrug It Off+1","Madness+1","Madness+1","Bludgeon+1"],"special_seed":0,"relics":["Burning Blood","NeowsBlessing","Girya","Meat on the Bone","Lantern","Toxic Egg 2","Orichalcum","Sling","Empty Cage","Ginger","Shuriken","Juzu Bracelet","Dodecahedron","Anchor","Philosopher\u0027s Stone","Red Skull","Omamori"],"potions_floor_usage":[33,33,46,50,50,50,50],"damage_taken":[{"damage":0.0,"enemies":"2 Louse","floor":1.0,"turns":1.0},{"damage":0.0,"enemies":"Lagavulin","floor":7.0,"turns":1.0},{"damage":0.0,"enemies":"Small Slimes","floor":8.0,"turns":1.0},{"damage":13.0,"enemies":"Jaw Worm","floor":10.0,"turns":3.0},{"damage":0.0,"enemies":"Looter","floor":12.0,"turns":1.0},{"damage":0.0,"enemies":"Gremlin Nob","floor":13.0,"turns":2.0},{"damage":23.0,"enemies":"Slime Boss","floor":16.0,"turns":9.0},{"damage":8.0,"enemies":"Shell Parasite","floor":18.0,"turns":2.0},{"damage":6.0,"enemies":"Spheric Guardian","floor":21.0,"turns":3.0},{"damage":6.0,"enemies":"Colosseum Slavers","floor":22.0,"turns":2.0},{"damage":0.0,"enemies":"Colosseum Nobs","floor":22.0,"turns":2.0},{"damage":0.0,"enemies":"Gremlin Leader","floor":23.0,"turns":4.0},{"damage":0.0,"enemies":"Snake Plant","floor":28.0,"turns":2.0},{"damage":24.0,"enemies":"Book of Stabbing","floor":29.0,"turns":3.0},{"damage":14.0,"enemies":"Centurion and Healer","floor":30.0,"turns":2.0},{"damage":12.0,"enemies":"Gremlin Leader","floor":31.0,"turns":2.0},{"damage":40,"enemies":"Automaton","floor":33,"turns":6},{"damage":0,"enemies":"3 Shapes","floor":35,"turns":2},{"damage":0,"enemies":"Orb Walker","floor":41,"turns":1},{"damage":0,"enemies":"3 Darklings","floor":46,"turns":1},{"damage":70,"enemies":"Donu and Deca","floor":50,"turns":6}],"seed_played":"-3019903846181772950","potions_obtained":[{"floor":7.0,"key":"EntropicBrew"},{"floor":8.0,"key":"Swift Potion"},{"floor":13.0,"key":"SpeedPotion"},{"floor":16.0,"key":"Ancient Potion"},{"floor":23.0,"key":"SmokeBomb"},{"floor":28.0,"key":"Dexterity Potion"},{"floor":33,"key":"LiquidBronze"},{"floor":41,"key":"EntropicBrew"}],"is_trial":false,"path_per_floor":["M","?","?","?","T","R","E","M","T","M","R","M","E","$","R","B",null,"M","$","?","M","?","E","?","R","T","R","M","E","M","E","R","B",null,"M","$","?","?","?","R","M","?","T","R","?","M","R","$","R","B",null],"character_chosen":"IRONCLAD","items_purchased":["Sling","Finesse+1","Carnage","Thunderclap","Red Skull","Shrug It Off+1","Bludgeon"],"campfire_rested":1,"item_purchase_floors":[14,14,19,19,36,36,48],"current_hp_per_floor":[80,69,57,57,57,57,63,69,69,62,62,68,74,74,74,57,80,78,78,78,78,80,80,80,80,80,80,80,62,54,48,48,26,80,80,80,80,80,80,80,80,70,70,70,70,76,80,80,80,28],"gold":32,"neow_bonus":"THREE_ENEMY_KILL","is_prod":false,"is_daily":false,"chose_seed":false,"campfire_upgraded":6,"win_rate":0,"timestamp":1558515007,"path_taken":["M","?","?","?","?","R","E","?","T","M","R","M","E","$","R","BOSS","M","$","?","M","?","E","?","R","T","R","M","E","M","E","R","BOSS","M","$","?","?","?","R","M","?","T","R","?","M","R","$","R","BOSS"],"build_version":"2019-01-23","purchased_purges":1,"victory":true,"max_hp_per_floor":[80,80,80,80,80,80,80,80,80,80,80,80,80,80,80,80,80,80,80,80,80,80,80,80,80,80,80,80,80,80,80,80,80,80,80,80,80,80,80,80,80,80,80,80,80,80,80,80,80,80],"card_choices":[{"not_picked":["Headbutt","Havoc","Flex"],"picked":"SKIP","floor":1.0},{"not_picked":["Headbutt","Reckless Charge","Cleave"],"picked":"SKIP","floor":7.0},{"not_picked":["Armaments","Perfected Strike"],"picked":"Battle Trance","floor":8.0},{"not_picked":["Cleave","Perfected Strike"],"picked":"Havoc+1","floor":10.0},{"not_picked":["Evolve","Rampage"],"picked":"Fiend Fire","floor":12.0},{"not_picked":["True Grit+1","Body Slam"],"picked":"Inflame","floor":13.0},{"not_picked":["Impervious+1","Fiend Fire"],"picked":"Double Tap+1","floor":16.0},{"not_picked":["Metallicize+1","Shrug It Off+1"],"picked":"Cleave","floor":18.0},{"not_picked":["Flex+1","Clothesline"],"picked":"Rampage","floor":21.0},{"not_picked":["Blood for Blood","Pommel Strike","Sword Boomerang"],"picked":"SKIP","floor":23.0},{"not_picked":["Combust+1","Heavy Blade+1","Perfected Strike"],"picked":"SKIP","floor":28.0},{"not_picked":["Flex+1","Thunderclap+1"],"picked":"Bludgeon","floor":29.0},{"not_picked":["Sword Boomerang","Evolve+1"],"picked":"Shrug It Off+1","floor":30.0},{"not_picked":["Havoc+1","Dropkick+1"],"picked":"Carnage+1","floor":31.0},{"not_picked":["Barricade","Juggernaut"],"picked":"Feed","floor":33},{"not_picked":["Iron Wave+1","Shrug It Off+1"],"picked":"Pommel Strike","floor":35},{"not_picked":["Combust+1","Havoc+1","Pommel Strike+1"],"picked":"SKIP","floor":41}],"player_experience":1392589,"relics_obtained":[{"floor":5.0,"key":"Meat on the Bone"},{"floor":7.0,"key":"Lantern"},{"floor":9.0,"key":"Toxic Egg 2"},{"floor":13.0,"key":"Orichalcum"},{"floor":23.0,"key":"Ginger"},{"floor":26.0,"key":"Juzu Bracelet"},{"floor":29.0,"key":"Dodecahedron"},{"floor":31.0,"key":"Anchor"},{"floor":43,"key":"Omamori"}],"event_choices":[{"damage_healed":0.0,"max_hp_gain":0.0,"max_hp_loss":0.0,"gold_gain":75.0,"event_name":"World of Goop","player_choice":"Gather Gold","floor":2.0,"gold_loss":0.0,"damage_taken":11.0},{"damage_healed":0.0,"max_hp_gain":0.0,"max_hp_loss":0.0,"gold_gain":0.0,"event_name":"Scrap Ooze","player_choice":"Success","floor":3.0,"gold_loss":0.0,"damage_taken":12.0,"relics_obtained":["Girya"]},{"cards_removed":["Defend_R"],"damage_healed":0.0,"max_hp_gain":0.0,"max_hp_loss":0.0,"gold_gain":0.0,"event_name":"Living Wall","player_choice":"Forget","floor":4.0,"gold_loss":0.0,"damage_taken":0.0},{"damage_healed":0.0,"max_hp_gain":0.0,"max_hp_loss":0.0,"gold_gain":0.0,"event_name":"Ghosts","player_choice":"Ignored","floor":20.0,"gold_loss":0.0,"damage_taken":0.0},{"damage_healed":0.0,"max_hp_gain":0.0,"max_hp_loss":0.0,"gold_gain":0.0,"event_name":"Colosseum","player_choice":"Fight","floor":22.0,"gold_loss":0.0,"damage_taken":0.0},{"damage_healed":0.0,"max_hp_gain":0.0,"max_hp_loss":0.0,"gold_gain":0.0,"event_name":"Colosseum","player_choice":"Fought Nobs","floor":22.0,"gold_loss":0.0,"damage_taken":0.0},{"damage_healed":0.0,"max_hp_gain":0.0,"max_hp_loss":0.0,"gold_gain":0.0,"event_name":"Addict","player_choice":"Stole Relic","floor":24.0,"gold_loss":0.0,"damage_taken":0.0,"relics_obtained":["Shuriken"],"cards_obtained":["Shame"]},{"damage_healed":0,"gold_gain":0,"player_choice":"Memory 1","damage_taken":0,"max_hp_gain":0,"max_hp_loss":0,"event_name":"SensoryStone","floor":37,"gold_loss":0},{"damage_healed":0,"gold_gain":0,"player_choice":"Leave","damage_taken":0,"max_hp_gain":0,"max_hp_loss":0,"event_name":"FaceTrader","floor":38,"gold_loss":0},{"cards_removed":["Strike_R"],"damage_healed":0,"gold_gain":0,"player_choice":"Removed Attack","damage_taken":0,"max_hp_gain":0,"max_hp_loss":0,"event_name":"Falling","floor":39,"gold_loss":0},{"damage_healed":0,"gold_gain":0,"player_choice":"Embrace Madness","damage_taken":10,"max_hp_gain":0,"max_hp_loss":0,"event_name":"Winding Halls","floor":42,"gold_loss":0,"cards_obtained":["Madness","Madness"]},{"damage_healed":0,"gold_gain":0,"player_choice":"Ignored","damage_taken":0,"max_hp_gain":0,"max_hp_loss":0,"event_name":"Mysterious Sphere","floor":45,"gold_loss":0}],"is_beta":false,"boss_relics":[{"not_picked":["Tiny House","Runic Pyramid"],"picked":"Empty Cage"},{"not_picked":["Fusion Hammer","Eternal Feather"],"picked":"Philosopher\u0027s Stone"}],"items_purged_floors":[14],"is_endless":false,"potions_floor_spawned":[7,8,13,16,22,23,28,29,30,33,41],"ascension_level":1}