{"gold_per_floor":[117,292,303,320,14,46,58,83,95,107,119,147,177,224,236,345,407,439,468,497,509,541,553],"floor_reached":23,"playtime":2173,"items_purged":["Doubt"],"score":261,"play_id":"cdd4bfba-9bdc-44a7-9e82-05a78eb9e728","local_time":"20190528184035","is_ascension_mode":true,"campfire_choices":[{"floor":7,"key":"REST"},{"floor":10,"key":"REST"},{"floor":15,"key":"REST"}],"neow_cost":"NONE","seed_source_timestamp":1035318070094365,"circlet_count":0,"master_deck":["Defend_G","Defend_G","Defend_G","Defend_G+1","Strike_G","Strike_G","Strike_G","Strike_G","Strike_G","Survivor","Neutralize","Venomology","Quick Slash","Footwork","Dodge and Roll","Well Laid Plans","Backflip","Deflect","A Thousand Cuts","Deflect","Outmaneuver","Blade Dance+1","PiercingWail","Quick Slash+1","Slice"],"relics":["Ring of the Snake","Lantern","MawBank","Pear","Calipers","Tiny House"],"potions_floor_usage":[3,6,6,8,8,13,13,14,16,16,18,19,20,20,22,22,22,23],"damage_taken":[{"damage":9,"enemies":"Jaw Worm","floor":1,"turns":6},{"damage":1,"enemies":"Small Slimes","floor":3,"turns":4},{"damage":3,"enemies":"Cultist","floor":4,"turns":5},{"damage":44,"enemies":"Gremlin Nob","floor":6,"turns":6},{"damage":4,"enemies":"Exordium Thugs","floor":8,"turns":5},{"damage":0,"enemies":"3 Louse","floor":12,"turns":5},{"damage":6,"enemies":"Lots of Slimes","floor":13,"turns":3},{"damage":15,"enemies":"3 Sentries","floor":14,"turns":8},{"damage":1,"enemies":"The Guardian","floor":16,"turns":19},{"damage":3,"enemies":"Shell Parasite","floor":18,"turns":17},{"damage":2,"enemies":"Spheric Guardian","floor":19,"turns":6},{"damage":9,"enemies":"Snake Plant","floor":20,"turns":8},{"damage":27,"enemies":"Cultist and Chosen","floor":22,"turns":9},{"damage":51,"enemies":"Gremlin Leader","floor":23,"turns":8}],"seed_played":"13724147733147346","potions_obtained":[{"floor":4,"key":"Explosive Potion"},{"floor":8,"key":"Dexterity Potion"},{"floor":13,"key":"AttackPotion"},{"floor":14,"key":"Weak Potion"},{"floor":16,"key":"GamblersBrew"},{"floor":17,"key":"FearPotion"},{"floor":19,"key":"Strength Potion"},{"floor":22,"key":"GhostInAJar"}],"is_trial":false,"path_per_floor":["M","?","M","M","$","E","R","M","T","R","?","M","M","E","R","B",null,"M","M","M","?","M","E"],"character_chosen":"THE_SILENT","items_purchased":["Lantern","Well Laid Plans"],"campfire_rested":3,"item_purchase_floors":[5,5],"current_hp_per_floor":[61,61,60,57,57,13,34,30,40,64,64,64,58,43,67,66,85,82,80,71,71,44,0],"gold":553,"neow_bonus":"ONE_RANDOM_RARE_CARD","is_prod":false,"is_daily":false,"chose_seed":false,"campfire_upgraded":0,"win_rate":0,"timestamp":1559083235,"path_taken":["M","?","M","M","$","E","R","M","T","R","?","M","M","E","R","BOSS","M","M","?","?","M","E"],"build_version":"2019-01-23","purchased_purges":1,"victory":false,"max_hp_per_floor":[70,70,70,70,70,70,70,70,80,80,80,80,80,80,80,80,85,85,85,85,85,85,85],"card_choices":[{"not_picked":["Slice","Flying Knee"],"picked":"Quick Slash","floor":1},{"not_picked":["Poisoned Stab","Backstab"],"picked":"Footwork","floor":3},{"not_picked":["Distraction","Blade Dance"],"picked":"Dodge and Roll","floor":4},{"not_picked":["Sucker Punch","Poisoned Stab"],"picked":"Backflip","floor":6},{"not_picked":["Flying Knee","Crippling Poison"],"picked":"Deflect","floor":8},{"not_picked":["Deflect","Outmaneuver"],"picked":"A Thousand Cuts","floor":12},{"not_picked":["Bane","Reflex","Prepared"],"picked":"SKIP","floor":13},{"not_picked":["Calculated Gamble","Reflex"],"picked":"Deflect","floor":14},{"not_picked":["Prepared","All Out Attack"],"picked":"Outmaneuver","floor":17},{"not_picked":["Poisoned Stab","Prepared"],"picked":"Blade Dance+1","floor":18},{"not_picked":["Prepared","Catalyst"],"picked":"PiercingWail","floor":19},{"not_picked":["PiercingWail","Slice"],"picked":"Quick Slash+1","floor":20},{"not_picked":["Masterful Stab","Sucker Punch"],"picked":"Slice","floor":22}],"player_experience":315938,"relics_obtained":[{"floor":6,"key":"MawBank"},{"floor":9,"key":"Pear"},{"floor":14,"key":"Calipers"}],"event_choices":[{"damage_healed":0,"gold_gain":175,"player_choice":"AGREE","damage_taken":0,"max_hp_gain":0,"max_hp_loss":0,"event_name":"Liars Game","floor":2,"gold_loss":0,"cards_obtained":["Doubt"]},{"cards_removed":["Defend_G"],"damage_healed":0,"gold_gain":0,"player_choice":"Purged","damage_taken":0,"max_hp_gain":0,"max_hp_loss":0,"event_name":"Purifier","floor":11,"gold_loss":0},{"damage_healed":0,"gold_gain":0,"player_choice":"Ignored","damage_taken":0,"max_hp_gain":0,"max_hp_loss":0,"event_name":"Cursed Tome","floor":21,"gold_loss":0}],"is_beta":false,"boss_relics":[{"not_picked":["Eternal Feather","Snecko Eye"],"picked":"Tiny House"}],"items_purged_floors":[5],"is_endless":false,"potions_floor_spawned":[4,8,13,14,16,18,19,22],"killed_by":"Gremlin Leader","ascension_level":3}