{"gold_per_floor":[20,20,34,46,63,63,79,79,79,90,90,90],"floor_reached":12,"playtime":460,"items_purged":[],"score":144,"play_id":"51df48bf-b064-4c22-97b1-2bf87a412824","local_time":"20190513143551","is_ascension_mode":true,"campfire_choices":[{"data":"Chill","floor":6,"key":"SMITH"},{"data":"Recycle","floor":8,"key":"SMITH"}],"neow_cost":"NO_GOLD","seed_source_timestamp":3644650952726706,"circlet_count":0,"master_deck":["AscendersBane","Strike_B","Strike_B","Strike_B","Defend_B","Defend_B","Defend_B","Defend_B","Zap","Dualcast","Echo Form+1","Chill+1","Coolheaded","Coolheaded","Recycle+1","Capacitor"],"relics":["Cracked Core","Regal Pillow"],"potions_floor_usage":[12],"damage_taken":[{"damage":6,"enemies":"2 Louse","floor":1,"turns":4},{"damage":7,"enemies":"Cultist","floor":3,"turns":5},{"damage":14,"enemies":"Small Slimes","floor":4,"turns":4},{"damage":12,"enemies":"Red Slaver","floor":5,"turns":4},{"damage":4,"enemies":"Blue Slaver","floor":7,"turns":5},{"damage":8,"enemies":"2 Fungi Beasts","floor":10,"turns":4},{"damage":13,"enemies":"3 Sentries","floor":12,"turns":2}],"seed_played":"6416497887280600167","potions_obtained":[{"floor":4,"key":"LiquidBronze"},{"floor":5,"key":"Dexterity Potion"}],"is_trial":false,"path_per_floor":["M","?","M","M","M","R","M","R","T","M","?","E"],"character_chosen":"DEFECT","items_purchased":[],"campfire_rested":0,"item_purchase_floors":[],"current_hp_per_floor":[58,58,51,37,25,25,21,21,21,13,13,0],"gold":90,"neow_bonus":"THREE_RARE_CARDS","is_prod":false,"is_daily":false,"chose_seed":false,"campfire_upgraded":2,"win_rate":0,"timestamp":1557736551,"path_taken":["M","?","M","M","M","R","M","R","T","M","?","E"],"build_version":"2019-01-23","purchased_purges":0,"victory":false,"max_hp_per_floor":[71,71,71,71,71,71,71,71,71,71,71,71],"card_choices":[{"not_picked":["Fission","Seek"],"picked":"Echo Form","floor":0},{"not_picked":["Leap","Auto Shields","Hologram"],"picked":"SKIP","floor":1},{"not_picked":["Rebound","Self Repair"],"picked":"Chill","floor":3},{"not_picked":["Ball Lightning","Gash"],"picked":"Coolheaded","floor":4},{"not_picked":["Redo","Ball Lightning"],"picked":"Coolheaded","floor":5},{"not_picked":["Lockon","Coolheaded"],"picked":"Recycle","floor":7},{"not_picked":["Streamline","Sweeping Beam","Fission"],"picked":"SKIP","floor":10}],"player_experience":1327482,"relics_obtained":[{"floor":9,"key":"Regal Pillow"}],"event_choices":[{"damage_healed":0,"gold_gain":0,"player_choice":"Grow","damage_taken":0,"max_hp_gain":0,"max_hp_loss":0,"event_name":"Living Wall","floor":2,"gold_loss":0,"cards_upgraded":["Echo Form"]},{"damage_healed":0,"gold_gain":0,"cards_transformed":["Strike_B"],"player_choice":"Transformed","damage_taken":0,"max_hp_gain":0,"max_hp_loss":0,"event_name":"Transmorgrifier","floor":11,"gold_loss":0,"cards_obtained":["Capacitor"]}],"is_beta":false,"boss_relics":[],"items_purged_floors":[],"is_endless":false,"potions_floor_spawned":[4,5,7],"killed_by":"3 Sentries","ascension_level":20}