{"gold_per_floor":[119,134,151,163,163,163,182,182,236,261,261,272,272,306,306,407,407,421,54,69,88,88,88,88],"floor_reached":24,"playtime":1472,"items_purged":["Strike_G"],"score":302,"play_id":"bd42b910-b882-4b9b-9d3d-25fdc36f3098","local_time":"20190327125901","is_ascension_mode":true,"campfire_choices":[{"data":"Dagger Spray","floor":6,"key":"SMITH"},{"data":"Glass Knife","floor":11,"key":"SMITH"},{"data":"Neutralize","floor":13,"key":"SMITH"},{"data":"Dodge and Roll","floor":15,"key":"SMITH"},{"data":"Doppelganger","floor":23,"key":"SMITH"}],"neow_cost":"NONE","seed_source_timestamp":3431727690438271,"circlet_count":0,"master_deck":["Defend_G","Defend_G","Defend_G","Defend_G","Defend_G","Strike_G","Strike_G","Strike_G","Survivor","Neutralize+1","Dagger Spray+1","Calculated Gamble+1","Dodge and Roll+1","Poisoned Stab","Glass Knife+1","Underhanded Strike","Escape Plan","Doppelganger+1","Cloak And Dagger","Infinite Blades+1","Endless Agony","Mayhem+1","Caltrops+1","Blade Dance+1","J.A.X."],"relics":["Ring of the Snake","NeowsBlessing","Centennial Puzzle","Frozen Egg 2","Boot","HoveringKite"],"potions_floor_usage":[4,10,16,16],"damage_taken":[{"damage":0,"enemies":"2 Louse","floor":1,"turns":1},{"damage":0,"enemies":"Cultist","floor":2,"turns":1},{"damage":0,"enemies":"Small Slimes","floor":3,"turns":1},{"damage":0,"enemies":"3 Louse","floor":4,"turns":3},{"damage":8,"enemies":"Exordium Wildlife","floor":7,"turns":4},{"damage":10,"enemies":"3 Sentries","floor":10,"turns":7},{"damage":0,"enemies":"2 Fungi Beasts","floor":12,"turns":2},{"damage":13,"enemies":"Lagavulin","floor":14,"turns":7},{"damage":21,"enemies":"The Guardian","floor":16,"turns":17},{"damage":9,"enemies":"Shell Parasite","floor":18,"turns":5},{"damage":6,"enemies":"3 Byrds","floor":20,"turns":4},{"damage":7,"enemies":"Snecko","floor":21,"turns":5},{"damage":39,"enemies":"Book of Stabbing","floor":24,"turns":5}],"seed_played":"-5089982804329300744","potions_obtained":[{"floor":3,"key":"Fire Potion"},{"floor":4,"key":"Fruit Juice"},{"floor":10,"key":"FearPotion"},{"floor":12,"key":"SmokeBomb"},{"floor":14,"key":"SteroidPotion"},{"floor":18,"key":"AttackPotion"}],"is_trial":false,"path_per_floor":["M","M","M","M","?","R","M","?","T","E","R","M","R","E","R","B",null,"M","$","M","M","?","R","E"],"character_chosen":"THE_SILENT","items_purchased":["Infinite Blades+1","Endless Agony","Mayhem+1"],"campfire_rested":0,"item_purchase_floors":[19,19,19],"current_hp_per_floor":[63,63,63,68,68,68,60,60,60,50,50,50,50,37,37,16,60,51,51,45,38,38,38,0],"gold":88,"neow_bonus":"THREE_ENEMY_KILL","is_prod":false,"is_daily":false,"chose_seed":false,"campfire_upgraded":5,"win_rate":0,"timestamp":1553669941,"path_taken":["M","M","M","M","?","R","M","?","T","E","R","?","R","E","R","BOSS","M","$","M","M","?","R","E"],"build_version":"2019-01-23","purchased_purges":1,"victory":false,"max_hp_per_floor":[70,70,70,75,75,75,75,75,75,75,75,75,75,75,75,75,75,75,75,75,75,75,75,75],"card_choices":[{"not_picked":["Catalyst","Deadly Poison"],"picked":"Dagger Spray","floor":1},{"not_picked":["Prepared","Masterful Stab","Outmaneuver"],"picked":"SKIP","floor":2},{"not_picked":["Distraction","Outmaneuver"],"picked":"Calculated Gamble","floor":3},{"not_picked":["Catalyst","Outmaneuver","Bane"],"picked":"SKIP","floor":4},{"not_picked":["Bane","Sucker Punch"],"picked":"Dodge and Roll","floor":7},{"not_picked":["Distraction","Dagger Spray"],"picked":"Glass Knife","floor":10},{"not_picked":["Backflip","Finisher"],"picked":"Underhanded Strike","floor":12},{"not_picked":["Bouncing Flask","Quick Slash"],"picked":"Escape Plan","floor":14},{"not_picked":["Grand Finale","Phantasmal Killer"],"picked":"Doppelganger","floor":16},{"not_picked":["Dagger Spray+1","Distraction+1"],"picked":"Cloak And Dagger","floor":18},{"not_picked":["Riddle With Holes","Dodge and Roll"],"picked":"Caltrops+1","floor":20},{"not_picked":["Eviscerate","Dodge and Roll+1"],"picked":"Blade Dance+1","floor":21}],"player_experience":1051840,"relics_obtained":[{"floor":9,"key":"Centennial Puzzle"},{"floor":10,"key":"Frozen Egg 2"},{"floor":14,"key":"Boot"}],"event_choices":[{"damage_healed":0,"gold_gain":0,"player_choice":"Grow","damage_taken":0,"max_hp_gain":0,"max_hp_loss":0,"event_name":"Living Wall","floor":5,"gold_loss":0,"cards_upgraded":["Calculated Gamble"]},{"damage_healed":0,"gold_gain":0,"cards_transformed":["Strike_G"],"player_choice":"Transformed","damage_taken":0,"max_hp_gain":0,"max_hp_loss":0,"event_name":"Transmorgrifier","floor":8,"gold_loss":0,"cards_obtained":["Poisoned Stab"]},{"damage_healed":0,"gold_gain":0,"player_choice":"Obtain J.A.X.","damage_taken":0,"max_hp_gain":0,"max_hp_loss":0,"event_name":"Drug Dealer","floor":22,"gold_loss":0,"cards_obtained":["J.A.X."]}],"is_beta":false,"boss_relics":[{"not_picked":["Philosopher\u0027s Stone","Lizard Tail"],"picked":"HoveringKite"}],"items_purged_floors":[19],"is_endless":false,"potions_floor_spawned":[3,4,10,12,14,18],"killed_by":"Book of Stabbing","ascension_level":9}