{"gold_per_floor":[214,233,247,36,36,70,70,95,165,165,182,202,222,235,235,312,312,326,340,355,374,90,90],"floor_reached":23,"playtime":1832,"items_purged":["Strike_B"],"score":414,"play_id":"99092fff-87c6-462e-8bf0-25bb75ed1532","local_time":"20190517141552","is_ascension_mode":true,"campfire_choices":[{"floor":7.0,"key":"REST"},{"floor":10.0,"key":"REST"},{"data":"Hologram","floor":15.0,"key":"SMITH"}],"neow_cost":"NONE","seed_source_timestamp":3987647554935249,"circlet_count":0,"master_deck":["AscendersBane","Strike_B","Strike_B","Strike_B","Defend_B","Defend_B","Defend_B","Defend_B","Zap","Dualcast","Lockon","Glacier","Lockon","Sweeping Beam+1","Go for the Eyes","Hologram+1","Doom and Gloom","Redo","Go for the Eyes","Seek","Streamline","Force Field"],"special_seed":0,"relics":["Cracked Core","Bag of Marbles","Emotion Chip","Bronze Scales","Kunai","Snecko Eye","Runic Capacitor"],"potions_floor_usage":[23],"damage_taken":[{"damage":7.0,"enemies":"Small Slimes","floor":1.0,"turns":4.0},{"damage":2.0,"enemies":"Cultist","floor":2.0,"turns":4.0},{"damage":4.0,"enemies":"2 Louse","floor":3.0,"turns":3.0},{"damage":43.0,"enemies":"Gremlin Nob","floor":6.0,"turns":5.0},{"damage":14.0,"enemies":"Lagavulin","floor":8.0,"turns":9.0},{"damage":2.0,"enemies":"Blue Slaver","floor":11.0,"turns":3.0},{"damage":2.0,"enemies":"Exordium Thugs","floor":12.0,"turns":3.0},{"damage":9.0,"enemies":"Red Slaver","floor":13.0,"turns":3.0},{"damage":1.0,"enemies":"Lots of Slimes","floor":14.0,"turns":2.0},{"damage":13.0,"enemies":"The Guardian","floor":16.0,"turns":11.0},{"damage":27,"enemies":"Shell Parasite","floor":18,"turns":7},{"damage":0,"enemies":"Chosen","floor":19,"turns":2},{"damage":15,"enemies":"Sentry and Sphere","floor":20,"turns":7},{"damage":8,"enemies":"Cultist and Chosen","floor":21,"turns":4},{"damage":13,"enemies":"Gremlin Leader","floor":23,"turns":4}],"seed_played":"7210594549310870904","potions_obtained":[{"floor":2.0,"key":"Swift Potion"},{"floor":12.0,"key":"Strength Potion"},{"floor":13.0,"key":"Energy Potion"},{"floor":14.0,"key":"EssenceOfSteel"},{"floor":18,"key":"Explosive Potion"}],"is_trial":false,"path_per_floor":["M","M","M","$","?","E","R","E","T","R","M","M","M","M","R","B",null,"M","M","M","M","$","E"],"character_chosen":"DEFECT","items_purchased":["Bag of Marbles","Sweeping Beam","Runic Capacitor"],"campfire_rested":2,"item_purchase_floors":[4,4,22],"current_hp_per_floor":[57,55,51,51,51,8,29,15,15,36,34,32,23,22,22,9,56,29,29,14,6,6,0],"gold":90,"neow_bonus":"HUNDRED_GOLD","is_prod":false,"is_daily":false,"chose_seed":false,"campfire_upgraded":1,"win_rate":0,"timestamp":1558080952,"path_taken":["M","M","M","$","?","E","R","E","T","R","M","?","M","M","R","BOSS","M","M","M","M","$","E"],"build_version":"2019-01-23","purchased_purges":1,"victory":false,"max_hp_per_floor":[71,71,71,71,71,71,71,71,71,71,71,71,71,71,71,71,71,71,71,71,71,71,71],"card_choices":[{"not_picked":["Redo","Heatsinks"],"picked":"Lockon","floor":1.0},{"not_picked":["Redo","Leap"],"picked":"Glacier","floor":2.0},{"not_picked":["Coolheaded","Conserve Battery"],"picked":"Lockon","floor":3.0},{"not_picked":["Recycle","Stack"],"picked":"Go for the Eyes","floor":6.0},{"not_picked":["Force Field","Hello World","Turbo"],"picked":"SKIP","floor":8.0},{"not_picked":["Amplify","Force Field"],"picked":"Hologram","floor":11.0},{"not_picked":["Coolheaded","Double Energy"],"picked":"Doom and Gloom","floor":12.0},{"not_picked":["Darkness","Steam"],"picked":"Redo","floor":13.0},{"not_picked":["Beam Cell","Storm"],"picked":"Go for the Eyes","floor":14.0},{"not_picked":["Machine Learning","Reboot"],"picked":"Seek","floor":16.0},{"not_picked":["Cold Snap","FTL"],"picked":"Streamline","floor":18},{"not_picked":["Go for the Eyes","Turbo"],"picked":"Force Field","floor":19},{"not_picked":["Ball Lightning+1","Hologram","Reprogram"],"picked":"SKIP","floor":20},{"not_picked":["Beam Cell","Storm","Redo"],"picked":"SKIP","floor":21}],"player_experience":1365279,"relics_obtained":[{"floor":6.0,"key":"Emotion Chip"},{"floor":8.0,"key":"Bronze Scales"},{"floor":9.0,"key":"Kunai"}],"event_choices":[{"damage_healed":0.0,"max_hp_gain":0.0,"max_hp_loss":0.0,"gold_gain":0.0,"event_name":"Upgrade Shrine","player_choice":"Upgraded","floor":5.0,"gold_loss":0.0,"damage_taken":0.0,"cards_upgraded":["Sweeping Beam"]}],"is_beta":false,"boss_relics":[{"not_picked":["White Beast Statue","Black Star"],"picked":"Snecko Eye"}],"items_purged_floors":[22],"is_endless":false,"potions_floor_spawned":[2,12,13,14,18,21],"killed_by":"Gremlin Leader","ascension_level":20}