{"gold_per_floor":[110,128,0,11,11,11,22,32,57,57,57,74,74,90,90,187,187,202,216,65,65,65,65,84,12,37,37,49,59,59,77,77,77],"floor_reached":33,"playtime":2135,"items_purged":["Defend_G"],"score":266,"play_id":"5ea3eee4-5f2c-4dab-b147-11077ad30acb","local_time":"20190529013324","is_ascension_mode":false,"campfire_choices":[{"floor":6,"key":"REST"},{"floor":11,"key":"REST"},{"data":"Infinite Blades","floor":13,"key":"SMITH"},{"floor":15,"key":"REST"},{"data":"Poisoned Stab","floor":23,"key":"SMITH"},{"data":"Noxious Fumes","floor":27,"key":"SMITH"},{"floor":30,"key":"REST"},{"floor":32,"key":"REST"}],"neow_cost":"NONE","seed_source_timestamp":8109041045172800,"circlet_count":0,"master_deck":["Defend_G","Defend_G","Defend_G","Defend_G","Survivor","Neutralize","Infinite Blades+1","Deadly Poison","Riddle With Holes","Finisher","Poisoned Stab+1","Tools of the Trade","Deadly Poison","Bite","Bite","Bite","Bite","Bite","Bouncing Flask+1","Noxious Fumes+1","Bane","Backflip+1"],"relics":["Ring of the Snake","Boot","Snake Skull","Eternal Feather","Orichalcum","Oddly Smooth Stone","Bag of Marbles"],"potions_floor_usage":[24],"damage_taken":[{"damage":4,"enemies":"Cultist","floor":1,"turns":4},{"damage":12,"enemies":"Small Slimes","floor":2,"turns":4},{"damage":7,"enemies":"2 Louse","floor":4,"turns":3},{"damage":12,"enemies":"Exordium Wildlife","floor":7,"turns":5},{"damage":13,"enemies":"Gremlin Gang","floor":8,"turns":5},{"damage":10,"enemies":"Looter","floor":12,"turns":3},{"damage":19,"enemies":"Exordium Thugs","floor":14,"turns":3},{"damage":47,"enemies":"The Guardian","floor":16,"turns":9},{"damage":29,"enemies":"Spheric Guardian","floor":18,"turns":6},{"damage":15,"enemies":"3 Byrds","floor":19,"turns":4},{"damage":26,"enemies":"3 Cultists","floor":24,"turns":6},{"damage":26,"enemies":"Centurion and Healer","floor":28,"turns":5},{"damage":18,"enemies":"Cultist and Chosen","floor":29,"turns":6},{"damage":37,"enemies":"Shelled Parasite and Fungi","floor":31,"turns":5},{"damage":91,"enemies":"Automaton","floor":33,"turns":6}],"seed_played":"5043069077938876822","potions_obtained":[{"floor":4,"key":"Weak Potion"},{"floor":7,"key":"Explosive Potion"},{"floor":12,"key":"Dexterity Potion"},{"floor":14,"key":"SpeedPotion"},{"floor":16,"key":"PowerPotion"},{"floor":19,"key":"Energy Potion"},{"floor":31,"key":"SneckoOil"}],"is_trial":false,"path_per_floor":["M","M","$","M","?","R","M","M","T","?","R","M","R","M","R","B",null,"M","M","$","?","T","R","M","$","T","R","M","M","R","M","R","B"],"character_chosen":"THE_SILENT","items_purchased":["Deadly Poison","Orichalcum","Noxious Fumes"],"campfire_rested":5,"item_purchase_floors":[3,20,25],"current_hp_per_floor":[73,61,61,54,47,70,58,45,45,45,68,58,58,39,62,15,77,48,33,33,33,33,42,32,32,32,44,28,18,45,16,43,0],"gold":77,"neow_bonus":"TEN_PERCENT_HP_BONUS","is_prod":false,"is_daily":false,"chose_seed":false,"campfire_upgraded":3,"win_rate":0.0,"timestamp":1559108004,"path_taken":["M","M","?","M","?","R","M","M","T","?","R","M","R","M","R","BOSS","M","?","$","?","?","R","M","$","T","R","?","M","R","M","R","BOSS"],"build_version":"2019-01-23","purchased_purges":1,"victory":false,"max_hp_per_floor":[77,77,77,77,77,77,77,77,77,77,77,77,77,77,77,77,77,77,77,77,53,53,53,53,53,53,53,53,53,53,53,53,53],"card_choices":[{"not_picked":["PiercingWail","Leg Sweep","Deflect"],"picked":"SKIP","floor":1},{"not_picked":["Finisher","Deflect"],"picked":"Infinite Blades","floor":2},{"not_picked":["Leg Sweep","Backflip","Well Laid Plans"],"picked":"SKIP","floor":4},{"not_picked":["PiercingWail","Flying Knee"],"picked":"Riddle With Holes","floor":7},{"not_picked":["Prepared","Dagger Throw"],"picked":"Finisher","floor":8},{"not_picked":["PiercingWail","Flechettes","Heel Hook"],"picked":"SKIP","floor":12},{"not_picked":["Acrobatics","Masterful Stab"],"picked":"Poisoned Stab","floor":14},{"not_picked":["Die Die Die","Unload"],"picked":"Tools of the Trade","floor":16},{"not_picked":["Prepared","Escape Plan"],"picked":"Deadly Poison","floor":18},{"not_picked":["Distraction","Deflect","Acrobatics"],"picked":"SKIP","floor":19},{"not_picked":["Footwork+1","All Out Attack"],"picked":"Bouncing Flask+1","floor":24},{"not_picked":["Masterful Stab","Underhanded Strike"],"picked":"Bane","floor":28},{"not_picked":["Deflect+1","Slice","Well Laid Plans"],"picked":"SKIP","floor":29},{"not_picked":["Acrobatics+1","Slice+1"],"picked":"Backflip+1","floor":31}],"player_experience":11474,"relics_obtained":[{"floor":9,"key":"Snake Skull"},{"floor":22,"key":"Oddly Smooth Stone"},{"floor":26,"key":"Bag of Marbles"}],"event_choices":[{"damage_healed":0,"gold_gain":0,"player_choice":"Success","damage_taken":7,"relics_obtained":["Boot"],"max_hp_gain":0,"max_hp_loss":0,"event_name":"Scrap Ooze","floor":5,"gold_loss":0},{"damage_healed":0,"gold_gain":0,"player_choice":"Leave","damage_taken":0,"max_hp_gain":0,"max_hp_loss":0,"event_name":"FaceTrader","floor":10,"gold_loss":0},{"damage_healed":0,"gold_gain":0,"player_choice":"Became a vampire","damage_taken":0,"max_hp_gain":0,"max_hp_loss":24,"event_name":"Vampires","floor":21,"gold_loss":0,"cards_obtained":["Bite","Bite","Bite","Bite","Bite"]}],"is_beta":false,"boss_relics":[{"not_picked":["Orrery","Empty Cage"],"picked":"Eternal Feather"}],"items_purged_floors":[3],"is_endless":false,"potions_floor_spawned":[4,7,12,14,16,18,19,31],"killed_by":"Automaton","ascension_level":0}