{"gold_per_floor":[18,18,18,18,18,18,33,33,33,183,193,33,64,78,78,78],"floor_reached":16,"playtime":734,"items_purged":[],"score":186,"play_id":"08db4031-91b0-4216-bb4f-234ed270043e","local_time":"20190424131307","is_ascension_mode":true,"campfire_choices":[{"data":"Defend_B","floor":6,"key":"SMITH"},{"data":"Conserve Battery","floor":8,"key":"SMITH"},{"data":"Pain","floor":15,"key":"PURGE"}],"neow_cost":"NO_GOLD","seed_source_timestamp":1997794805226667,"circlet_count":0,"master_deck":["AscendersBane","Strike_B","Strike_B","Strike_B","Defend_B+1","Defend_B","Zap","Dualcast","Cold Snap","Conserve Battery+1","Doubt","Loop","Electrodynamics","Cold Snap","Streamline"],"relics":["Cracked Core","WarpedTongs","Blue Candle","Peace Pipe"],"potions_floor_usage":[13],"damage_taken":[{"damage":7,"enemies":"Cultist","floor":1,"turns":4},{"damage":5,"enemies":"Small Slimes","floor":7,"turns":3},{"damage":1,"enemies":"2 Louse","floor":11,"turns":2},{"damage":17,"enemies":"Lagavulin","floor":13,"turns":5},{"damage":2,"enemies":"Large Slime","floor":14,"turns":5},{"damage":39,"enemies":"Hexaghost","floor":16,"turns":9}],"seed_played":"-5327694872599449705","potions_obtained":[{"floor":1,"key":"Weak Potion"},{"floor":13,"key":"Fire Potion"}],"is_trial":false,"path_per_floor":["M","$","?","?","?","R","M","R","T","?","M","$","E","M","R","B"],"character_chosen":"DEFECT","items_purchased":["Electrodynamics"],"campfire_rested":0,"item_purchase_floors":[12],"current_hp_per_floor":[57,57,62,62,62,62,57,57,57,57,56,56,39,37,37,0],"gold":78,"neow_bonus":"REMOVE_TWO","is_prod":false,"is_daily":false,"chose_seed":false,"campfire_upgraded":2,"win_rate":0,"timestamp":1556089987,"path_taken":["M","?","?","?","?","R","?","R","T","?","M","$","E","M","R","BOSS"],"build_version":"2019-01-23","purchased_purges":0,"victory":false,"max_hp_per_floor":[71,71,76,76,76,76,76,76,76,76,76,76,76,76,76,76],"card_choices":[{"not_picked":["Skim","Storm","Force Field"],"picked":"SKIP","floor":1},{"not_picked":["Skim","Turbo"],"picked":"Conserve Battery","floor":7},{"not_picked":["Rip and Tear","Stack"],"picked":"Loop","floor":11},{"not_picked":["Meteor Strike","Rebound"],"picked":"Cold Snap","floor":13},{"not_picked":["Double Energy","Turbo"],"picked":"Streamline","floor":14}],"player_experience":1194667,"relics_obtained":[{"floor":9,"key":"Blue Candle"},{"floor":13,"key":"Peace Pipe"}],"event_choices":[{"damage_healed":0,"gold_gain":0,"player_choice":"Donut","damage_taken":0,"max_hp_gain":5,"max_hp_loss":0,"event_name":"Big Fish","floor":3,"gold_loss":0},{"damage_healed":0,"gold_gain":0,"cards_transformed":["Strike_B"],"player_choice":"Change","damage_taken":0,"max_hp_gain":0,"max_hp_loss":0,"event_name":"Living Wall","floor":4,"gold_loss":0,"cards_obtained":["Cold Snap"]},{"damage_healed":0,"gold_gain":0,"player_choice":"Rummage","damage_taken":0,"relics_obtained":["WarpedTongs"],"max_hp_gain":0,"max_hp_loss":0,"event_name":"Accursed Blacksmith","floor":5,"gold_loss":0,"cards_obtained":["Pain"]},{"damage_healed":0,"gold_gain":150,"player_choice":"AGREE","damage_taken":0,"max_hp_gain":0,"max_hp_loss":0,"event_name":"Liars Game","floor":10,"gold_loss":0,"cards_obtained":["Doubt"]}],"is_beta":false,"boss_relics":[],"items_purged_floors":[],"is_endless":false,"potions_floor_spawned":[1,13],"killed_by":"Hexaghost","ascension_level":18}