{"gold_per_floor":[114,129,142,160,103,135,54,83,83,83,83,109,109,122,122,122],"floor_reached":16,"playtime":632,"items_purged":[],"score":222,"play_id":"052d3135-9c9c-4148-825d-953b5338740a","local_time":"20190506164249","is_ascension_mode":true,"campfire_choices":[{"floor":10.0,"key":"REST"},{"data":"Burning Pact","floor":15,"key":"SMITH"}],"neow_cost":"NONE","seed_source_timestamp":3047116664282579,"circlet_count":0,"master_deck":["AscendersBane","Strike_R","Strike_R+1","Strike_R","Strike_R+1","Defend_R","Defend_R","Defend_R","Defend_R","Bash","True Grit","Anger","Corruption","Shrug It Off","Pommel Strike","Ghostly Armor","Sentinel","Inflame","Burning Pact+1"],"special_seed":0,"relics":["Burning Blood","NeowsBlessing","Whetstone","Singing Bowl","Unceasing Top","Turnip"],"potions_floor_usage":[12],"damage_taken":[{"damage":0.0,"enemies":"Small Slimes","floor":1.0,"turns":2.0},{"damage":0.0,"enemies":"2 Louse","floor":2.0,"turns":1.0},{"damage":0.0,"enemies":"Cultist","floor":3.0,"turns":1.0},{"damage":25.0,"enemies":"Large Slime","floor":4.0,"turns":7.0},{"damage":17.0,"enemies":"Lagavulin","floor":6.0,"turns":7.0},{"damage":29.0,"enemies":"Gremlin Nob","floor":8.0,"turns":4.0},{"damage":15,"enemies":"Lagavulin","floor":12,"turns":6},{"damage":1,"enemies":"3 Louse","floor":14,"turns":4},{"damage":45,"enemies":"The Guardian","floor":16,"turns":8}],"seed_played":"4012139021668424088","potions_obtained":[{"floor":3.0,"key":"Strength Potion"},{"floor":8.0,"key":"SpeedPotion"},{"floor":12,"key":"Ancient Potion"}],"is_trial":false,"path_per_floor":["M","M","M","M","$","E","$","E","T","R","?","E","?","M","R","B"],"character_chosen":"IRONCLAD","items_purchased":["Shrug It Off","Ghostly Armor"],"campfire_rested":1,"item_purchase_floors":[5,7],"current_hp_per_floor":[74,75,75,56,56,45,45,22,22,44,44,35,35,40,40,0],"gold":122,"neow_bonus":"THREE_ENEMY_KILL","is_prod":false,"is_daily":false,"chose_seed":false,"campfire_upgraded":1,"win_rate":0,"timestamp":1557139369,"path_taken":["M","M","M","M","$","E","$","E","T","R","?","E","?","M","R","BOSS"],"build_version":"2019-01-23","purchased_purges":0,"victory":false,"max_hp_per_floor":[75,75,75,75,75,75,75,75,75,75,75,75,75,75,75,75],"card_choices":[{"not_picked":["Armaments","Body Slam"],"picked":"True Grit","floor":1.0},{"not_picked":["Iron Wave","Shrug It Off"],"picked":"Anger","floor":2.0},{"not_picked":["Shrug It Off","Twin Strike"],"picked":"Corruption","floor":3.0},{"not_picked":["Perfected Strike","Thunderclap","Blood for Blood"],"picked":"SKIP","floor":4.0},{"not_picked":["Thunderclap","Dark Embrace"],"picked":"Pommel Strike","floor":6.0},{"not_picked":["True Grit","Perfected Strike"],"picked":"Sentinel","floor":8.0},{"not_picked":["Twin Strike","Second Wind"],"picked":"Inflame","floor":12},{"not_picked":["Ghostly Armor","Flex"],"picked":"Burning Pact","floor":14}],"player_experience":1301558,"relics_obtained":[{"floor":6.0,"key":"Whetstone"},{"floor":8.0,"key":"Singing Bowl"},{"floor":9.0,"key":"Unceasing Top"},{"floor":12,"key":"Turnip"}],"event_choices":[{"damage_healed":0.0,"max_hp_gain":0.0,"max_hp_loss":0.0,"gold_gain":0.0,"event_name":"Golden Idol","player_choice":"Ignored","floor":11.0,"gold_loss":0.0,"damage_taken":0.0},{"cards_removed":["Strike_R"],"damage_healed":0,"gold_gain":0,"player_choice":"Forget","damage_taken":0,"max_hp_gain":0,"max_hp_loss":0,"event_name":"Living Wall","floor":13,"gold_loss":0}],"is_beta":false,"boss_relics":[],"items_purged_floors":[],"is_endless":false,"potions_floor_spawned":[3,8,12],"killed_by":"The Guardian","ascension_level":17}