{"gold_per_floor":[113,130,130,151,181,212,212,158,184,46,61,61,61,61],"floor_reached":14,"playtime":529,"items_purged":[],"score":167,"play_id":"da83755a-9324-4f7d-9dfc-41deb8954113","local_time":"20190416143029","is_ascension_mode":true,"campfire_choices":[{"floor":7,"key":"REST"},{"data":"Coolheaded","floor":13,"key":"SMITH"}],"neow_cost":"NONE","seed_source_timestamp":1311434836616698,"circlet_count":0,"master_deck":["AscendersBane","Strike_B","Strike_B","Strike_B","Strike_B","Defend_B","Defend_B","Defend_B","Defend_B","Zap","Dualcast","Darkness","Ball Lightning","Rebound","FTL","Coolheaded+1"],"relics":["Cracked Core","NeowsBlessing","Golden Idol","Tiny Chest","Meat on the Bone","Potion Belt"],"potions_floor_usage":[6,11],"damage_taken":[{"damage":0,"enemies":"2 Louse","floor":1,"turns":1},{"damage":0,"enemies":"Jaw Worm","floor":2,"turns":1},{"damage":0,"enemies":"Small Slimes","floor":4,"turns":1},{"damage":36,"enemies":"Gremlin Nob","floor":6,"turns":4},{"damage":21,"enemies":"3 Louse","floor":11,"turns":3},{"damage":21,"enemies":"Lagavulin","floor":14,"turns":3}],"seed_played":"-7387584709027769514","potions_obtained":[{"floor":1,"key":"Dexterity Potion"},{"floor":4,"key":"FearPotion"},{"floor":11,"key":"Strength Potion"}],"is_trial":false,"path_per_floor":["M","M","?","M","?","E","R","?","T","$","M","$","R","E"],"character_chosen":"DEFECT","items_purchased":["Coolheaded","Regen Potion"],"campfire_rested":1,"item_purchase_floors":[10,10],"current_hp_per_floor":[64,64,64,64,38,2,21,21,21,21,21,21,21,0],"gold":61,"neow_bonus":"THREE_ENEMY_KILL","is_prod":false,"is_daily":false,"chose_seed":false,"campfire_upgraded":1,"win_rate":0,"timestamp":1555403429,"path_taken":["M","M","?","M","?","E","R","?","T","$","M","$","R","E"],"build_version":"2019-01-23","purchased_purges":0,"victory":false,"max_hp_per_floor":[71,71,64,64,64,64,64,64,64,64,64,64,64,64],"card_choices":[{"not_picked":["Tempest","Rebound"],"picked":"Darkness","floor":1},{"not_picked":["Go for the Eyes","Barrage"],"picked":"Ball Lightning","floor":2},{"not_picked":["Gash","Rip and Tear"],"picked":"Rebound","floor":4},{"not_picked":["Barrage","Compile Driver"],"picked":"FTL","floor":6},{"not_picked":["Go for the Eyes","All For One","Compile Driver"],"picked":"SKIP","floor":11}],"player_experience":1162983,"relics_obtained":[{"floor":6,"key":"Meat on the Bone"},{"floor":9,"key":"Potion Belt"}],"event_choices":[{"damage_healed":0,"gold_gain":0,"player_choice":"Lose Max HP","damage_taken":0,"relics_obtained":["Golden Idol"],"max_hp_gain":0,"max_hp_loss":7,"event_name":"Golden Idol","floor":3,"gold_loss":0},{"damage_healed":0,"gold_gain":0,"player_choice":"Success","damage_taken":26,"relics_obtained":["Tiny Chest"],"max_hp_gain":0,"max_hp_loss":0,"event_name":"Scrap Ooze","floor":5,"gold_loss":0},{"damage_healed":0,"gold_gain":0,"player_choice":"Left Gold","damage_taken":0,"max_hp_gain":0,"max_hp_loss":0,"event_name":"World of Goop","floor":8,"gold_loss":54}],"is_beta":false,"boss_relics":[],"items_purged_floors":[],"is_endless":false,"potions_floor_spawned":[1,4,11],"killed_by":"Lagavulin","ascension_level":18}