{"gold_per_floor":[118,118,132,142,160,160,191,191,191,191,216,233,233,253,253,349,349,369,369,381,381,400,400,417,417,417,436,351,159,258,284,284,381,381,395,395,395,395,395,428,428,428,428,428,445,51,69,82,82,82],"floor_reached":51,"playtime":2265,"items_purged":["Strike_B+1","Defend_B+1"],"score":755,"play_id":"0fcc3105-7ee0-4b9b-9c70-b70fd35b179d","local_time":"20190119182907","is_ascension_mode":false,"campfire_choices":[{"data":"Zap","floor":6.0,"key":"SMITH"},{"data":"Sweeping Beam","floor":8.0,"key":"SMITH"},{"data":"Sweeping Beam","floor":10.0,"key":"SMITH"},{"data":"Beam Cell","floor":15.0,"key":"SMITH"},{"data":"Dualcast","floor":23,"key":"SMITH"},{"data":"Conserve Battery","floor":25,"key":"SMITH"},{"data":"Go for the Eyes","floor":32,"key":"SMITH"},{"data":"Rainbow","floor":42,"key":"SMITH"},{"data":"1","floor":44,"key":"LIFT"},{"data":"Discovery","floor":49,"key":"SMITH"}],"neow_cost":"NONE","seed_source_timestamp":10981870940099,"circlet_count":0,"master_deck":["Strike_B+1","Strike_B+1","Defend_B+1","Defend_B+1","Defend_B+1","Zap+1","Dualcast+1","Sweeping Beam+1","Beam Cell+1","Conserve Battery+1","Sweeping Beam+1","Compile Driver","Conserve Battery","Defend_B+1","All For One","Core Surge","Steam+1","Cold Snap","Lockon+1","Sunder+1","Flash of Steel","Go for the Eyes+1","Rainbow+1","Madness","Madness","Glacier","Discovery+1","Core Surge","Core Surge","Streamline"],"special_seed":0,"relics":["Cracked Core","Centennial Puzzle","Pear","Cables","Coffee Dripper","Darkstone Periapt","Juzu Bracelet","Boot","Lizard Tail","Pen Nib","Girya","DollysMirror"],"potions_floor_usage":[20,47,50,50,50],"damage_taken":[{"damage":5.0,"enemies":"Small Slimes","floor":1.0,"turns":3.0},{"damage":1.0,"enemies":"Jaw Worm","floor":3.0,"turns":3.0},{"damage":0.0,"enemies":"Cultist","floor":4.0,"turns":3.0},{"damage":0.0,"enemies":"Exordium Wildlife","floor":5.0,"turns":3.0},{"damage":13.0,"enemies":"Lagavulin","floor":7.0,"turns":8.0},{"damage":5.0,"enemies":"3 Sentries","floor":11.0,"turns":3.0},{"damage":7.0,"enemies":"2 Fungi Beasts","floor":12.0,"turns":3.0},{"damage":3.0,"enemies":"Looter","floor":14.0,"turns":2.0},{"damage":16.0,"enemies":"Hexaghost","floor":16.0,"turns":9.0},{"damage":0.0,"enemies":"Spheric Guardian","floor":18.0,"turns":4.0},{"damage":8,"enemies":"2 Thieves","floor":20,"turns":3},{"damage":0,"enemies":"Snecko","floor":22,"turns":3},{"damage":3,"enemies":"Chosen and Byrds","floor":24,"turns":4},{"damage":0,"enemies":"3 Cultists","floor":27,"turns":4},{"damage":0,"enemies":"Book of Stabbing","floor":31,"turns":5},{"damage":40,"enemies":"Collector","floor":33,"turns":9},{"damage":0,"enemies":"Orb Walker","floor":35,"turns":3},{"damage":42,"enemies":"Giant Head","floor":40,"turns":9},{"damage":0,"enemies":"3 Shapes","floor":45,"turns":3},{"damage":20,"enemies":"3 Darklings","floor":47,"turns":3},{"damage":0,"enemies":"Spire Growth","floor":48,"turns":3},{"damage":27,"enemies":"Awakened One","floor":50,"turns":13}],"seed_played":"-5007891170720741410","potions_obtained":[{"floor":1.0,"key":"FocusPotion"},{"floor":5.0,"key":"Explosive Potion"},{"floor":7.0,"key":"Strength Potion"},{"floor":18.0,"key":"SkillPotion"},{"floor":35,"key":"PowerPotion"},{"floor":48,"key":"Strength Potion"}],"is_trial":false,"path_per_floor":["M","?","M","M","M","R","E","R","T","R","E","M","?","M","R","B",null,"M","?","M","?","M","R","M","R","T","M","?","$","?","E","R","B",null,"M","?","$","?","?","E","?","R","T","R","M","$","M","M","R","B",null],"character_chosen":"DEFECT","items_purchased":["Flash of Steel","Go for the Eyes","Discovery","DollysMirror"],"campfire_rested":0,"item_purchase_floors":[29,29,46,46],"current_hp_per_floor":[77,77,76,76,76,76,63,63,73,73,68,61,61,58,58,42,92,92,92,84,84,84,84,81,81,81,81,81,81,81,81,81,41,92,92,102,102,102,89,47,47,47,47,47,47,47,27,27,27,51],"gold":82,"neow_bonus":"TEN_PERCENT_HP_BONUS","is_prod":false,"is_daily":false,"chose_seed":false,"campfire_upgraded":9,"win_rate":0,"timestamp":1547922547,"path_taken":["M","?","M","M","M","R","E","R","T","R","E","M","?","?","R","BOSS","M","?","M","?","M","R","M","R","T","M","?","$","?","E","R","BOSS","M","?","$","?","?","E","?","R","T","R","M","$","M","M","R","BOSS"],"build_version":"2019-01-17v2","purchased_purges":2,"victory":true,"max_hp_per_floor":[82,82,82,82,82,82,82,82,92,92,92,92,92,92,92,92,92,92,92,92,92,92,92,92,92,92,92,92,92,92,92,92,92,92,92,102,102,102,102,102,102,102,102,102,102,102,102,102,102,102],"card_choices":[{"not_picked":["Heatsinks","Stack"],"picked":"Sweeping Beam","floor":1.0},{"not_picked":["Recycle","Tempest"],"picked":"Beam Cell","floor":3.0},{"not_picked":["Rebound","Go for the Eyes"],"picked":"Conserve Battery","floor":4.0},{"not_picked":["Biased Cognition","Streamline"],"picked":"Blizzard","floor":5.0},{"not_picked":["Stack","Beam Cell"],"picked":"Sweeping Beam","floor":7.0},{"not_picked":["Steam Power","Sweeping Beam"],"picked":"Compile Driver","floor":11.0},{"not_picked":["Redo","Streamline"],"picked":"Conserve Battery","floor":12.0},{"not_picked":["Compile Driver","Stack"],"picked":"All For One","floor":14.0},{"not_picked":["Rainbow","Fission"],"picked":"Core Surge","floor":16.0},{"not_picked":["Turbo","Reprogram"],"picked":"Steam+1","floor":18.0},{"not_picked":["Consume+1","Redo"],"picked":"Cold Snap","floor":20},{"not_picked":["Darkness","Force Field","Steam"],"picked":"SKIP","floor":22},{"not_picked":["Double Energy+1","Doom and Gloom+1"],"picked":"Lockon+1","floor":24},{"not_picked":["Tempest","BootSequence"],"picked":"Sunder+1","floor":27},{"not_picked":["Sunder","Hologram"],"picked":"Multi-Cast","floor":31},{"not_picked":["Seek","Buffer"],"picked":"Rainbow","floor":33},{"not_picked":["Compile Driver","Barrage+1","Go for the Eyes"],"picked":"SKIP","floor":35},{"not_picked":["Hello World+1","Sweeping Beam+1"],"picked":"Glacier","floor":40},{"not_picked":["Compile Driver+1","Genetic Algorithm+1","Streamline+1"],"picked":"SKIP","floor":45},{"not_picked":["Compile Driver+1","Redo"],"picked":"Core Surge","floor":47},{"not_picked":["Gash","Barrage"],"picked":"Streamline","floor":48}],"player_experience":708156,"relics_obtained":[{"floor":7.0,"key":"Centennial Puzzle"},{"floor":9.0,"key":"Pear"},{"floor":11.0,"key":"Cables"},{"floor":26,"key":"Darkstone Periapt"},{"floor":31,"key":"Boot"},{"floor":40,"key":"Pen Nib"},{"floor":43,"key":"Girya"}],"event_choices":[{"damage_healed":0.0,"max_hp_gain":0.0,"max_hp_loss":0.0,"gold_gain":0.0,"cards_transformed":["Strike_B"],"event_name":"Living Wall","player_choice":"Change","floor":2.0,"gold_loss":0.0,"damage_taken":0.0,"cards_obtained":["Hello World"]},{"cards_removed":["Blizzard"],"damage_healed":0.0,"max_hp_gain":0.0,"max_hp_loss":0.0,"gold_gain":0.0,"event_name":"NoteForYourself","player_choice":"Took Card","floor":13.0,"gold_loss":0.0,"damage_taken":0.0,"cards_obtained":["Defend_B"]},{"damage_healed":0,"gold_gain":0,"player_choice":"Ignored","damage_taken":0,"max_hp_gain":0,"max_hp_loss":0,"event_name":"Cursed Tome","floor":19,"gold_loss":0},{"damage_healed":0,"gold_gain":0,"player_choice":"Simplicity","damage_taken":0,"max_hp_gain":0,"max_hp_loss":0,"event_name":"Back to Basics","floor":21,"gold_loss":0,"cards_upgraded":["Strike_B","Strike_B","Strike_B","Defend_B","Defend_B","Defend_B","Defend_B"]},{"damage_healed":0,"gold_gain":0,"player_choice":"Obtained Relic","damage_taken":0,"relics_obtained":["Juzu Bracelet"],"max_hp_gain":0,"max_hp_loss":0,"event_name":"Addict","floor":28,"gold_loss":85},{"damage_healed":0,"gold_gain":99,"player_choice":"Stole From Cult","damage_taken":0,"max_hp_gain":0,"max_hp_loss":0,"event_name":"Nest","floor":30,"gold_loss":0},{"cards_removed":["Multi-Cast"],"damage_healed":0,"gold_gain":0,"player_choice":"Offered Rare","damage_taken":0,"max_hp_gain":10,"max_hp_loss":0,"event_name":"Bonfire Elementals","floor":36,"gold_loss":0},{"cards_removed":["Hello World"],"damage_healed":0,"gold_gain":0,"player_choice":"Removed Power","damage_taken":0,"max_hp_gain":0,"max_hp_loss":0,"event_name":"Falling","floor":38,"gold_loss":0},{"damage_healed":0,"gold_gain":0,"player_choice":"Embrace Madness","damage_taken":13,"max_hp_gain":0,"max_hp_loss":0,"event_name":"Winding Halls","floor":39,"gold_loss":0,"cards_obtained":["Madness","Madness"]},{"damage_healed":0,"gold_gain":0,"player_choice":"Ignored","damage_taken":0,"max_hp_gain":0,"max_hp_loss":0,"event_name":"Tomb of Lord Red Mask","floor":41,"gold_loss":0}],"is_beta":false,"boss_relics":[{"not_picked":["Black Star","Calling Bell"],"picked":"Coffee Dripper"},{"not_picked":["Sozu","Empty Cage"],"picked":"Lizard Tail"}],"items_purged_floors":[29,46],"is_endless":false,"potions_floor_spawned":[1,5,7,18,35,45,48],"ascension_level":0}