{"gold_per_floor":[113,113,113,131,148,148,167,181,205,240,240,172,172,187,187,290,290,305,315,329,329,254,254,254],"floor_reached":24,"playtime":1382,"items_purged":[],"score":198,"play_id":"5a0287f4-da89-44d4-ab68-e5384bf8243f","local_time":"20190529040022","is_ascension_mode":false,"campfire_choices":[{"data":"Bash","floor":6.0,"key":"SMITH"},{"floor":11.0,"key":"REST"},{"floor":15.0,"key":"REST"},{"floor":23,"key":"REST"}],"neow_cost":"NONE","seed_source_timestamp":0,"circlet_count":0,"master_deck":["Strike_R","Strike_R","Strike_R","Strike_R","Defend_R","Defend_R","Defend_R","Defend_R","Bash+1","Demon Form+1","Pommel Strike","Cleave","Body Slam","Twin Strike","Searing Blow","Metallicize","Barricade","Bludgeon","Body Slam+1","Battle Trance","Clash"],"special_seed":0,"relics":["Burning Blood","Anchor","Ancient Tea Set","Philosopher\u0027s Stone"],"potions_floor_usage":[],"damage_taken":[{"damage":10.0,"enemies":"Jaw Worm","floor":1.0,"turns":5.0},{"damage":1.0,"enemies":"Cultist","floor":4.0,"turns":3.0},{"damage":10.0,"enemies":"2 Louse","floor":5.0,"turns":3.0},{"damage":13.0,"enemies":"Large Slime","floor":7.0,"turns":5.0},{"damage":21.0,"enemies":"Blue Slaver","floor":8.0,"turns":4.0},{"damage":28.0,"enemies":"Gremlin Nob","floor":10.0,"turns":4.0},{"damage":4.0,"enemies":"Exordium Wildlife","floor":14.0,"turns":3.0},{"damage":44.0,"enemies":"The Guardian","floor":16.0,"turns":7.0},{"damage":47.0,"enemies":"3 Byrds","floor":18.0,"turns":5.0},{"damage":1.0,"enemies":"Chosen","floor":19.0,"turns":4.0},{"damage":34,"enemies":"Sentry and Sphere","floor":20,"turns":6},{"damage":42,"enemies":"Snake Plant","floor":24,"turns":4}],"seed_played":"-1320351877646945860","potions_obtained":[{"floor":1.0,"key":"GamblersBrew"},{"floor":4.0,"key":"FearPotion"},{"floor":16.0,"key":"EssenceOfSteel"}],"is_trial":false,"path_per_floor":["M","?","$","M","M","R","M","M","T","E","R","$","?","M","R","B",null,"M","M","M","?","?","R","M"],"character_chosen":"IRONCLAD","items_purchased":["Metallicize"],"campfire_rested":3,"item_purchase_floors":[12],"current_hp_per_floor":[76,76,76,80,76,76,69,54,54,32,56,56,56,58,80,42,80,39,44,16,16,16,40,0],"gold":254,"neow_bonus":"ONE_RANDOM_RARE_CARD","is_prod":false,"is_daily":false,"chose_seed":false,"campfire_upgraded":1,"win_rate":0.0,"timestamp":1559116822,"path_taken":["M","?","?","M","M","R","?","M","T","E","R","$","?","M","R","BOSS","M","M","M","?","?","R","M"],"build_version":"2019-01-23","purchased_purges":0,"victory":false,"max_hp_per_floor":[80,80,80,80,80,80,80,80,80,80,80,80,80,80,80,80,80,80,80,80,80,80,80,80],"card_choices":[{"not_picked":["Feel No Pain","Thunderclap"],"picked":"Pommel Strike","floor":1.0},{"not_picked":["Uppercut","Clothesline"],"picked":"Cleave","floor":4.0},{"not_picked":["True Grit","Sword Boomerang","Dropkick"],"picked":"SKIP","floor":5.0},{"not_picked":["Power Through","Pommel Strike"],"picked":"Body Slam","floor":7.0},{"not_picked":["Anger","Body Slam"],"picked":"Twin Strike","floor":8.0},{"not_picked":["Twin Strike","True Grit"],"picked":"Searing Blow","floor":10.0},{"not_picked":["Warcry","Perfected Strike"],"picked":"Barricade","floor":14.0},{"not_picked":["Barricade","Feed"],"picked":"Bludgeon","floor":16.0},{"not_picked":["Warcry","Clothesline"],"picked":"Body Slam+1","floor":18.0},{"not_picked":["Cleave","Warcry"],"picked":"Battle Trance","floor":19.0},{"not_picked":["Clothesline","Headbutt+1"],"picked":"Clash","floor":20}],"player_experience":17785,"relics_obtained":[{"floor":9.0,"key":"Anchor"},{"floor":10.0,"key":"Ancient Tea Set"}],"event_choices":[{"damage_healed":0.0,"max_hp_gain":0.0,"max_hp_loss":0.0,"gold_gain":0.0,"event_name":"Accursed Blacksmith","player_choice":"Forge","floor":2.0,"gold_loss":0.0,"damage_taken":0.0,"cards_upgraded":["Demon Form"]},{"damage_healed":0.0,"max_hp_gain":0.0,"max_hp_loss":0.0,"gold_gain":0.0,"event_name":"Liars Game","player_choice":"Ignored","floor":13.0,"gold_loss":0.0,"damage_taken":0.0},{"damage_healed":0,"gold_gain":0,"player_choice":"Ignored","damage_taken":0,"max_hp_gain":0,"max_hp_loss":0,"event_name":"The Mausoleum","floor":21,"gold_loss":0},{"cards_removed":["Strike_R"],"damage_healed":0,"gold_gain":0,"player_choice":"Gave Gold","damage_taken":0,"max_hp_gain":0,"max_hp_loss":0,"event_name":"Beggar","floor":22,"gold_loss":75}],"is_beta":false,"boss_relics":[{"not_picked":["Busted Crown","Cursed Key"],"picked":"Philosopher\u0027s Stone"}],"items_purged_floors":[],"is_endless":false,"potions_floor_spawned":[1,4,16,18,19],"killed_by":"Snake Plant","ascension_level":0}