{"gold_per_floor":[109,123,52,70,81,109,109,140,178,190,214,251,263,293,305,419,431,463,495,536,574,603,615,652,664,676,688,725,115,130,141,141,244,244,258,258,23,33,49,49],"floor_reached":40,"playtime":4227,"items_purged":["Defend_B","All For One"],"score":485,"play_id":"b0208f18-36e1-4193-9f04-6144b58b072b","local_time":"20190527224108","is_ascension_mode":true,"campfire_choices":[{"floor":7,"key":"REST"},{"floor":10,"key":"REST"},{"data":"Echo Form","floor":13,"key":"SMITH"},{"floor":15,"key":"REST"},{"floor":23,"key":"REST"},{"data":"Defragment","floor":25,"key":"SMITH"},{"data":"Loop","floor":27,"key":"SMITH"},{"data":"Sunder","floor":32,"key":"SMITH"}],"neow_cost":"NONE","seed_source_timestamp":1017063879523400,"circlet_count":0,"master_deck":["Zap","Dualcast+1","Barrage","Thunder Strike","Sunder+1","Loop+1","Coolheaded","Chaos+1","Echo Form+1","Defragment+1","Fusion+1","Go for the Eyes","Buffer","FTL","Capacitor","Reinforced Body+1","Cold Snap+1","Streamline+1","Double Energy+1","Meteor Strike","Hologram+1","Transmutation+1","Barrage","Core Surge","Chaos+1","Steam Power+1","Thunder Strike","Hyperbeam","Thunder Strike","Barrage","Redo+1","Blind+1","Secret Technique+1","Coolheaded+1","Melter+1"],"relics":["Cracked Core","Toxic Egg 2","MawBank","Regal Pillow","Odd Mushroom","Velvet Choker","Red Mask","Smiling Mask","Emotion Chip","Bottled Flame","Lee\u0027s Waffle","Pandora\u0027s Box"],"potions_floor_usage":[20,22,24,28],"damage_taken":[{"damage":10,"enemies":"Small Slimes","floor":1,"turns":3},{"damage":1,"enemies":"Jaw Worm","floor":2,"turns":3},{"damage":2,"enemies":"2 Louse","floor":4,"turns":3},{"damage":21,"enemies":"Lots of Slimes","floor":5,"turns":4},{"damage":35,"enemies":"Gremlin Nob","floor":6,"turns":4},{"damage":9,"enemies":"Lagavulin","floor":8,"turns":6},{"damage":2,"enemies":"Blue Slaver","floor":11,"turns":3},{"damage":27,"enemies":"The Mushroom Lair","floor":12,"turns":4},{"damage":6,"enemies":"Large Slime","floor":14,"turns":4},{"damage":36,"enemies":"The Guardian","floor":16,"turns":10},{"damage":7,"enemies":"Spheric Guardian","floor":18,"turns":5},{"damage":43,"enemies":"2 Thieves","floor":19,"turns":4},{"damage":7,"enemies":"Masked Bandits","floor":20,"turns":4},{"damage":2,"enemies":"Snecko","floor":22,"turns":7},{"damage":13,"enemies":"Gremlin Leader","floor":24,"turns":10},{"damage":14,"enemies":"Book of Stabbing","floor":28,"turns":7},{"damage":21,"enemies":"Cultist and Chosen","floor":30,"turns":9},{"damage":14,"enemies":"Shelled Parasite and Fungi","floor":31,"turns":3},{"damage":27,"enemies":"Champ","floor":33,"turns":9},{"damage":0,"enemies":"3 Shapes","floor":35,"turns":2},{"damage":44,"enemies":"3 Darklings","floor":38,"turns":6},{"damage":33,"enemies":"Transient","floor":39,"turns":5},{"damage":7,"enemies":"Giant Head","floor":40,"turns":1}],"seed_played":"-6680961042512249159","potions_obtained":[{"floor":4,"key":"FocusPotion"},{"floor":5,"key":"GamblersBrew"},{"floor":8,"key":"Swift Potion"},{"floor":11,"key":"Fire Potion"},{"floor":20,"key":"FocusPotion"},{"floor":24,"key":"SkillPotion"},{"floor":28,"key":"SteroidPotion"},{"floor":33,"key":"SpeedPotion"}],"is_trial":false,"path_per_floor":["M","M","$","M","M","E","R","E","T","R","M","?","R","M","R","B",null,"M","M","?","T","M","R","E","R","T","R","E","$","M","M","R","B",null,"M","?","$","M","M","E"],"character_chosen":"DEFECT","items_purchased":["Sunder","Lee\u0027s Waffle","Meteor Strike","Hologram+1","Transmutation+1","Secret Technique+1"],"campfire_rested":4,"item_purchase_floors":[3,29,29,29,29,37],"current_hp_per_floor":[65,64,64,62,41,6,28,19,19,56,54,27,27,21,58,22,75,68,25,18,18,16,53,40,40,40,40,26,82,61,47,47,20,82,82,82,82,38,5,0],"gold":49,"neow_bonus":"UPGRADE_CARD","is_prod":false,"is_daily":false,"chose_seed":false,"campfire_upgraded":4,"win_rate":0,"timestamp":1559014868,"path_taken":["M","M","$","M","M","E","R","E","T","R","M","?","R","M","R","BOSS","M","M","?","?","M","R","E","R","T","R","E","$","M","M","R","BOSS","M","?","$","M","M","E"],"build_version":"2019-01-23","purchased_purges":2,"victory":false,"max_hp_per_floor":[75,75,75,75,75,75,75,75,75,75,75,75,75,75,75,75,75,75,75,75,75,75,75,75,75,75,75,75,82,82,82,82,82,82,82,82,82,82,82,82],"card_choices":[{"not_picked":["Steam","Leap"],"picked":"Barrage","floor":1},{"not_picked":["Leap","Compile Driver"],"picked":"Thunder Strike","floor":2},{"not_picked":["Heatsinks","Conserve Battery"],"picked":"Loop","floor":4},{"not_picked":["Blizzard","Loop"],"picked":"Coolheaded","floor":5},{"not_picked":["Conserve Battery","Beam Cell"],"picked":"Chaos","floor":6},{"not_picked":["Steam+1","Biased Cognition"],"picked":"Echo Form","floor":8},{"not_picked":["Steam+1","Gash"],"picked":"Defragment","floor":11},{"not_picked":["Gash","Cold Snap"],"picked":"Fusion+1","floor":12},{"not_picked":["Steam+1","Beam Cell"],"picked":"Go for the Eyes","floor":14},{"not_picked":["Thunder Strike","Echo Form"],"picked":"Buffer","floor":16},{"not_picked":["Beam Cell","Sweeping Beam"],"picked":"FTL","floor":18},{"not_picked":["Stack+1","FTL+1"],"picked":"Capacitor","floor":19},{"not_picked":["Reprogram+1","Steam+1"],"picked":"Reinforced Body+1","floor":20},{"not_picked":["Turbo+1","All For One"],"picked":"Cold Snap+1","floor":22},{"not_picked":["Leap+1","Beam Cell"],"picked":"Streamline+1","floor":24},{"not_picked":["Gash","Lockon"],"picked":"Double Energy+1","floor":28},{"not_picked":["Hologram+1","Steam+1"],"picked":"Barrage","floor":30},{"not_picked":["Stack+1","Leap+1","Thunder Strike"],"picked":"SKIP","floor":31},{"not_picked":["Creative AI","Biased Cognition"],"picked":"Core Surge","floor":33},{"not_picked":["Force Field+1","Lockon+1"],"picked":"Redo+1","floor":35},{"not_picked":["Jack Of All Trades+1","Finesse+1"],"picked":"Blind+1","floor":36},{"not_picked":["Rebound","Gash"],"picked":"Coolheaded+1","floor":38},{"not_picked":["Beam Cell","Steam+1"],"picked":"Melter+1","floor":39}],"player_experience":214091,"relics_obtained":[{"floor":6,"key":"Toxic Egg 2"},{"floor":8,"key":"MawBank"},{"floor":9,"key":"Regal Pillow"},{"floor":12,"key":"Odd Mushroom"},{"floor":20,"key":"Red Mask"},{"floor":24,"key":"Smiling Mask"},{"floor":26,"key":"Emotion Chip"},{"floor":28,"key":"Bottled Flame"}],"event_choices":[{"damage_healed":0,"gold_gain":0,"player_choice":"Fought Mushrooms","damage_taken":0,"max_hp_gain":0,"max_hp_loss":0,"event_name":"Mushrooms","floor":12,"gold_loss":0},{"damage_healed":0,"gold_gain":0,"player_choice":"Fought Bandits","damage_taken":0,"max_hp_gain":0,"max_hp_loss":0,"event_name":"Masked Bandits","floor":20,"gold_loss":0},{"damage_healed":0,"gold_gain":0,"player_choice":"Memory 1","damage_taken":0,"max_hp_gain":0,"max_hp_loss":0,"event_name":"SensoryStone","floor":36,"gold_loss":0}],"is_beta":false,"boss_relics":[{"not_picked":["White Beast Statue","Snecko Eye"],"picked":"Velvet Choker"},{"not_picked":["Empty Cage","Orrery"],"picked":"Pandora\u0027s Box"}],"items_purged_floors":[29,37],"is_endless":false,"potions_floor_spawned":[4,5,8,11,12,20,24,28,33,38],"killed_by":"Giant Head","ascension_level":1}