{"gold_per_floor":[115,115,41,41,55,86,86,86,133,152,193,193,208,228,228,228],"floor_reached":16,"playtime":1741,"items_purged":[],"score":160,"play_id":"a9e13ab5-8cfe-4b90-bacf-b4996f402147","local_time":"20190423142026","is_ascension_mode":true,"campfire_choices":[{"floor":8,"key":"REST"},{"data":"Neutralize","floor":15,"key":"SMITH"}],"neow_cost":"NONE","seed_source_timestamp":1914428537643014,"circlet_count":0,"master_deck":["Defend_G","Defend_G","Defend_G","Defend_G","Defend_G","Strike_G","Strike_G","Strike_G","Strike_G","Strike_G","Survivor","Neutralize+1","Backflip","Quick Slash","Backflip","Dagger Throw","All Out Attack","Acrobatics","Deflect+1","Pain","Acrobatics+1","Blur+1"],"relics":["Ring of the Snake","Omamori","Paper Crane","Golden Idol","Regal Pillow","Pocketwatch","Pen Nib","Toxic Egg 2","WarpedTongs"],"potions_floor_usage":[13,16],"damage_taken":[{"damage":1,"enemies":"2 Louse","floor":1,"turns":3},{"damage":0,"enemies":"Jaw Worm","floor":5,"turns":5},{"damage":36,"enemies":"3 Sentries","floor":6,"turns":14},{"damage":1,"enemies":"Small Slimes","floor":10,"turns":3},{"damage":21,"enemies":"Lagavulin","floor":11,"turns":8},{"damage":4,"enemies":"Exordium Thugs","floor":13,"turns":3},{"damage":5,"enemies":"Large Slime","floor":14,"turns":8},{"damage":36,"enemies":"Slime Boss","floor":16,"turns":11}],"seed_played":"-8132994333892620886","potions_obtained":[{"floor":6,"key":"Explosive Potion"},{"floor":10,"key":"SkillPotion"}],"is_trial":false,"path_per_floor":["M","?","$","?","M","E","T","R","T","M","E","?","M","M","R","B"],"character_chosen":"THE_SILENT","items_purchased":["Quick Slash","Backflip"],"campfire_rested":1,"item_purchase_floors":[3,3],"current_hp_per_floor":[62,62,62,62,62,26,26,62,62,61,40,40,36,31,31,0],"gold":228,"neow_bonus":"RANDOM_COMMON_RELIC","is_prod":false,"is_daily":false,"chose_seed":false,"campfire_upgraded":1,"win_rate":0,"timestamp":1556007626,"path_taken":["M","?","$","?","M","E","?","R","T","M","E","?","?","M","R","BOSS"],"build_version":"2019-01-23","purchased_purges":0,"victory":false,"max_hp_per_floor":[70,70,70,70,70,70,70,70,70,70,70,70,70,70,70,70],"card_choices":[{"not_picked":["Cloak And Dagger","Outmaneuver"],"picked":"Backflip","floor":1},{"not_picked":["Dodge and Roll","Prepared"],"picked":"Dagger Throw","floor":5},{"not_picked":["Blade Dance","Acrobatics"],"picked":"All Out Attack","floor":6},{"not_picked":["Concentrate","Dodge and Roll"],"picked":"Acrobatics","floor":10},{"not_picked":["Slice","After Image"],"picked":"Deflect","floor":11},{"not_picked":["Blade Dance+1","Accuracy"],"picked":"Acrobatics+1","floor":13},{"not_picked":["Blade Dance+1","All Out Attack"],"picked":"Blur+1","floor":14}],"player_experience":1188078,"relics_obtained":[{"floor":6,"key":"Regal Pillow"},{"floor":7,"key":"Pocketwatch"},{"floor":9,"key":"Pen Nib"},{"floor":11,"key":"Toxic Egg 2"}],"event_choices":[{"damage_healed":0,"gold_gain":0,"player_choice":"Box","damage_taken":0,"relics_obtained":["Paper Crane"],"max_hp_gain":0,"max_hp_loss":0,"event_name":"Big Fish","floor":2,"gold_loss":0,"cards_obtained":["Regret"]},{"damage_healed":0,"gold_gain":0,"player_choice":"Take Wound","damage_taken":0,"relics_obtained":["Golden Idol"],"max_hp_gain":0,"max_hp_loss":0,"event_name":"Golden Idol","floor":4,"gold_loss":0,"cards_obtained":["Injury"]},{"damage_healed":0,"gold_gain":0,"player_choice":"Rummage","damage_taken":0,"relics_obtained":["WarpedTongs"],"max_hp_gain":0,"max_hp_loss":0,"event_name":"Accursed Blacksmith","floor":12,"gold_loss":0,"cards_obtained":["Pain"]}],"is_beta":false,"boss_relics":[],"items_purged_floors":[],"is_endless":false,"potions_floor_spawned":[6,10],"killed_by":"Slime Boss","ascension_level":9}