{"gold_per_floor":[114,132,207,222,240,273,273,38,38,38,38,38,38,79,79,204,267,288,213,213,213,179,179,222,222,273,273,273,309,20,41,41,164,164,189,189,208,226,226],"floor_reached":39,"playtime":1775,"items_purged":[],"score":575,"play_id":"689ffac7-b5cc-4e48-b5ae-409abf339e76","local_time":"20190513160047","is_ascension_mode":true,"campfire_choices":[{"floor":7.0,"key":"REST"},{"data":"Defragment","floor":15.0,"key":"SMITH"},{"floor":23.0,"key":"REST"},{"floor":25.0,"key":"REST"},{"data":"Consume","floor":27.0,"key":"SMITH"},{"data":"Turbo","floor":32.0,"key":"SMITH"}],"neow_cost":"NONE","seed_source_timestamp":0,"circlet_count":0,"master_deck":["Defend_B","Defend_B","Defend_B","Defend_B","Zap+1","Dualcast","Rebound","Beam Cell","Echo Form","Conserve Battery","Defragment+1","Sunder","Echo Form+1","Turbo+1","Sweeping Beam+1","Leap","Bite","Bite","Bite","Bite","Bite","Consume+1","Leap","Core Surge+1","Skim+1","Core Surge+1","Coolheaded+1","Core Surge+1","Rainbow","Self Repair+1","FTL+1"],"special_seed":0,"relics":["Cracked Core","Shuriken","Bronze Scales","Thread and Needle","Golden Idol","Pear","Prayer Wheel","Tiny House","Molten Egg 2","Blood Vial","Bottled Lightning","Oddly Smooth Stone","Fusion Hammer","Bag of Marbles"],"potions_floor_usage":[35,38,38],"damage_taken":[{"damage":8.0,"enemies":"2 Louse","floor":1.0,"turns":2.0},{"damage":0.0,"enemies":"Small Slimes","floor":2.0,"turns":2.0},{"damage":7.0,"enemies":"Jaw Worm","floor":4.0,"turns":2.0},{"damage":1.0,"enemies":"Looter","floor":5.0,"turns":2.0},{"damage":30.0,"enemies":"3 Sentries","floor":6.0,"turns":7.0},{"damage":9.0,"enemies":"Lagavulin","floor":14.0,"turns":8.0},{"damage":15.0,"enemies":"Hexaghost","floor":16.0,"turns":8.0},{"damage":35.0,"enemies":"3 Byrds","floor":18.0,"turns":4.0},{"damage":14.0,"enemies":"Colosseum Slavers","floor":20.0,"turns":4.0},{"damage":35.0,"enemies":"Book of Stabbing","floor":24.0,"turns":5.0},{"damage":24.0,"enemies":"Gremlin Leader","floor":29.0,"turns":6.0},{"damage":0.0,"enemies":"Spheric Guardian","floor":31.0,"turns":3.0},{"damage":65.0,"enemies":"Collector","floor":33.0,"turns":10.0},{"damage":46,"enemies":"3 Darklings","floor":35,"turns":5},{"damage":2,"enemies":"Orb Walker","floor":37,"turns":3},{"damage":13,"enemies":"Transient","floor":38,"turns":5},{"damage":18,"enemies":"Maw","floor":39,"turns":2}],"seed_played":"8578015549173785708","potions_obtained":[{"floor":2.0,"key":"Regen Potion"},{"floor":5.0,"key":"SkillPotion"},{"floor":14.0,"key":"FearPotion"},{"floor":17.0,"key":"Dexterity Potion"},{"floor":18.0,"key":"SkillPotion"},{"floor":29.0,"key":"LiquidBronze"},{"floor":33.0,"key":"EssenceOfSteel"},{"floor":35,"key":"Weak Potion"},{"floor":37,"key":"Weak Potion"}],"is_trial":false,"path_per_floor":["M","M","?","M","M","E","R","$","T","?","T","?","$","E","R","B",null,"M","?","?","?","$","R","E","R","T","R","?","E","$","M","R","B",null,"M","?","M","M","M"],"character_chosen":"DEFECT","items_purchased":["Bronze Scales","Defragment","Consume","Oddly Smooth Stone","Core Surge+1"],"campfire_rested":3,"item_purchase_floors":[8,8,22,30,30],"current_hp_per_floor":[67,67,56,49,48,33,57,57,57,57,67,67,67,58,58,43,85,50,50,36,36,36,56,37,57,57,57,57,49,49,55,55,14,54,18,18,18,11,0],"gold":226,"neow_bonus":"TEN_PERCENT_HP_BONUS","is_prod":false,"is_daily":false,"chose_seed":false,"campfire_upgraded":3,"win_rate":0,"timestamp":1557777647,"path_taken":["M","M","?","M","M","E","R","$","T","?","?","?","$","E","R","BOSS","M","?","?","?","$","R","E","R","T","R","?","E","$","M","R","BOSS","M","?","?","M","M"],"build_version":"2019-01-23","purchased_purges":0,"victory":false,"max_hp_per_floor":[82,82,82,82,82,82,82,82,82,82,92,92,92,92,92,92,97,97,97,97,67,67,67,67,67,67,67,67,67,67,67,67,67,67,67,67,67,67,67],"card_choices":[{"not_picked":["Barrage","Sweeping Beam"],"picked":"Rebound","floor":1.0},{"not_picked":["Scrape","Rebound"],"picked":"Beam Cell","floor":2.0},{"not_picked":["Reprogram","Redo","Doom and Gloom"],"picked":"SKIP","floor":4.0},{"not_picked":["Skim","Go for the Eyes"],"picked":"Echo Form","floor":5.0},{"not_picked":["Force Field","Recycle"],"picked":"Conserve Battery","floor":6.0},{"not_picked":["Heatsinks","Melter"],"picked":"Sunder","floor":14.0},{"not_picked":["Creative AI","All For One"],"picked":"Echo Form","floor":16.0},{"not_picked":["Tempest","Gash"],"picked":"Turbo","floor":17.0},{"not_picked":["Compile Driver","Streamline"],"picked":"Sweeping Beam+1","floor":18.0},{"not_picked":["Sweeping Beam","Gash"],"picked":"Leap","floor":18.0},{"not_picked":["Recycle","Streamline"],"picked":"Leap","floor":24.0},{"not_picked":["Skim+1","Beam Cell+1","FTL+1"],"picked":"SKIP","floor":29.0},{"not_picked":["Beam Cell+1","FTL+1"],"picked":"Skim+1","floor":29.0},{"not_picked":["Glacier","Double Energy"],"picked":"Coolheaded+1","floor":31.0},{"not_picked":["Lockon+1","Compile Driver+1","Barrage+1"],"picked":"SKIP","floor":31.0},{"not_picked":["Thunder Strike+1","Fission"],"picked":"Core Surge+1","floor":33.0},{"not_picked":["Turbo+1","Barrage+1"],"picked":"Rainbow","floor":35},{"not_picked":["Skim","Ball Lightning+1","Conserve Battery"],"picked":"SKIP","floor":35},{"not_picked":["Streamline+1","Sunder+1"],"picked":"Self Repair+1","floor":37},{"not_picked":["Hologram+1","Ball Lightning+1","Barrage+1"],"picked":"SKIP","floor":37},{"not_picked":["White Noise","Leap+1"],"picked":"FTL+1","floor":38},{"not_picked":["Beam Cell+1","Ball Lightning+1","Darkness+1"],"picked":"SKIP","floor":38}],"player_experience":408633,"relics_obtained":[{"floor":6.0,"key":"Shuriken"},{"floor":9.0,"key":"Thread and Needle"},{"floor":11.0,"key":"Pear"},{"floor":14.0,"key":"Prayer Wheel"},{"floor":24.0,"key":"Molten Egg 2"},{"floor":26.0,"key":"Blood Vial"},{"floor":29.0,"key":"Bottled Lightning"}],"event_choices":[{"damage_healed":0.0,"max_hp_gain":0.0,"max_hp_loss":0.0,"gold_gain":75.0,"event_name":"World of Goop","player_choice":"Gather Gold","floor":3.0,"gold_loss":0.0,"damage_taken":11.0},{"damage_healed":0.0,"max_hp_gain":0.0,"max_hp_loss":0.0,"gold_gain":0.0,"event_name":"Golden Idol","player_choice":"Take Wound","floor":10.0,"gold_loss":0.0,"damage_taken":0.0,"relics_obtained":["Golden Idol"],"cards_obtained":["Injury"]},{"damage_healed":0.0,"max_hp_gain":0.0,"max_hp_loss":0.0,"gold_gain":0.0,"event_name":"Living Wall","player_choice":"Grow","floor":12.0,"gold_loss":0.0,"damage_taken":0.0,"cards_upgraded":["Zap"]},{"cards_removed":["Injury"],"damage_healed":0.0,"max_hp_gain":0.0,"max_hp_loss":0.0,"gold_gain":0.0,"event_name":"Beggar","player_choice":"Gave Gold","floor":19.0,"gold_loss":75.0,"damage_taken":0.0},{"damage_healed":0.0,"max_hp_gain":0.0,"max_hp_loss":0.0,"gold_gain":0.0,"event_name":"Colosseum","player_choice":"Fight","floor":20.0,"gold_loss":0.0,"damage_taken":0.0},{"damage_healed":0.0,"max_hp_gain":0.0,"max_hp_loss":0.0,"gold_gain":0.0,"event_name":"Colosseum","player_choice":"Fled From Nobs","floor":20.0,"gold_loss":0.0,"damage_taken":0.0},{"damage_healed":0.0,"max_hp_gain":0.0,"max_hp_loss":30.0,"gold_gain":0.0,"event_name":"Vampires","player_choice":"Became a vampire","floor":21.0,"gold_loss":0.0,"damage_taken":0.0,"cards_obtained":["Bite","Bite","Bite","Bite","Bite"]},{"damage_healed":0.0,"max_hp_gain":0.0,"max_hp_loss":0.0,"gold_gain":0.0,"event_name":"The Library","player_choice":"Read","floor":28.0,"gold_loss":0.0,"damage_taken":0.0,"cards_obtained":["Core Surge"]},{"damage_healed":0,"gold_gain":0,"player_choice":"Gave Potion","damage_taken":0,"relics_obtained":["Bag of Marbles"],"max_hp_gain":0,"max_hp_loss":0,"event_name":"WeMeetAgain","floor":36,"gold_loss":0}],"is_beta":false,"boss_relics":[{"not_picked":["White Beast Statue","Orrery"],"picked":"Tiny House"},{"not_picked":["Coffee Dripper","Velvet Choker"],"picked":"Fusion Hammer"}],"items_purged_floors":[],"is_endless":false,"potions_floor_spawned":[2,5,14,18,20,29,33,35,37],"killed_by":"Maw","ascension_level":6}