{"gold_per_floor":[113,113,125,125,139,164,164,192,219,219,232,242,258,272,272,272],"floor_reached":16,"playtime":701,"items_purged":[],"score":217,"play_id":"51657cb0-afda-4aa0-b94f-77053329eb42","local_time":"20190417163435","is_ascension_mode":true,"campfire_choices":[{"floor":10,"key":"REST"},{"data":"Glacier","floor":15,"key":"SMITH"}],"neow_cost":"NONE","seed_source_timestamp":1405112884413929,"circlet_count":0,"master_deck":["AscendersBane","Strike_B","Strike_B","Strike_B","Strike_B","Defend_B","Defend_B","Defend_B","Zap","Dualcast","Chill","Chill","Sweeping Beam+1","Coolheaded","Reinforced Body","FTL","Glacier+1"],"relics":["Cracked Core","NeowsBlessing","Potion Belt","Boot","Bag of Marbles"],"potions_floor_usage":[6,16],"damage_taken":[{"damage":0,"enemies":"2 Louse","floor":1,"turns":1},{"damage":0,"enemies":"Jaw Worm","floor":3,"turns":1},{"damage":0,"enemies":"Cultist","floor":5,"turns":1},{"damage":28,"enemies":"Gremlin Nob","floor":6,"turns":4},{"damage":27,"enemies":"Lagavulin","floor":8,"turns":8},{"damage":0,"enemies":"2 Fungi Beasts","floor":11,"turns":3},{"damage":0,"enemies":"Looter","floor":12,"turns":4},{"damage":0,"enemies":"Blue Slaver","floor":13,"turns":4},{"damage":0,"enemies":"3 Louse","floor":14,"turns":3},{"damage":32,"enemies":"Slime Boss","floor":16,"turns":13}],"seed_played":"2749263759352149083","potions_obtained":[{"floor":3,"key":"Dexterity Potion"},{"floor":5,"key":"SteroidPotion"},{"floor":14,"key":"Regen Potion"}],"is_trial":false,"path_per_floor":["M","?","M","?","M","E","?","E","T","R","M","M","M","M","R","B"],"character_chosen":"DEFECT","items_purchased":[],"campfire_rested":1,"item_purchase_floors":[],"current_hp_per_floor":[64,69,69,62,62,34,34,7,7,29,29,29,29,29,29,0],"gold":272,"neow_bonus":"THREE_ENEMY_KILL","is_prod":false,"is_daily":false,"chose_seed":false,"campfire_upgraded":1,"win_rate":0,"timestamp":1555497275,"path_taken":["M","?","M","?","M","E","?","E","T","R","M","M","?","M","R","BOSS"],"build_version":"2019-01-23","purchased_purges":0,"victory":false,"max_hp_per_floor":[71,76,76,76,76,76,76,76,76,76,76,76,76,76,76,76],"card_choices":[{"not_picked":["Sweeping Beam","Rebound"],"picked":"Chill","floor":1},{"not_picked":["Beam Cell","Leap","Go for the Eyes"],"picked":"SKIP","floor":3},{"not_picked":["Rip and Tear","Beam Cell"],"picked":"Chill","floor":5},{"not_picked":["Double Energy","Blizzard"],"picked":"Sweeping Beam","floor":6},{"not_picked":["Rebound","Thunder Strike"],"picked":"Coolheaded","floor":8},{"not_picked":["Go for the Eyes","Static Discharge","Streamline"],"picked":"SKIP","floor":11},{"not_picked":["Hologram","Compile Driver"],"picked":"Reinforced Body","floor":12},{"not_picked":["Streamline","Turbo"],"picked":"FTL","floor":13},{"not_picked":["Beam Cell","FTL"],"picked":"Glacier","floor":14}],"player_experience":1175068,"relics_obtained":[{"floor":6,"key":"Potion Belt"},{"floor":8,"key":"Boot"},{"floor":9,"key":"Bag of Marbles"}],"event_choices":[{"damage_healed":0,"gold_gain":0,"player_choice":"Donut","damage_taken":0,"max_hp_gain":5,"max_hp_loss":0,"event_name":"Big Fish","floor":2,"gold_loss":0},{"cards_removed":["Defend_B"],"damage_healed":0,"gold_gain":0,"player_choice":"Card Removal","damage_taken":7,"max_hp_gain":0,"max_hp_loss":0,"event_name":"Golden Wing","floor":4,"gold_loss":0},{"damage_healed":0,"gold_gain":0,"player_choice":"Upgraded","damage_taken":0,"max_hp_gain":0,"max_hp_loss":0,"event_name":"Upgrade Shrine","floor":7,"gold_loss":0,"cards_upgraded":["Sweeping Beam"]}],"is_beta":false,"boss_relics":[],"items_purged_floors":[],"is_endless":false,"potions_floor_spawned":[3,5,14],"killed_by":"Slime Boss","ascension_level":18}