{"gold_per_floor":[116,116,191,141,158,158,186,198,224,250,263,298,298,308,308,410,410,426,13,112,127,127,127,139,139,139,157,157,10,10,42,42,42],"floor_reached":33,"playtime":1208,"items_purged":["Strike_B"],"score":475,"play_id":"ba54ec89-244c-45a5-a4e1-a175116f05d6","local_time":"20190530131830","is_ascension_mode":true,"campfire_choices":[{"data":"Compile Driver","floor":6,"key":"SMITH"},{"data":"Doom and Gloom","floor":13,"key":"SMITH"},{"data":"Capacitor","floor":15,"key":"SMITH"},{"data":"Ghostly","floor":23,"key":"SMITH"},{"data":"Ghostly","floor":25,"key":"SMITH"},{"floor":28,"key":"REST"},{"floor":30,"key":"REST"},{"data":"Ghostly","floor":32,"key":"SMITH"}],"neow_cost":"NONE","seed_source_timestamp":68163934350900,"circlet_count":0,"master_deck":["Strike_B","Strike_B","Defend_B","Defend_B","Defend_B","Defend_B","Zap+1","Dualcast","Compile Driver+1","Gash","Capacitor+1","Cold Snap","Leap","Doom and Gloom+1","Ball Lightning","Amplify","Coolheaded","Loop","Steam+1","Ghostly+1","Ghostly+1","Ghostly+1","Ghostly","Ghostly","Coolheaded","Conserve Battery","Conserve Battery+1"],"relics":["FrozenCore","NeowsBlessing","DataDisk","Blood Vial","Bag of Marbles","Dodecahedron","Runic Capacitor","Ancient Tea Set","Bag of Preparation","Ginger"],"potions_floor_usage":[10,10,12,33],"damage_taken":[{"damage":0,"enemies":"Jaw Worm","floor":1,"turns":1},{"damage":0,"enemies":"Small Slimes","floor":5,"turns":1},{"damage":0,"enemies":"Lagavulin","floor":7,"turns":1},{"damage":0,"enemies":"2 Louse","floor":8,"turns":3},{"damage":15,"enemies":"Gremlin Nob","floor":10,"turns":3},{"damage":10,"enemies":"Exordium Thugs","floor":11,"turns":4},{"damage":20,"enemies":"3 Sentries","floor":12,"turns":6},{"damage":0,"enemies":"2 Fungi Beasts","floor":14,"turns":2},{"damage":2,"enemies":"Hexaghost","floor":16,"turns":8},{"damage":7,"enemies":"Chosen","floor":18,"turns":4},{"damage":20,"enemies":"3 Byrds","floor":21,"turns":5},{"damage":7,"enemies":"Centurion and Healer","floor":24,"turns":11},{"damage":10,"enemies":"Cultist and Chosen","floor":27,"turns":7},{"damage":0,"enemies":"Gremlin Leader","floor":31,"turns":8},{"damage":53,"enemies":"Automaton","floor":33,"turns":14}],"seed_played":"5319667873576809442","potions_obtained":[{"floor":5,"key":"SteroidPotion"},{"floor":8,"key":"SkillPotion"},{"floor":11,"key":"Energy Potion"},{"floor":14,"key":"Energy Potion"},{"floor":18,"key":"SteroidPotion"},{"floor":21,"key":"Regen Potion"}],"is_trial":false,"path_per_floor":["M","?","?","?","M","R","E","M","T","E","M","E","R","M","R","B",null,"M","$","?","M","?","R","M","R","T","M","R","$","R","E","R","B"],"character_chosen":"DEFECT","items_purchased":["Runic Capacitor","Coolheaded","Loop","Bag of Preparation"],"campfire_rested":2,"item_purchase_floors":[19,19,19,29],"current_hp_per_floor":[68,68,57,57,57,57,57,57,57,44,36,18,18,20,20,20,61,56,56,56,38,37,37,30,30,30,22,33,33,37,37,37,0],"gold":42,"neow_bonus":"THREE_ENEMY_KILL","is_prod":false,"is_daily":false,"chose_seed":false,"campfire_upgraded":6,"win_rate":0,"timestamp":1559215110,"path_taken":["M","?","?","?","?","R","E","M","T","E","M","E","R","M","R","BOSS","M","$","?","M","?","R","M","R","T","M","R","$","R","E","R","BOSS"],"build_version":"2019-01-23","purchased_purges":1,"victory":false,"max_hp_per_floor":[75,75,75,75,75,75,75,75,75,75,75,75,75,75,75,75,75,75,75,75,75,37,37,37,37,37,37,37,37,37,37,37,37],"card_choices":[{"not_picked":["Gash","Storm"],"picked":"Compile Driver","floor":1},{"not_picked":["Rebound","Go for the Eyes"],"picked":"Gash","floor":5},{"not_picked":["Compile Driver","Barrage"],"picked":"Capacitor","floor":7},{"not_picked":["Hologram","Steam Power","Reprogram"],"picked":"SKIP","floor":8},{"not_picked":["Sweeping Beam","Undo"],"picked":"Cold Snap","floor":10},{"not_picked":["Streamline","Turbo"],"picked":"Leap","floor":11},{"not_picked":["Cold Snap","Meteor Strike"],"picked":"Doom and Gloom","floor":12},{"not_picked":["Cold Snap","Doom and Gloom"],"picked":"Ball Lightning","floor":14},{"not_picked":["Hyperbeam","Thunder Strike"],"picked":"Amplify","floor":16},{"not_picked":["Reprogram+1","Beam Cell+1","Sweeping Beam"],"picked":"SKIP","floor":18},{"not_picked":["Compile Driver","Hologram"],"picked":"Steam+1","floor":21},{"not_picked":["Go for the Eyes","Rip and Tear"],"picked":"Coolheaded","floor":24},{"not_picked":["Steam","Sweeping Beam+1"],"picked":"Conserve Battery","floor":27},{"not_picked":["Scrape+1","Meteor Strike"],"picked":"Conserve Battery+1","floor":31}],"player_experience":72618,"relics_obtained":[{"floor":7,"key":"DataDisk"},{"floor":9,"key":"Blood Vial"},{"floor":10,"key":"Bag of Marbles"},{"floor":12,"key":"Dodecahedron"},{"floor":26,"key":"Ancient Tea Set"},{"floor":31,"key":"Ginger"}],"event_choices":[{"damage_healed":0,"gold_gain":0,"player_choice":"Grow","damage_taken":0,"max_hp_gain":0,"max_hp_loss":0,"event_name":"Living Wall","floor":2,"gold_loss":0,"cards_upgraded":["Zap"]},{"damage_healed":0,"gold_gain":75,"player_choice":"Gather Gold","damage_taken":11,"max_hp_gain":0,"max_hp_loss":0,"event_name":"World of Goop","floor":3,"gold_loss":0},{"cards_removed":["Strike_B"],"damage_healed":0,"gold_gain":0,"player_choice":"Card Removal","damage_taken":0,"max_hp_gain":0,"max_hp_loss":0,"event_name":"The Cleric","floor":4,"gold_loss":50},{"damage_healed":0,"gold_gain":99,"player_choice":"Stole From Cult","damage_taken":0,"max_hp_gain":0,"max_hp_loss":0,"event_name":"Nest","floor":20,"gold_loss":0},{"damage_healed":0,"gold_gain":0,"player_choice":"Became a Ghost","damage_taken":0,"max_hp_gain":0,"max_hp_loss":38,"event_name":"Ghosts","floor":22,"gold_loss":0,"cards_obtained":["Ghostly","Ghostly","Ghostly","Ghostly","Ghostly"]}],"is_beta":false,"boss_relics":[{"not_picked":["Black Star","Runic Dome"],"picked":"FrozenCore"}],"items_purged_floors":[19],"is_endless":false,"potions_floor_spawned":[5,8,11,14,18,21,31],"killed_by":"Automaton","ascension_level":7}