{"gold_per_floor":[109,127,127,140,153,186,186,186,186,201,228,9,23,23,23,127,127,147,147,147,147,36,36,9,34,34,34,99,99,118,98,98,193,193,210,223,173,191,210,210,245,245,245,245],"floor_reached":44,"playtime":1957,"items_purged":["Normality"],"score":629,"play_id":"75d61cfa-f169-4f7c-af35-42a6dfbd41d6","local_time":"20190514024909","is_ascension_mode":true,"campfire_choices":[{"floor":7.0,"key":"REST"},{"floor":15.0,"key":"REST"},{"floor":23.0,"key":"REST"},{"floor":27.0,"key":"REST"},{"floor":29.0,"key":"REST"},{"floor":32.0,"key":"REST"},{"floor":40.0,"key":"REST"},{"floor":42.0,"key":"REST"}],"neow_cost":"NONE","seed_source_timestamp":187522441996020,"circlet_count":0,"master_deck":["Strike_B","Strike_B","Defend_B","Defend_B","Defend_B","Defend_B","Zap+1","Dualcast","Streamline+1","Ball Lightning","Compile Driver","Sweeping Beam","All For One","Core Surge","Ball Lightning","Steam","Creative AI","Cold Snap+1","Necronomicurse","Reinforced Body","White Noise","Storm","Capacitor","Loop","Coolheaded","BootSequence+1","Rainbow","Electrodynamics","Clumsy","Shame","Sunder+1","White Noise+1","Consume+1","Stack+1"],"special_seed":0,"relics":["Cracked Core","Ginger","The Courier","Pantograph","Mummified Hand","Velvet Choker","Necronomicon","Potion Belt","Bottled Lightning","Tiny Chest","Calling Bell","Smiling Mask","Darkstone Periapt","Peace Pipe","Kunai","Pen Nib"],"potions_floor_usage":[44,44,44],"damage_taken":[{"damage":5.0,"enemies":"Small Slimes","floor":1.0,"turns":3.0},{"damage":0.0,"enemies":"Cultist","floor":2.0,"turns":3.0},{"damage":7.0,"enemies":"Jaw Worm","floor":4.0,"turns":2.0},{"damage":14.0,"enemies":"Lots of Slimes","floor":5.0,"turns":4.0},{"damage":20.0,"enemies":"Lagavulin","floor":6.0,"turns":5.0},{"damage":9.0,"enemies":"Red Slaver","floor":10.0,"turns":2.0},{"damage":16.0,"enemies":"Gremlin Nob","floor":11.0,"turns":3.0},{"damage":6.0,"enemies":"Exordium Thugs","floor":13.0,"turns":4.0},{"damage":12.0,"enemies":"Slime Boss","floor":16.0,"turns":7.0},{"damage":11.0,"enemies":"3 Byrds","floor":18.0,"turns":3.0},{"damage":42.0,"enemies":"Book of Stabbing","floor":25.0,"turns":4.0},{"damage":30.0,"enemies":"Gremlin Leader","floor":28.0,"turns":3.0},{"damage":12.0,"enemies":"Shell Parasite","floor":30.0,"turns":3.0},{"damage":29.0,"enemies":"Automaton","floor":33.0,"turns":8.0},{"damage":11.0,"enemies":"3 Shapes","floor":35.0,"turns":2.0},{"damage":21.0,"enemies":"3 Darklings","floor":36.0,"turns":4.0},{"damage":14.0,"enemies":"Jaw Worm Horde","floor":38.0,"turns":2.0},{"damage":15.0,"enemies":"Sphere and 2 Shapes","floor":39.0,"turns":4.0},{"damage":37.0,"enemies":"Nemesis","floor":41.0,"turns":7.0},{"damage":37,"enemies":"Transient","floor":44,"turns":4}],"seed_played":"250893553077931920","potions_obtained":[{"floor":1.0,"key":"Strength Potion"},{"floor":8.0,"key":"Fruit Juice"},{"floor":8.0,"key":"Strength Potion"},{"floor":8.0,"key":"Dexterity Potion"},{"floor":10.0,"key":"SkillPotion"},{"floor":11.0,"key":"Ancient Potion"},{"floor":25.0,"key":"SpeedPotion"},{"floor":30.0,"key":"GamblersBrew"},{"floor":31.0,"key":"Poison Potion"},{"floor":38.0,"key":"Weak Potion"},{"floor":39.0,"key":"FearPotion"},{"floor":41.0,"key":"AttackPotion"}],"is_trial":false,"path_per_floor":["M","M","?","M","M","E","R","?","T","M","E","$","M","$","R","B",null,"M","?","?","?","$","R","$","E","T","R","E","R","M","?","R","B",null,"M","M","$","M","M","R","E","R","T","M"],"character_chosen":"DEFECT","items_purchased":["Mummified Hand","Ball Lightning","Storm","Capacitor","Loop"],"campfire_rested":8,"item_purchase_floors":[12,12,22,22,24],"current_hp_per_floor":[63,63,63,56,42,22,44,49,49,40,24,24,18,18,42,55,74,63,48,32,32,32,57,57,15,15,40,10,35,23,23,48,44,75,64,43,43,29,14,39,2,27,27,0],"gold":245,"neow_bonus":"UPGRADE_CARD","is_prod":false,"is_daily":false,"chose_seed":false,"campfire_upgraded":0,"win_rate":0,"timestamp":1557816549,"path_taken":["M","M","?","?","M","E","R","?","T","?","E","?","M","$","R","BOSS","M","?","?","?","$","R","?","E","T","R","E","R","?","?","R","BOSS","M","M","?","M","M","R","E","R","T","M"],"build_version":"2019-01-23","purchased_purges":1,"victory":false,"max_hp_per_floor":[75,75,75,75,75,75,75,80,80,80,80,80,80,80,80,80,80,80,85,85,85,85,85,85,85,85,85,85,85,85,85,85,85,85,85,85,85,85,85,85,85,85,85,85],"card_choices":[{"not_picked":["Heatsinks","Leap"],"picked":"Streamline","floor":1.0},{"not_picked":["Rebound","Streamline"],"picked":"Ball Lightning","floor":2.0},{"not_picked":["Double Energy","Steam"],"picked":"Compile Driver","floor":4.0},{"not_picked":["Capacitor","Stack"],"picked":"Sweeping Beam","floor":5.0},{"not_picked":["Storm","Aggregate"],"picked":"All For One","floor":6.0},{"not_picked":["Reprogram","Double Energy","Skim"],"picked":"SKIP","floor":10.0},{"not_picked":["Compile Driver","Conserve Battery"],"picked":"Core Surge","floor":11.0},{"not_picked":["Barrage","White Noise"],"picked":"Steam","floor":13.0},{"not_picked":["Reboot","Core Surge"],"picked":"Creative AI","floor":16.0},{"not_picked":["Doom and Gloom+1","Barrage"],"picked":"Cold Snap+1","floor":18.0},{"not_picked":["Multi-Cast","Beam Cell"],"picked":"Coolheaded","floor":25.0},{"not_picked":["Skim+1","Sweeping Beam"],"picked":"BootSequence+1","floor":28.0},{"not_picked":["Blizzard+1","Rebound"],"picked":"Rainbow","floor":30.0},{"not_picked":["Machine Learning","Core Surge"],"picked":"Electrodynamics","floor":33.0},{"not_picked":["Compile Driver+1","Fusion"],"picked":"Sunder+1","floor":35.0},{"not_picked":["Go for the Eyes+1","Leap"],"picked":"White Noise+1","floor":36.0},{"not_picked":["Sweeping Beam+1","Beam Cell+1"],"picked":"Consume+1","floor":38.0},{"not_picked":["Leap","Doom and Gloom+1","Barrage"],"picked":"SKIP","floor":39.0},{"not_picked":["Coolheaded+1","Redo"],"picked":"Stack+1","floor":41.0}],"player_experience":422862,"relics_obtained":[{"floor":6.0,"key":"Ginger"},{"floor":9.0,"key":"The Courier"},{"floor":11.0,"key":"Pantograph"},{"floor":20.0,"key":"Necronomicon"},{"floor":25.0,"key":"Potion Belt"},{"floor":26.0,"key":"Bottled Lightning"},{"floor":28.0,"key":"Tiny Chest"},{"floor":34.0,"key":"Smiling Mask"},{"floor":34.0,"key":"Darkstone Periapt"},{"floor":34.0,"key":"Peace Pipe"},{"floor":41.0,"key":"Kunai"},{"floor":43.0,"key":"Pen Nib"}],"event_choices":[{"damage_healed":0.0,"max_hp_gain":0.0,"max_hp_loss":0.0,"gold_gain":0.0,"event_name":"Upgrade Shrine","player_choice":"Upgraded","floor":3.0,"gold_loss":0.0,"damage_taken":0.0,"cards_upgraded":["Streamline"]},{"damage_healed":0.0,"max_hp_gain":0.0,"max_hp_loss":0.0,"gold_gain":0.0,"event_name":"Lab","player_choice":"Got Potions","floor":8.0,"gold_loss":0.0,"damage_taken":0.0},{"damage_healed":0.0,"max_hp_gain":5.0,"max_hp_loss":0.0,"gold_gain":0.0,"event_name":"Forgotten Altar","player_choice":"Shed Blood","floor":19.0,"gold_loss":0.0,"damage_taken":20.0},{"damage_healed":0.0,"max_hp_gain":0.0,"max_hp_loss":0.0,"gold_gain":0.0,"event_name":"Cursed Tome","player_choice":"Obtained Book","floor":20.0,"gold_loss":0.0,"damage_taken":16.0},{"damage_healed":0.0,"max_hp_gain":0.0,"max_hp_loss":0.0,"gold_gain":0.0,"cards_transformed":["Strike_B","Strike_B"],"event_name":"Drug Dealer","player_choice":"Became Test Subject","floor":21.0,"gold_loss":0.0,"damage_taken":0.0,"cards_obtained":["Reinforced Body","White Noise"]},{"damage_healed":0.0,"max_hp_gain":0.0,"max_hp_loss":0.0,"gold_gain":0.0,"event_name":"The Woman in Blue","player_choice":"Bought 1 Potion","floor":31.0,"gold_loss":0.0,"damage_taken":0.0}],"is_beta":false,"boss_relics":[{"not_picked":["Cursed Key","Inserter"],"picked":"Velvet Choker"},{"not_picked":["Eternal Feather","Lizard Tail"],"picked":"Calling Bell"}],"items_purged_floors":[37],"is_endless":false,"potions_floor_spawned":[1,10,11,16,25,30,38,39,41],"killed_by":"Transient","ascension_level":6}