{"gold_per_floor":[112,131,149,167,137,149,184,206,230,307,284,315,327,357,369,481,493,518,530,542,187,201,201,201,201,201,217,234,234,260,274,274,274],"floor_reached":33,"playtime":2081,"items_purged":["Strike_G"],"score":390,"play_id":"fa25eba0-19e1-4fd5-903e-b17fab427d9f","local_time":"20190417143652","is_ascension_mode":true,"campfire_choices":[{"data":"Neutralize","floor":13,"key":"SMITH"},{"data":"Dodge and Roll","floor":15,"key":"SMITH"},{"floor":23,"key":"REST"},{"data":"Noxious Fumes","floor":25,"key":"SMITH"},{"floor":32,"key":"REST"}],"neow_cost":"NONE","seed_source_timestamp":1396666646522228,"circlet_count":0,"master_deck":["Defend_G","Defend_G+1","Defend_G","Defend_G","Defend_G+1","Strike_G","Strike_G","Strike_G","Strike_G","Survivor","Neutralize+1","Dagger Spray","Infinite Blades","Flying Knee","Dodge and Roll+1","Blur","Poisoned Stab","Crippling Poison","Backflip","PiercingWail","Escape Plan","Deflect","Die Die Die","Blur","Noxious Fumes+1","Dodge and Roll","Noxious Fumes","Acrobatics","Dash","Writhe","Dagger Throw","Quick Slash+1"],"relics":["Ring of the Snake","NeowsBlessing","Mummified Hand","Odd Mushroom","MawBank","Juzu Bracelet","Sozu","WarpedTongs","Strange Spoon","Boot","Shuriken","War Paint","Mercury Hourglass"],"potions_floor_usage":[7,7,10,16,31],"damage_taken":[{"damage":0,"enemies":"Jaw Worm","floor":1,"turns":1},{"damage":0,"enemies":"Small Slimes","floor":2,"turns":1},{"damage":0,"enemies":"Cultist","floor":3,"turns":1},{"damage":1,"enemies":"Exordium Thugs","floor":4,"turns":4},{"damage":2,"enemies":"Looter","floor":5,"turns":4},{"damage":15,"enemies":"Large Slime","floor":6,"turns":7},{"damage":6,"enemies":"3 Sentries","floor":7,"turns":7},{"damage":9,"enemies":"The Mushroom Lair","floor":8,"turns":4},{"damage":32,"enemies":"Lagavulin Event","floor":10,"turns":8},{"damage":6,"enemies":"Blue Slaver","floor":12,"turns":4},{"damage":4,"enemies":"3 Louse","floor":14,"turns":3},{"damage":12,"enemies":"Hexaghost","floor":16,"turns":13},{"damage":20,"enemies":"Spheric Guardian","floor":18,"turns":6},{"damage":0,"enemies":"Shell Parasite","floor":22,"turns":8},{"damage":6,"enemies":"Shelled Parasite and Fungi","floor":27,"turns":6},{"damage":7,"enemies":"Snake Plant","floor":28,"turns":4},{"damage":25,"enemies":"Gremlin Leader","floor":30,"turns":7},{"damage":0,"enemies":"Snecko","floor":31,"turns":5},{"damage":45,"enemies":"Automaton","floor":33,"turns":6}],"seed_played":"-2000380966977763021","potions_obtained":[{"floor":1,"key":"Dexterity Potion"},{"floor":6,"key":"Regen Potion"},{"floor":8,"key":"AttackPotion"},{"floor":10,"key":"Poison Potion"},{"floor":12,"key":"Ancient Potion"}],"is_trial":false,"path_per_floor":["M","M","M","M","M","M","E","?","T","?","?","M","R","M","R","B",null,"M","?","?","$","M","R","T","R","T","M","M","?","E","M","R","B"],"character_chosen":"THE_SILENT","items_purchased":["Noxious Fumes","Strange Spoon","Dodge and Roll"],"campfire_rested":2,"item_purchase_floors":[21,21,21],"current_hp_per_floor":[63,63,63,62,60,45,54,45,45,13,30,24,24,20,20,8,55,35,35,35,35,35,56,56,56,56,50,43,43,18,18,39,0],"gold":274,"neow_bonus":"THREE_ENEMY_KILL","is_prod":false,"is_daily":false,"chose_seed":false,"campfire_upgraded":3,"win_rate":0,"timestamp":1555490212,"path_taken":["M","M","M","M","M","M","E","?","T","?","?","M","R","M","R","BOSS","M","?","?","$","M","R","?","R","T","M","M","?","E","M","R","BOSS"],"build_version":"2019-01-23","purchased_purges":1,"victory":false,"max_hp_per_floor":[70,70,70,70,70,70,70,70,70,70,70,70,70,70,70,70,70,70,70,70,70,70,70,70,70,70,70,70,70,70,70,70,70],"card_choices":[{"not_picked":["Reflex","Slice"],"picked":"Dagger Spray","floor":1},{"not_picked":["Expertise","Tactician"],"picked":"Infinite Blades","floor":2},{"not_picked":["Deadly Poison","Tactician"],"picked":"Flying Knee","floor":3},{"not_picked":["Slice","Prepared"],"picked":"Dodge and Roll","floor":4},{"not_picked":["Flying Knee","Reflex"],"picked":"Blur","floor":5},{"not_picked":["Blade Dance","Concentrate"],"picked":"Poisoned Stab","floor":6},{"not_picked":["Flechettes","Bouncing Flask"],"picked":"Crippling Poison","floor":7},{"not_picked":["Dagger Spray","Blade Dance"],"picked":"Backflip","floor":8},{"not_picked":["Slice","Dagger Spray"],"picked":"PiercingWail","floor":10},{"not_picked":["Terror","Flying Knee"],"picked":"Escape Plan","floor":12},{"not_picked":["Slice","All Out Attack"],"picked":"Deflect","floor":14},{"not_picked":["A Thousand Cuts","Envenom"],"picked":"Die Die Die","floor":16},{"not_picked":["Outmaneuver","Cloak And Dagger"],"picked":"Blur","floor":18},{"not_picked":["Choke","Blade Dance"],"picked":"Noxious Fumes","floor":22},{"not_picked":["Slice","Dagger Spray+1"],"picked":"Acrobatics","floor":27},{"not_picked":["Outmaneuver","Blade Dance"],"picked":"Dash","floor":28},{"not_picked":["Venomology","PiercingWail"],"picked":"Dagger Throw","floor":30},{"not_picked":["Sucker Punch","Deadly Poison"],"picked":"Quick Slash+1","floor":31}],"player_experience":1169620,"relics_obtained":[{"floor":7,"key":"Mummified Hand"},{"floor":8,"key":"Odd Mushroom"},{"floor":9,"key":"MawBank"},{"floor":10,"key":"Juzu Bracelet"},{"floor":24,"key":"Boot"},{"floor":26,"key":"Shuriken"},{"floor":30,"key":"Mercury Hourglass"}],"event_choices":[{"damage_healed":0,"gold_gain":0,"player_choice":"Fought Mushrooms","damage_taken":0,"max_hp_gain":0,"max_hp_loss":0,"event_name":"Mushrooms","floor":8,"gold_loss":0},{"damage_healed":0,"gold_gain":0,"player_choice":"Searched \u00271\u0027 times","damage_taken":0,"max_hp_gain":0,"max_hp_loss":0,"event_name":"Dead Adventurer","floor":10,"gold_loss":0},{"damage_healed":17,"gold_gain":0,"player_choice":"Healed","damage_taken":0,"max_hp_gain":0,"max_hp_loss":0,"event_name":"The Cleric","floor":11,"gold_loss":35},{"damage_healed":0,"gold_gain":0,"player_choice":"Rummage","damage_taken":0,"relics_obtained":["WarpedTongs"],"max_hp_gain":0,"max_hp_loss":0,"event_name":"Accursed Blacksmith","floor":19,"gold_loss":0,"cards_obtained":["Pain"]},{"cards_removed":["Pain"],"damage_healed":0,"gold_gain":0,"player_choice":"Purged","damage_taken":0,"max_hp_gain":0,"max_hp_loss":0,"event_name":"Purifier","floor":20,"gold_loss":0},{"damage_healed":0,"gold_gain":0,"player_choice":"Opened","damage_taken":0,"relics_obtained":["War Paint"],"max_hp_gain":0,"max_hp_loss":0,"event_name":"The Mausoleum","floor":29,"gold_loss":0,"cards_obtained":["Writhe"]}],"is_beta":false,"boss_relics":[{"not_picked":["Velvet Choker","WristBlade"],"picked":"Sozu"}],"items_purged_floors":[21],"is_endless":false,"potions_floor_spawned":[1,6,8,10,12,28,31],"killed_by":"Automaton","ascension_level":9}