{"gold_per_floor":[113,113,128,142,157,157,182,182,209,242,257,257,290,308,308,409,409,429,43,43,43,60,60,88,88,88,88,117,17,44,144,144,246,246,264,318,59,59],"floor_reached":38,"playtime":1488,"items_purged":["Strike_R","Strike_R","Strike_R"],"score":616,"play_id":"38aa4987-245f-4fc8-bbd3-02d17f67067e","local_time":"20190527130616","is_ascension_mode":true,"campfire_choices":[{"data":"Anger","floor":6.0,"key":"SMITH"},{"data":"Twin Strike","floor":8.0,"key":"SMITH"},{"data":"Limit Break","floor":15.0,"key":"SMITH"},{"data":"Demon Form","floor":23.0,"key":"SMITH"},{"data":"Metallicize","floor":25.0,"key":"SMITH"},{"data":"Armaments","floor":27.0,"key":"SMITH"},{"data":"Heavy Blade","floor":32.0,"key":"SMITH"}],"neow_cost":"NONE","seed_source_timestamp":141656595677800,"circlet_count":0,"master_deck":["Defend_R","Defend_R","Defend_R","Defend_R","Bash+1","Twin Strike+1","Anger+1","Limit Break+1","Twin Strike","Armaments+1","Inflame","Reaper","Headbutt","Feed","Metallicize+1","Demon Form+1","Disarm","Disarm","Brutality+1","Heavy Blade+1","Offering","Warcry+1","Havoc+1","Rupture+1","Panacea"],"special_seed":0,"relics":["Burning Blood","Orichalcum","Strawberry","Ancient Tea Set","Ornamental Fan","Vajra","Coffee Dripper","Red Mask","Frozen Egg 2","Shuriken","Mango","Prayer Wheel","Mercury Hourglass","Runic Cube","Magic Flower"],"potions_floor_usage":[],"damage_taken":[{"damage":8.0,"enemies":"2 Louse","floor":1.0,"turns":3.0},{"damage":9.0,"enemies":"Jaw Worm","floor":3.0,"turns":5.0},{"damage":0.0,"enemies":"Cultist","floor":4.0,"turns":2.0},{"damage":37.0,"enemies":"Exordium Thugs","floor":5.0,"turns":7.0},{"damage":30.0,"enemies":"Lagavulin","floor":7.0,"turns":7.0},{"damage":23.0,"enemies":"3 Sentries","floor":10.0,"turns":7.0},{"damage":6.0,"enemies":"Looter","floor":11.0,"turns":2.0},{"damage":23.0,"enemies":"Lagavulin","floor":13.0,"turns":7.0},{"damage":3.0,"enemies":"Blue Slaver","floor":14.0,"turns":3.0},{"damage":11.0,"enemies":"Hexaghost","floor":16.0,"turns":7.0},{"damage":20.0,"enemies":"Spheric Guardian","floor":18.0,"turns":4.0},{"damage":4.0,"enemies":"Chosen","floor":22.0,"turns":3.0},{"damage":58.0,"enemies":"Masked Bandits","floor":24.0,"turns":6.0},{"damage":38.0,"enemies":"Slavers","floor":28.0,"turns":5.0},{"damage":28.0,"enemies":"Gremlin Leader","floor":30.0,"turns":5.0},{"damage":32.0,"enemies":"Colosseum Slavers","floor":31.0,"turns":6.0},{"damage":10.0,"enemies":"Colosseum Nobs","floor":31.0,"turns":5.0},{"damage":115.0,"enemies":"Collector","floor":33.0,"turns":7.0},{"damage":10.0,"enemies":"3 Shapes","floor":35.0,"turns":5.0},{"damage":76,"enemies":"2 Orb Walkers","floor":36,"turns":5},{"damage":45,"enemies":"3 Darklings","floor":38,"turns":2}],"seed_played":"7428779762886207839","potions_obtained":[{"floor":1.0,"key":"Regen Potion"},{"floor":5.0,"key":"LiquidBronze"},{"floor":11.0,"key":"GamblersBrew"},{"floor":16.0,"key":"SpeedPotion"},{"floor":28.0,"key":"Fruit Juice"}],"is_trial":false,"path_per_floor":["M","?","M","M","M","R","E","R","T","E","M","T","E","M","R","B",null,"M","$","?","$","M","R","?","R","T","R","E","$","E","?","R","B",null,"M","?","$","M"],"character_chosen":"IRONCLAD","items_purchased":["Feed","Fruit Juice","Metallicize","Panacea","SpeedPotion"],"campfire_rested":0,"item_purchase_floors":[19,19,19,37,37],"current_hp_per_floor":[78,78,75,80,49,49,39,39,46,29,29,29,12,15,15,10,68,67,72,72,72,92,92,55,55,55,55,58,58,117,116,116,37,99,98,42,42,0],"gold":59,"neow_bonus":"UPGRADE_CARD","is_prod":false,"is_daily":false,"chose_seed":false,"campfire_upgraded":7,"win_rate":0,"timestamp":1558955176,"path_taken":["M","?","M","M","M","R","E","R","T","E","M","?","E","M","R","BOSS","M","?","?","$","?","R","?","R","T","R","E","$","E","?","R","BOSS","M","?","$","M"],"build_version":"2019-01-23","purchased_purges":3,"victory":false,"max_hp_per_floor":[80,80,80,80,80,80,80,80,87,87,87,87,87,87,87,87,87,87,92,92,92,92,92,95,95,95,95,103,103,117,120,120,120,120,123,126,126,126],"card_choices":[{"not_picked":["Sentinel","Heavy Blade","Blood for Blood"],"picked":"SKIP","floor":1.0},{"not_picked":["Headbutt","Clash"],"picked":"Twin Strike","floor":3.0},{"not_picked":["Flex","Sever Soul"],"picked":"Anger","floor":4.0},{"not_picked":["Body Slam","Sever Soul"],"picked":"Limit Break","floor":5.0},{"not_picked":["Dual Wield","True Grit"],"picked":"Twin Strike","floor":7.0},{"not_picked":["Iron Wave","Body Slam","Sever Soul"],"picked":"SKIP","floor":10.0},{"not_picked":["Clothesline","Heavy Blade"],"picked":"Armaments","floor":11.0},{"not_picked":["Cleave","Thunderclap","Sword Boomerang"],"picked":"SKIP","floor":13.0},{"not_picked":["Flex","Clash"],"picked":"Inflame","floor":14.0},{"not_picked":["Feed","Barricade"],"picked":"Reaper","floor":16.0},{"not_picked":["Twin Strike","Havoc+1"],"picked":"Headbutt","floor":18.0},{"not_picked":["Clash","Sword Boomerang+1"],"picked":"Demon Form","floor":22.0},{"not_picked":["Warcry+1","Corruption+1"],"picked":"Disarm","floor":24.0},{"not_picked":["Warcry","Thunderclap"],"picked":"Disarm","floor":28.0},{"not_picked":["Clothesline","Warcry"],"picked":"Brutality+1","floor":30.0},{"not_picked":["Armaments","Perfected Strike"],"picked":"Heavy Blade","floor":31.0},{"not_picked":["Juggernaut+1","Limit Break"],"picked":"Offering","floor":33.0},{"not_picked":["Headbutt","Anger+1"],"picked":"Warcry+1","floor":35.0},{"not_picked":["Evolve+1","Bloodletting"],"picked":"Havoc+1","floor":35.0},{"not_picked":["Cleave+1","Flex+1"],"picked":"Rupture+1","floor":36}],"player_experience":48678,"relics_obtained":[{"floor":7.0,"key":"Orichalcum"},{"floor":9.0,"key":"Strawberry"},{"floor":10.0,"key":"Ancient Tea Set"},{"floor":12.0,"key":"Ornamental Fan"},{"floor":13.0,"key":"Vajra"},{"floor":24.0,"key":"Red Mask"},{"floor":26.0,"key":"Frozen Egg 2"},{"floor":28.0,"key":"Shuriken"},{"floor":30.0,"key":"Mango"},{"floor":31.0,"key":"Prayer Wheel"},{"floor":31.0,"key":"Mercury Hourglass"},{"floor":36,"key":"Magic Flower"}],"event_choices":[{"cards_removed":["Strike_R"],"damage_healed":0.0,"max_hp_gain":0.0,"max_hp_loss":0.0,"gold_gain":0.0,"event_name":"Living Wall","player_choice":"Forget","floor":2.0,"gold_loss":0.0,"damage_taken":0.0},{"cards_removed":["Strike_R"],"damage_healed":0.0,"max_hp_gain":0.0,"max_hp_loss":0.0,"gold_gain":0.0,"event_name":"Purifier","player_choice":"Purged","floor":20.0,"gold_loss":0.0,"damage_taken":0.0},{"damage_healed":0.0,"max_hp_gain":0.0,"max_hp_loss":0.0,"gold_gain":0.0,"event_name":"Masked Bandits","player_choice":"Fought Bandits","floor":24.0,"gold_loss":0.0,"damage_taken":0.0},{"damage_healed":0.0,"max_hp_gain":0.0,"max_hp_loss":0.0,"gold_gain":0.0,"event_name":"Colosseum","player_choice":"Fight","floor":31.0,"gold_loss":0.0,"damage_taken":0.0},{"damage_healed":0.0,"max_hp_gain":0.0,"max_hp_loss":0.0,"gold_gain":0.0,"event_name":"Colosseum","player_choice":"Fought Nobs","floor":31.0,"gold_loss":0.0,"damage_taken":0.0},{"damage_healed":0,"gold_gain":0,"player_choice":"Fight","damage_taken":0,"max_hp_gain":0,"max_hp_loss":0,"event_name":"Mysterious Sphere","floor":36,"gold_loss":0}],"is_beta":false,"boss_relics":[{"not_picked":["Fusion Hammer","Mark of Pain"],"picked":"Coffee Dripper"},{"not_picked":["Runic Dome","Eternal Feather"],"picked":"Runic Cube"}],"items_purged_floors":[19,29,37],"is_endless":false,"potions_floor_spawned":[1,5,11,16,28,31],"killed_by":"3 Darklings","ascension_level":5}