{"gold_per_floor":[112,112,112,112,129,154,154,171,171,181,208,220,259,291,303,417,429,454,466,478,505,537,549,182,215,215,215,235,245,245,269,269,370,370,380,380,395,411,411,411,437,454,501,501,5,21,46,46,46,46],"floor_reached":50,"playtime":1964,"items_purged":["Strike_B"],"score":540,"play_id":"b82af0c8-2e1f-495d-91fa-cd4d52dbc07c","local_time":"20190114174947","is_ascension_mode":false,"campfire_choices":[{"data":"Zap","floor":7.0,"key":"SMITH"},{"data":"Defragment","floor":12.0,"key":"SMITH"},{"floor":15.0,"key":"REST"},{"floor":23.0,"key":"REST"},{"floor":30.0,"key":"REST"},{"floor":32.0,"key":"REST"},{"data":"Loop","floor":40,"key":"SMITH"},{"floor":44,"key":"REST"},{"floor":49,"key":"REST"}],"neow_cost":"NONE","seed_source_timestamp":0,"circlet_count":0,"master_deck":["Strike_B+1","Defend_B","Defend_B","Defend_B","Defend_B+1","Zap+1","Dualcast","Conserve Battery","Sweeping Beam","Ball Lightning","Ball Lightning","Hologram+1","Defragment+1","Beam Cell","Loop","Creative AI","Cold Snap","Conserve Battery+1","Loop","Loop+1","Hologram+1","Recycle+1","Electrodynamics","Melter","Madness+1","Go for the Eyes","Double Energy+1","Buffer","Blizzard+1","Mayhem"],"special_seed":0,"relics":["Cracked Core","Toxic Egg 2","Shuriken","Art of War","MawBank","Torii","Philosopher\u0027s Stone","DataDisk","Red Mask","Thread and Needle","Nloth\u0027s Gift","Smiling Mask","Runic Pyramid","Blood Vial","Pen Nib","Lee\u0027s Waffle","Bronze Scales"],"potions_floor_usage":[33,45,50,50],"damage_taken":[{"damage":0.0,"enemies":"Jaw Worm","floor":1.0,"turns":1.0},{"damage":0.0,"enemies":"Small Slimes","floor":5.0,"turns":1.0},{"damage":0.0,"enemies":"3 Sentries","floor":6.0,"turns":1.0},{"damage":6.0,"enemies":"2 Louse","floor":8.0,"turns":2.0},{"damage":0.0,"enemies":"Blue Slaver","floor":10.0,"turns":3.0},{"damage":14.0,"enemies":"Gremlin Nob","floor":11.0,"turns":3.0},{"damage":7.0,"enemies":"Lagavulin","floor":13.0,"turns":4.0},{"damage":1.0,"enemies":"Looter","floor":14.0,"turns":2.0},{"damage":6.0,"enemies":"Slime Boss","floor":16.0,"turns":6.0},{"damage":22.0,"enemies":"Shell Parasite","floor":18.0,"turns":5.0},{"damage":34.0,"enemies":"2 Thieves","floor":21.0,"turns":3.0},{"damage":19.0,"enemies":"3 Cultists","floor":22.0,"turns":4.0},{"damage":35.0,"enemies":"Masked Bandits","floor":25.0,"turns":4.0},{"damage":19.0,"enemies":"Centurion and Healer","floor":28.0,"turns":6.0},{"damage":2.0,"enemies":"Snecko","floor":29.0,"turns":5.0},{"damage":26,"enemies":"Automaton","floor":33,"turns":11},{"damage":0,"enemies":"Orb Walker","floor":35,"turns":4},{"damage":5,"enemies":"3 Shapes","floor":37,"turns":4},{"damage":0,"enemies":"Sphere and 2 Shapes","floor":38,"turns":4},{"damage":42,"enemies":"Giant Head","floor":41,"turns":9},{"damage":22,"enemies":"Jaw Worm Horde","floor":42,"turns":4},{"damage":30,"enemies":"4 Shapes","floor":46,"turns":8},{"damage":98,"enemies":"Awakened One","floor":50,"turns":5}],"seed_played":"4310411826211640267","potions_obtained":[{"floor":1.0,"key":"Strength Potion"},{"floor":6.0,"key":"EssenceOfSteel"},{"floor":16.0,"key":"SkillPotion"},{"floor":21.0,"key":"Swift Potion"},{"floor":28.0,"key":"EssenceOfSteel"},{"floor":29.0,"key":"AttackPotion"},{"floor":37,"key":"EssenceOfSteel"},{"floor":46,"key":"Strength Potion"}],"is_trial":false,"path_per_floor":["M","?","?","?","M","E","R","M","T","M","E","R","E","M","R","B",null,"M","$","?","M","M","R","$","?","T","?","M","M","R","T","R","B",null,"M","?","M","M","?","R","E","M","T","R","$","M","T","?","R","B"],"character_chosen":"DEFECT","items_purchased":["DataDisk","Loop","Regen Potion","Lee\u0027s Waffle","Mayhem","Fruit Juice"],"campfire_rested":6,"item_purchase_floors":[24,24,24,45,45,45],"current_hp_per_floor":[75,80,77,61,61,61,61,55,55,55,41,41,34,33,57,51,80,58,58,58,24,12,36,36,20,20,20,8,13,37,37,61,42,80,80,80,75,80,80,80,45,32,32,56,92,69,69,69,92,0],"gold":46,"neow_bonus":"THREE_ENEMY_KILL","is_prod":false,"is_daily":false,"chose_seed":false,"campfire_upgraded":3,"win_rate":0,"timestamp":1547488187,"path_taken":["M","?","?","?","M","E","R","M","T","M","E","R","E","M","R","BOSS","M","$","?","M","M","R","$","?","T","?","?","?","R","?","R","BOSS","M","?","M","M","?","R","E","M","T","R","$","?","?","?","R","BOSS"],"build_version":"2019-01-10","purchased_purges":1,"victory":false,"max_hp_per_floor":[75,80,80,80,80,80,80,80,80,80,80,80,80,80,80,80,80,80,80,80,80,80,80,80,80,80,80,80,80,80,80,80,80,80,80,80,80,80,80,80,80,80,80,80,92,92,92,92,92,92],"card_choices":[{"not_picked":["Static Discharge","Darkness"],"picked":"Conserve Battery","floor":1.0},{"not_picked":["Lockon","Steam+1"],"picked":"Sweeping Beam","floor":5.0},{"not_picked":["Static Discharge","Steam+1"],"picked":"Ball Lightning","floor":6.0},{"not_picked":["Sunder","Beam Cell"],"picked":"Ball Lightning","floor":8.0},{"not_picked":["Heatsinks","Coolheaded+1"],"picked":"Hologram+1","floor":10.0},{"not_picked":["Reinforced Body+1","Steam Power+1"],"picked":"Defragment","floor":11.0},{"not_picked":["Redo+1","Barrage"],"picked":"Beam Cell","floor":13.0},{"not_picked":["Coolheaded+1","Streamline"],"picked":"Loop","floor":14.0},{"not_picked":["Hyperbeam","Thunder Strike"],"picked":"Creative AI","floor":16.0},{"not_picked":["Storm","Reinforced Body+1"],"picked":"Self Repair","floor":18.0},{"not_picked":["BootSequence+1","Hologram+1"],"picked":"Cold Snap","floor":21.0},{"not_picked":["Beam Cell","Genetic Algorithm+1"],"picked":"Conserve Battery+1","floor":22.0},{"not_picked":["Steam+1","Reprogram+1"],"picked":"Loop","floor":25.0},{"not_picked":["Leap+1","Gash"],"picked":"Hologram+1","floor":28.0},{"not_picked":["Coolheaded+1","Sweeping Beam"],"picked":"Recycle+1","floor":29.0},{"not_picked":["Hyperbeam","Multi-Cast+1"],"picked":"Electrodynamics","floor":33},{"not_picked":["Leap+1","Barrage+1"],"picked":"Melter","floor":35},{"not_picked":["Violence+1","Purity+1"],"picked":"Madness+1","floor":36},{"not_picked":["Barrage+1","Sweeping Beam","Genetic Algorithm+1"],"picked":"SKIP","floor":37},{"not_picked":["Turbo+1","Rebound"],"picked":"Go for the Eyes","floor":38},{"not_picked":["Hologram+1","Melter+1"],"picked":"Buffer","floor":41},{"not_picked":["Stack+1","Coolheaded+1"],"picked":"Blizzard+1","floor":42},{"not_picked":["Sweeping Beam","Go for the Eyes+1","Barrage+1"],"picked":"SKIP","floor":46}],"player_experience":696440,"relics_obtained":[{"floor":6.0,"key":"Shuriken"},{"floor":9.0,"key":"Art of War"},{"floor":11.0,"key":"MawBank"},{"floor":13.0,"key":"Torii"},{"floor":25.0,"key":"Red Mask"},{"floor":26.0,"key":"Thread and Needle"},{"floor":31.0,"key":"Smiling Mask"},{"floor":41,"key":"Blood Vial"},{"floor":43,"key":"Pen Nib"},{"floor":47,"key":"Bronze Scales"}],"event_choices":[{"damage_healed":0.0,"max_hp_gain":5.0,"max_hp_loss":0.0,"gold_gain":0.0,"event_name":"Big Fish","player_choice":"Donut","floor":2.0,"gold_loss":0.0,"damage_taken":0.0},{"damage_healed":0.0,"max_hp_gain":0.0,"max_hp_loss":0.0,"gold_gain":0.0,"event_name":"Scrap Ooze","player_choice":"Success","floor":3.0,"gold_loss":0.0,"damage_taken":3.0,"relics_obtained":["Toxic Egg 2"]},{"damage_healed":0.0,"max_hp_gain":0.0,"max_hp_loss":0.0,"gold_gain":0.0,"event_name":"Shining Light","player_choice":"Entered Light","floor":4.0,"gold_loss":0.0,"damage_taken":16.0,"cards_upgraded":["Strike_B","Defend_B"]},{"cards_removed":["Strike_B"],"damage_healed":0.0,"max_hp_gain":0.0,"max_hp_loss":0.0,"gold_gain":0.0,"event_name":"Back to Basics","player_choice":"Elegance","floor":20.0,"gold_loss":0.0,"damage_taken":0.0},{"damage_healed":0.0,"max_hp_gain":0.0,"max_hp_loss":0.0,"gold_gain":0.0,"event_name":"Masked Bandits","player_choice":"Fought Bandits","floor":25.0,"gold_loss":0.0,"damage_taken":0.0},{"damage_healed":0.0,"max_hp_gain":0.0,"max_hp_loss":0.0,"gold_gain":0.0,"event_name":"N\u0027loth","player_choice":"Traded Relic","floor":27.0,"relics_lost":["NeowsBlessing"],"gold_loss":0.0,"damage_taken":0.0,"relics_obtained":["Nloth\u0027s Gift"]},{"damage_healed":0,"gold_gain":0,"player_choice":"Memory 1","damage_taken":0,"max_hp_gain":0,"max_hp_loss":0,"event_name":"SensoryStone","floor":36,"gold_loss":0},{"damage_healed":0,"gold_gain":0,"cards_transformed":["Strike_B"],"player_choice":"Transformed","damage_taken":0,"max_hp_gain":0,"max_hp_loss":0,"event_name":"Transmorgrifier","floor":39,"gold_loss":0,"cards_obtained":["Double Energy"]},{"cards_removed":["Self Repair"],"damage_healed":0,"gold_gain":0,"player_choice":"Removed Power","damage_taken":0,"max_hp_gain":0,"max_hp_loss":0,"event_name":"Falling","floor":48,"gold_loss":0}],"is_beta":false,"boss_relics":[{"not_picked":["Runic Dome","Lizard Tail"],"picked":"Philosopher\u0027s Stone"},{"not_picked":["Coffee Dripper","White Beast Statue"],"picked":"Runic Pyramid"}],"items_purged_floors":[24],"is_endless":false,"potions_floor_spawned":[1,6,16,21,28,29,37,46],"killed_by":"Awakened One","ascension_level":0}