{"gold_per_floor":[118,135,135,135,135,135,165,165,216,226,242,257,277,1,1,100,150,160,160,160,170,188,188,188,36,86,103,136,34,34,34,34,131,131,151,162,182,182,199,199,55,155,178,178,189,189,139,187,187,187],"floor_reached":50,"playtime":2992,"items_purged":["Strike_G","Strike_G","Strike_G"],"score":510,"play_id":"026a6232-c1ee-499d-8f34-80c8d01b4136","local_time":"20190529153759","is_ascension_mode":false,"campfire_choices":[{"data":"Poisoned Stab","floor":6.0,"key":"SMITH"},{"floor":8.0,"key":"REST"},{"floor":15.0,"key":"REST"},{"floor":23.0,"key":"REST"},{"floor":30.0,"key":"REST"},{"data":"Noxious Fumes","floor":32.0,"key":"SMITH"},{"floor":40.0,"key":"REST"},{"floor":46.0,"key":"REST"},{"floor":49.0,"key":"REST"}],"neow_cost":"NONE","seed_source_timestamp":8158825737105300,"circlet_count":0,"master_deck":["Defend_G+1","Defend_G+1","Strike_G+1","Survivor","Neutralize+1","Finisher","Poisoned Stab+1","Malaise","Quick Slash","Noxious Fumes+1","Backstab","Noxious Fumes+1","Poisoned Stab","Corpse Explosion","Bane","Dagger Throw","Flechettes","Poisoned Stab","Bullet Time","Bane+1","Quick Slash+1","Choke+1","Writhe","Bane+1","Cloak And Dagger+1"],"special_seed":0,"relics":["Ring of the Snake","War Paint","WingedGreaves","Strawberry","TwistedFunnel","Tiny House","FaceOfCleric","Regal Pillow","Bronze Scales","Smiling Mask","Cursed Key","Orichalcum","Pocketwatch","Omamori","Ginger","FossilizedHelix"],"potions_floor_usage":[],"damage_taken":[{"damage":1.0,"enemies":"Cultist","floor":1.0,"turns":4.0},{"damage":0.0,"enemies":"2 Louse","floor":2.0,"turns":2.0},{"damage":26.0,"enemies":"3 Sentries","floor":7.0,"turns":8.0},{"damage":0.0,"enemies":"Jaw Worm","floor":10.0,"turns":2.0},{"damage":5.0,"enemies":"Large Slime","floor":11.0,"turns":3.0},{"damage":4.0,"enemies":"Red Slaver","floor":12.0,"turns":3.0},{"damage":7.0,"enemies":"2 Fungi Beasts","floor":13.0,"turns":3.0},{"damage":19.0,"enemies":"Slime Boss","floor":16.0,"turns":8.0},{"damage":26.0,"enemies":"2 Thieves","floor":18.0,"turns":4.0},{"damage":10.0,"enemies":"Spheric Guardian","floor":21.0,"turns":3.0},{"damage":6.0,"enemies":"Chosen and Byrds","floor":22.0,"turns":5.0},{"damage":6.0,"enemies":"Cultist and Chosen","floor":27.0,"turns":3.0},{"damage":27.0,"enemies":"Book of Stabbing","floor":28.0,"turns":5.0},{"damage":66.0,"enemies":"Champ","floor":33.0,"turns":10.0},{"damage":15.0,"enemies":"Orb Walker","floor":35.0,"turns":2.0},{"damage":17.0,"enemies":"3 Darklings","floor":36.0,"turns":3.0},{"damage":33.0,"enemies":"Sphere and 2 Shapes","floor":37.0,"turns":5.0},{"damage":18.0,"enemies":"Writhing Mass","floor":39.0,"turns":5.0},{"damage":0.0,"enemies":"Mind Bloom Boss Battle","floor":42.0,"turns":4.0},{"damage":14.0,"enemies":"4 Shapes","floor":45.0,"turns":2.0},{"damage":53.0,"enemies":"2 Orb Walkers","floor":48.0,"turns":5.0},{"damage":98,"enemies":"Time Eater","floor":50,"turns":10}],"seed_played":"1583692142812152057","potions_obtained":[{"floor":1.0,"key":"Ancient Potion"},{"floor":7.0,"key":"SpeedPotion"},{"floor":10.0,"key":"LiquidBronze"},{"floor":13.0,"key":"FairyPotion"},{"floor":21.0,"key":"EssenceOfSteel"},{"floor":39.0,"key":"EssenceOfSteel"}],"is_trial":false,"path_per_floor":["M","M","?","?","?","R","E","R","T","M","M","M","M","$","R","B",null,"M","?","?","M","M","R","?","$","T","M","E","$","R","?","R","B",null,"M","M","M","?","M","R","$","?","T","T","M","R","$","?","R","B"],"character_chosen":"THE_SILENT","items_purchased":["TwistedFunnel","Regal Pillow","Poisoned Stab","Orichalcum"],"campfire_rested":7,"item_purchase_floors":[14,25,29,41],"current_hp_per_floor":[69,69,69,62,62,62,36,57,64,64,59,55,48,48,71,52,82,56,56,56,47,42,67,67,67,67,62,36,36,76,76,76,11,87,73,57,25,25,8,50,50,51,51,51,38,80,80,28,71,0],"gold":187,"neow_bonus":"RANDOM_COMMON_RELIC","is_prod":false,"is_daily":false,"chose_seed":false,"campfire_upgraded":2,"win_rate":0.0,"timestamp":1559158679,"path_taken":["M","M","?","?","?","R","E","R","T","M","M","?","M","$","R","BOSS","M","?","?","M","?","R","?","$","T","?","E","$","R","?","R","BOSS","M","M","?","?","M","R","?","?","T","?","?","R","$","?","R","BOSS"],"build_version":"2019-01-23","purchased_purges":3,"victory":false,"max_hp_per_floor":[70,70,70,70,70,70,70,70,77,77,77,77,77,77,77,77,82,82,82,82,83,84,84,84,84,84,85,86,86,86,86,86,87,87,88,89,90,90,91,91,91,92,92,92,93,93,93,94,94,94],"card_choices":[{"not_picked":["Calculated Gamble","Masterful Stab"],"picked":"Finisher","floor":1.0},{"not_picked":["All Out Attack","Quick Slash"],"picked":"Poisoned Stab","floor":2.0},{"not_picked":["Acrobatics","Predator"],"picked":"Quick Slash","floor":7.0},{"not_picked":["Dagger Spray","Phantasmal Killer"],"picked":"Noxious Fumes","floor":10.0},{"not_picked":["Tactician","Quick Slash"],"picked":"Backstab","floor":11.0},{"not_picked":["Slice","Cloak And Dagger"],"picked":"Noxious Fumes","floor":12.0},{"not_picked":["Prepared","Bane"],"picked":"Poisoned Stab","floor":13.0},{"not_picked":["Phantasmal Killer","After Image"],"picked":"Corpse Explosion","floor":16.0},{"not_picked":["Slice","Bouncing Flask"],"picked":"Bane","floor":17.0},{"not_picked":["Eviscerate","Escape Plan+1"],"picked":"Dagger Throw","floor":18.0},{"not_picked":["Quick Slash","Prepared","Blade Dance"],"picked":"SKIP","floor":21.0},{"not_picked":["Dodge and Roll","Flying Knee","Finisher"],"picked":"SKIP","floor":22.0},{"not_picked":["Well Laid Plans","Backstab"],"picked":"Flechettes","floor":27.0},{"not_picked":["Storm of Steel","Outmaneuver","Terror"],"picked":"SKIP","floor":28.0},{"not_picked":["Venomology","Night Terror"],"picked":"Bullet Time","floor":33.0},{"not_picked":["Heel Hook","Tactician","PiercingWail"],"picked":"SKIP","floor":35.0},{"not_picked":["Deflect+1","Prepared+1"],"picked":"Bane+1","floor":36.0},{"not_picked":["Flying Knee","Outmaneuver+1"],"picked":"Quick Slash+1","floor":37.0},{"not_picked":["Outmaneuver","Acrobatics+1","Prepared"],"picked":"SKIP","floor":39.0},{"not_picked":["Skewer","Die Die Die"],"picked":"Choke+1","floor":42.0},{"not_picked":["Flechettes+1","Dagger Spray"],"picked":"Bane+1","floor":45.0},{"not_picked":["Choke+1","PiercingWail"],"picked":"Cloak And Dagger+1","floor":48.0}],"player_experience":27440,"relics_obtained":[{"floor":7.0,"key":"WingedGreaves"},{"floor":9.0,"key":"Strawberry"},{"floor":26.0,"key":"Bronze Scales"},{"floor":28.0,"key":"Smiling Mask"},{"floor":42.0,"key":"Pocketwatch"},{"floor":43.0,"key":"Omamori"},{"floor":44.0,"key":"Ginger"},{"floor":48.0,"key":"FossilizedHelix"}],"event_choices":[{"damage_healed":0.0,"max_hp_gain":0.0,"max_hp_loss":0.0,"gold_gain":0.0,"cards_transformed":["Defend_G"],"event_name":"Living Wall","player_choice":"Change","floor":3.0,"gold_loss":0.0,"damage_taken":0.0,"cards_obtained":["Malaise"]},{"cards_removed":["Defend_G"],"damage_healed":0.0,"max_hp_gain":0.0,"max_hp_loss":0.0,"gold_gain":0.0,"event_name":"Golden Wing","player_choice":"Card Removal","floor":4.0,"gold_loss":0.0,"damage_taken":7.0},{"damage_healed":0.0,"max_hp_gain":0.0,"max_hp_loss":0.0,"gold_gain":0.0,"event_name":"Upgrade Shrine","player_choice":"Upgraded","floor":5.0,"gold_loss":0.0,"damage_taken":0.0,"cards_upgraded":["Neutralize"]},{"damage_healed":0.0,"max_hp_gain":0.0,"max_hp_loss":0.0,"gold_gain":0.0,"event_name":"Cursed Tome","player_choice":"Ignored","floor":19.0,"gold_loss":0.0,"damage_taken":0.0},{"damage_healed":0.0,"max_hp_gain":0.0,"max_hp_loss":0.0,"gold_gain":0.0,"event_name":"FaceTrader","player_choice":"Trade","floor":20.0,"gold_loss":0.0,"damage_taken":0.0,"relics_obtained":["FaceOfCleric"]},{"cards_removed":["Defend_G"],"damage_healed":0.0,"max_hp_gain":0.0,"max_hp_loss":0.0,"gold_gain":0.0,"event_name":"Wheel of Change","player_choice":"Card Removal","floor":24.0,"gold_loss":0.0,"damage_taken":0.0},{"damage_healed":0.0,"max_hp_gain":0.0,"max_hp_loss":0.0,"gold_gain":0.0,"event_name":"Accursed Blacksmith","player_choice":"Forge","floor":31.0,"gold_loss":0.0,"damage_taken":0.0,"cards_upgraded":["Noxious Fumes"]},{"cards_removed":["Strike_G"],"damage_healed":0.0,"max_hp_gain":0.0,"max_hp_loss":0.0,"gold_gain":0.0,"event_name":"Falling","player_choice":"Removed Attack","floor":38.0,"gold_loss":0.0,"damage_taken":0.0},{"damage_healed":0.0,"max_hp_gain":0.0,"max_hp_loss":0.0,"gold_gain":0.0,"event_name":"MindBloom","player_choice":"Fight","floor":42.0,"gold_loss":0.0,"damage_taken":0.0},{"damage_healed":0.0,"max_hp_gain":0.0,"max_hp_loss":0.0,"gold_gain":0.0,"event_name":"Mysterious Sphere","player_choice":"Fight","floor":48.0,"gold_loss":0.0,"damage_taken":0.0}],"is_beta":false,"boss_relics":[{"not_picked":["Calling Bell","Runic Dome"],"picked":"Tiny House"},{"not_picked":["Runic Pyramid","Astrolabe"],"picked":"Cursed Key"}],"items_purged_floors":[14,29,47],"is_endless":false,"potions_floor_spawned":[1,7,10,13,16,18,21,35,39,42],"killed_by":"Time Eater","ascension_level":0}