{"gold_per_floor":[16,16,36,55,75,107,107,142,142,142,174,194,211,221,221,324,324,337,42,42,60,60,60,91,110,135,152,152,152,252,266,266,266],"floor_reached":33,"playtime":4965,"items_purged":["Dash"],"score":357,"play_id":"caaa7848-7ce6-4aa6-9705-296cb9390d6c","local_time":"20190528211847","is_ascension_mode":true,"campfire_choices":[{"data":"Backflip","floor":7,"key":"SMITH"},{"floor":10,"key":"REST"},{"floor":15,"key":"REST"},{"floor":23,"key":"REST"},{"floor":29,"key":"REST"},{"floor":32,"key":"REST"}],"neow_cost":"NO_GOLD","seed_source_timestamp":1042014714364457,"circlet_count":0,"master_deck":["Survivor","Neutralize","Venomology","Masterful Stab","Backflip+1","Blur","Well Laid Plans","Backflip","Deflect","Deflect","Acrobatics","Acrobatics","Outmaneuver","Reflex","Die Die Die","PiercingWail","Tools of the Trade","Slice","Finisher","Sucker Punch","Backflip+1","Bite","Bite","Bite","Bite","Bite","Underhanded Strike+1","Prepared+1","Prepared+1","Reflex","Outmaneuver","Glass Knife","Underhanded Strike+1"],"relics":["Ring of the Snake","Smiling Mask","Tingsha","Gremlin Horn","Pantograph","Pandora\u0027s Box","Question Card","Regal Pillow","Boot","Pocketwatch","Meat on the Bone"],"potions_floor_usage":[4,5,6,6,8,8,8,8,14,16,16,24,25,30,30,31,31,33,33],"damage_taken":[{"damage":0,"enemies":"Small Slimes","floor":1,"turns":3},{"damage":0,"enemies":"Cultist","floor":3,"turns":4},{"damage":2,"enemies":"Jaw Worm","floor":4,"turns":4},{"damage":0,"enemies":"Large Slime","floor":5,"turns":4},{"damage":7,"enemies":"Lagavulin","floor":6,"turns":8},{"damage":36,"enemies":"Gremlin Nob","floor":8,"turns":6},{"damage":9,"enemies":"3 Sentries","floor":11,"turns":12},{"damage":5,"enemies":"3 Louse","floor":12,"turns":4},{"damage":0,"enemies":"Blue Slaver","floor":13,"turns":4},{"damage":10,"enemies":"Lots of Slimes","floor":14,"turns":4},{"damage":44,"enemies":"The Guardian","floor":16,"turns":22},{"damage":16,"enemies":"Chosen","floor":18,"turns":5},{"damage":13,"enemies":"2 Thieves","floor":21,"turns":4},{"damage":34,"enemies":"Slavers","floor":24,"turns":7},{"damage":21,"enemies":"Shelled Parasite and Fungi","floor":25,"turns":6},{"damage":14,"enemies":"Cultist and Chosen","floor":27,"turns":6},{"damage":18,"enemies":"Colosseum Slavers","floor":30,"turns":3},{"damage":31,"enemies":"Colosseum Nobs","floor":30,"turns":6},{"damage":5,"enemies":"3 Cultists","floor":31,"turns":4},{"damage":70,"enemies":"Champ","floor":33,"turns":10}],"seed_played":"-5679888154778915366","potions_obtained":[{"floor":2,"key":"SpeedPotion"},{"floor":2,"key":"Ancient Potion"},{"floor":4,"key":"Weak Potion"},{"floor":6,"key":"Regen Potion"},{"floor":12,"key":"Block Potion"},{"floor":13,"key":"Dexterity Potion"},{"floor":30,"key":"Weak Potion"}],"is_trial":false,"path_per_floor":["M","?","M","M","M","E","R","E","T","R","E","M","M","M","R","B",null,"M","$","?","M","?","R","E","M","T","M","?","R","?","M","R","B"],"character_chosen":"THE_SILENT","items_purchased":["Question Card"],"campfire_rested":5,"item_purchase_floors":[19],"current_hp_per_floor":[70,70,70,68,68,61,61,39,39,60,51,46,46,36,57,26,70,54,54,41,28,28,43,21,16,16,12,12,42,19,38,52,0],"gold":266,"neow_bonus":"TRANSFORM_TWO_CARDS","is_prod":false,"is_daily":false,"chose_seed":false,"campfire_upgraded":1,"win_rate":0,"timestamp":1559092727,"path_taken":["M","?","?","M","M","E","R","E","T","R","E","M","M","M","R","BOSS","M","$","?","M","?","R","E","M","T","M","?","R","?","M","R","BOSS"],"build_version":"2019-01-23","purchased_purges":1,"victory":false,"max_hp_per_floor":[70,70,70,70,70,70,70,70,70,70,70,70,70,70,70,70,70,70,70,75,75,52,52,52,52,52,52,52,52,52,52,52,52],"card_choices":[{"not_picked":["Riddle With Holes","Prepared"],"picked":"Backflip","floor":1},{"not_picked":["Dagger Throw","Heel Hook"],"picked":"Blur","floor":3},{"not_picked":["Bane","Acrobatics"],"picked":"Well Laid Plans","floor":4},{"not_picked":["Sucker Punch","Catalyst"],"picked":"Backflip","floor":5},{"not_picked":["Escape Plan","Bullet Time"],"picked":"Deflect","floor":6},{"not_picked":["Poisoned Stab","Predator"],"picked":"Deflect","floor":8},{"not_picked":["Bouncing Flask","Slice"],"picked":"Acrobatics","floor":11},{"not_picked":["Heel Hook","Concentrate"],"picked":"Acrobatics","floor":12},{"not_picked":["Crippling Poison","Prepared"],"picked":"Outmaneuver","floor":13},{"not_picked":["Bane","Poisoned Stab"],"picked":"Reflex","floor":14},{"not_picked":["Unload","Venomology"],"picked":"Die Die Die","floor":16},{"not_picked":["Dagger Spray","Poisoned Stab","Concentrate+1"],"picked":"SKIP","floor":18},{"not_picked":["Prepared","Underhanded Strike","Sucker Punch"],"picked":"Backflip+1","floor":21},{"not_picked":["Sucker Punch","Endless Agony","Wraith Form v2"],"picked":"Underhanded Strike+1","floor":24},{"not_picked":["Deadly Poison+1","Catalyst","Bane"],"picked":"Prepared+1","floor":25},{"not_picked":["Finisher","Bane","All Out Attack+1"],"picked":"Prepared+1","floor":27},{"not_picked":["Poisoned Stab","Deflect","Endless Agony+1"],"picked":"Glass Knife","floor":30},{"not_picked":["Bane","Dagger Throw","Escape Plan+1"],"picked":"Underhanded Strike+1","floor":31}],"player_experience":320342,"relics_obtained":[{"floor":6,"key":"Smiling Mask"},{"floor":8,"key":"Tingsha"},{"floor":9,"key":"Gremlin Horn"},{"floor":11,"key":"Pantograph"},{"floor":24,"key":"Regal Pillow"},{"floor":26,"key":"Boot"},{"floor":30,"key":"Pocketwatch"},{"floor":30,"key":"Meat on the Bone"}],"event_choices":[{"damage_healed":0,"gold_gain":0,"player_choice":"Got Potions","damage_taken":0,"max_hp_gain":0,"max_hp_loss":0,"event_name":"Lab","floor":2,"gold_loss":0},{"damage_healed":0,"gold_gain":0,"player_choice":"Shed Blood","damage_taken":18,"max_hp_gain":5,"max_hp_loss":0,"event_name":"Forgotten Altar","floor":20,"gold_loss":0},{"damage_healed":0,"gold_gain":0,"player_choice":"Became a vampire","damage_taken":0,"max_hp_gain":0,"max_hp_loss":23,"event_name":"Vampires","floor":22,"gold_loss":0,"cards_obtained":["Bite","Bite","Bite","Bite","Bite"]},{"damage_healed":0,"gold_gain":0,"cards_transformed":["Deadly Poison","Bane"],"player_choice":"Became Test Subject","damage_taken":0,"max_hp_gain":0,"max_hp_loss":0,"event_name":"Drug Dealer","floor":28,"gold_loss":0,"cards_obtained":["Reflex","Outmaneuver"]},{"damage_healed":0,"gold_gain":0,"player_choice":"Fight","damage_taken":0,"max_hp_gain":0,"max_hp_loss":0,"event_name":"Colosseum","floor":30,"gold_loss":0},{"damage_healed":0,"gold_gain":0,"player_choice":"Fought Nobs","damage_taken":0,"max_hp_gain":0,"max_hp_loss":0,"event_name":"Colosseum","floor":30,"gold_loss":0}],"is_beta":false,"boss_relics":[{"not_picked":["Coffee Dripper","Lizard Tail"],"picked":"Pandora\u0027s Box"}],"items_purged_floors":[19],"is_endless":false,"potions_floor_spawned":[4,6,12,13,14,18,21,30],"killed_by":"Champ","ascension_level":3}