{"gold_per_floor":[111,111,111,211,222,249,249,282,282,282,312,164,179,213,213,213],"floor_reached":16,"playtime":621,"items_purged":["Strike_R"],"score":170,"play_id":"3f0dad1a-d24f-4f6f-87c7-131c76f04d41","local_time":"20190530093242","is_ascension_mode":true,"campfire_choices":[{"data":"Bash","floor":7,"key":"SMITH"},{"floor":10,"key":"REST"},{"data":"Carnage","floor":15,"key":"SMITH"}],"neow_cost":"NONE","seed_source_timestamp":55205998053900,"circlet_count":0,"master_deck":["Strike_R","Strike_R","Strike_R","Defend_R","Defend_R","Defend_R","Defend_R","Bash+1","Rage","Anger","Carnage+1","Rage","Feel No Pain","Shrug It Off","Metallicize","Twin Strike"],"relics":["Burning Blood","WingedGreaves","Prayer Wheel","Lantern","Unceasing Top","Sundial","Bottled Flame"],"potions_floor_usage":[6,14],"damage_taken":[{"damage":8,"enemies":"Small Slimes","floor":1,"turns":5},{"damage":3,"enemies":"2 Louse","floor":5,"turns":4},{"damage":32,"enemies":"Lagavulin","floor":6,"turns":7},{"damage":40,"enemies":"Gremlin Nob","floor":8,"turns":5},{"damage":25,"enemies":"Lagavulin","floor":11,"turns":8},{"damage":1,"enemies":"Cultist","floor":13,"turns":3},{"damage":8,"enemies":"3 Sentries","floor":14,"turns":10},{"damage":15,"enemies":"Slime Boss","floor":16,"turns":5}],"seed_played":"-8147261075412533731","potions_obtained":[{"floor":5,"key":"Poison Potion"},{"floor":13,"key":"Energy Potion"},{"floor":14,"key":"LiquidBronze"}],"is_trial":false,"path_per_floor":["M","?","?","?","M","E","R","E","T","R","E","$","M","E","R","B"],"character_chosen":"IRONCLAD","items_purchased":["Feel No Pain"],"campfire_rested":1,"item_purchase_floors":[12],"current_hp_per_floor":[78,71,64,64,67,41,41,7,7,33,14,14,19,17,17,2],"gold":213,"neow_bonus":"TEN_PERCENT_HP_BONUS","is_prod":false,"is_daily":false,"chose_seed":false,"campfire_upgraded":2,"win_rate":0,"timestamp":1559201562,"path_taken":["M","?","?","?","M","E","R","E","T","R","E","$","M","E","R","BOSS"],"build_version":"2019-01-23","purchased_purges":1,"victory":false,"max_hp_per_floor":[88,88,88,88,88,88,88,88,88,88,88,88,88,88,88,88],"card_choices":[{"not_picked":["Heavy Blade","Headbutt"],"picked":"Rage","floor":1},{"not_picked":["Disarm","Shrug It Off"],"picked":"Anger","floor":5},{"not_picked":["Havoc","True Grit","Dark Embrace"],"picked":"SKIP","floor":6},{"not_picked":["Bludgeon","Body Slam"],"picked":"Carnage","floor":8},{"not_picked":["Heavy Blade","True Grit"],"picked":"Rage","floor":11},{"not_picked":["Iron Wave","Clash"],"picked":"Shrug It Off","floor":13},{"not_picked":["Reckless Charge","Pommel Strike"],"picked":"Metallicize","floor":13},{"not_picked":["Heavy Blade","Cleave"],"picked":"Twin Strike","floor":14}],"player_experience":71075,"relics_obtained":[{"floor":6,"key":"Prayer Wheel"},{"floor":8,"key":"Lantern"},{"floor":9,"key":"Unceasing Top"},{"floor":11,"key":"Sundial"},{"floor":14,"key":"Bottled Flame"}],"event_choices":[{"cards_removed":["Strike_R"],"damage_healed":0,"gold_gain":0,"player_choice":"Card Removal","damage_taken":7,"max_hp_gain":0,"max_hp_loss":0,"event_name":"Golden Wing","floor":2,"gold_loss":0},{"damage_healed":0,"gold_gain":0,"player_choice":"Success","damage_taken":7,"relics_obtained":["WingedGreaves"],"max_hp_gain":0,"max_hp_loss":0,"event_name":"Scrap Ooze","floor":3,"gold_loss":0},{"damage_healed":0,"gold_gain":100,"player_choice":"Pray","damage_taken":0,"max_hp_gain":0,"max_hp_loss":0,"event_name":"Golden Shrine","floor":4,"gold_loss":0}],"is_beta":false,"boss_relics":[],"items_purged_floors":[12],"is_endless":false,"potions_floor_spawned":[5,13,14],"killed_by":"Slime Boss","ascension_level":7}