{"gold_per_floor":[118,128,403,417,437,437,466,10,10,10,10,27,27,38,38,136,136,150,169,169,16,29,29,47,47,97,97,97],"floor_reached":28,"playtime":1108,"items_purged":["Decay"],"score":242,"play_id":"73bf4321-c08c-4966-bbea-4095733a1301","local_time":"20190329170922","is_ascension_mode":true,"campfire_choices":[{"floor":6.0,"key":"REST"},{"floor":13.0,"key":"REST"},{"floor":15.0,"key":"REST"},{"floor":23.0,"key":"REST"}],"neow_cost":"NONE","seed_source_timestamp":9040955554517394,"circlet_count":0,"master_deck":["Strike_B+1","Defend_B+1","Defend_B+1","Defend_B+1","Defend_B+1","Zap+1","Dualcast","Leap","Capacitor","Storm","Loop+1","Echo Form+1","Self Repair+1","Scrape+1","Hello World+1","Heatsinks+1","Capacitor+1","Defragment+1"],"special_seed":0,"relics":["Cracked Core","Pear","Frozen Egg 2","Art of War","Molten Egg 2","Astrolabe","Potion Belt"],"potions_floor_usage":[28],"damage_taken":[{"damage":3.0,"enemies":"2 Louse","floor":1.0,"turns":3.0},{"damage":0.0,"enemies":"Cultist","floor":2.0,"turns":3.0},{"damage":2.0,"enemies":"Small Slimes","floor":4.0,"turns":3.0},{"damage":22.0,"enemies":"Exordium Thugs","floor":5.0,"turns":5.0},{"damage":52.0,"enemies":"Gremlin Nob","floor":7.0,"turns":5.0},{"damage":8.0,"enemies":"Lots of Slimes","floor":12.0,"turns":3.0},{"damage":8.0,"enemies":"Blue Slaver","floor":14.0,"turns":4.0},{"damage":53.0,"enemies":"The Guardian","floor":16.0,"turns":12.0},{"damage":11.0,"enemies":"Chosen","floor":18.0,"turns":5.0},{"damage":33.0,"enemies":"2 Thieves","floor":19.0,"turns":4.0},{"damage":39.0,"enemies":"Snake Plant","floor":22.0,"turns":4.0},{"damage":24.0,"enemies":"Sentry and Sphere","floor":24.0,"turns":5.0},{"damage":52,"enemies":"Slavers","floor":28,"turns":3}],"seed_played":"4864720694202426953","potions_obtained":[{"floor":4.0,"key":"Explosive Potion"},{"floor":12.0,"key":"Dexterity Potion"},{"floor":16.0,"key":"Strength Potion"},{"floor":18.0,"key":"PowerPotion"}],"is_trial":false,"path_per_floor":["M","M","?","M","M","R","E","$","T","?","$","M","R","M","R","B",null,"M","M","?","$","M","R","M","$","T","?","E"],"character_chosen":"DEFECT","items_purchased":["Frozen Egg 2","Art of War","Loop+1","Capacitor+1"],"campfire_rested":4,"item_purchase_floors":[8,8,8,21],"current_hp_per_floor":[72,72,72,70,48,70,28,28,28,28,28,20,45,37,62,9,85,84,61,61,61,32,57,43,43,43,43,0],"gold":97,"neow_bonus":"UPGRADE_CARD","is_prod":false,"is_daily":false,"chose_seed":false,"campfire_upgraded":0,"win_rate":0,"timestamp":1553893762,"path_taken":["M","M","?","?","M","R","E","$","T","?","?","M","R","?","R","BOSS","M","M","?","?","M","R","M","$","T","?","E"],"build_version":"2019-01-23","purchased_purges":1,"victory":false,"max_hp_per_floor":[75,75,75,75,75,75,85,85,85,85,85,85,85,85,85,85,85,85,85,85,85,85,85,85,85,85,85,85],"card_choices":[{"not_picked":["Coolheaded","Stack"],"picked":"Leap","floor":1.0},{"not_picked":["Cold Snap","Coolheaded"],"picked":"Capacitor","floor":2.0},{"not_picked":["Force Field","Gash","Consume"],"picked":"SKIP","floor":4.0},{"not_picked":["Glacier","Capacitor"],"picked":"Storm","floor":5.0},{"not_picked":["Rainbow","Redo","Scrape"],"picked":"SKIP","floor":7.0},{"not_picked":["Barrage+1","Hologram","Cold Snap+1"],"picked":"SKIP","floor":12.0},{"not_picked":["Darkness","Skim","Coolheaded"],"picked":"SKIP","floor":14.0},{"not_picked":["All For One+1","Rainbow"],"picked":"Echo Form+1","floor":16.0},{"not_picked":["Turbo","Stack"],"picked":"Heatsinks+1","floor":18.0},{"not_picked":["Barrage+1","Steam","Rebound+1"],"picked":"SKIP","floor":19.0},{"not_picked":["Rebound+1","Lockon+1"],"picked":"Defragment+1","floor":22.0},{"not_picked":["Sweeping Beam+1","Ball Lightning+1","Darkness"],"picked":"SKIP","floor":24.0}],"player_experience":239738,"relics_obtained":[{"floor":7.0,"key":"Pear"},{"floor":9.0,"key":"Molten Egg 2"},{"floor":26.0,"key":"Potion Belt"}],"event_choices":[{"damage_healed":0.0,"max_hp_gain":0.0,"max_hp_loss":0.0,"gold_gain":275.0,"event_name":"Golden Shrine","player_choice":"Desecrate","floor":3.0,"gold_loss":0.0,"damage_taken":0.0,"cards_obtained":["Regret"]},{"damage_healed":0.0,"max_hp_gain":0.0,"max_hp_loss":0.0,"gold_gain":0.0,"event_name":"Wheel of Change","player_choice":"Cursed","floor":10.0,"gold_loss":0.0,"damage_taken":0.0,"cards_obtained":["Decay"]},{"cards_removed":["Regret"],"damage_healed":0.0,"max_hp_gain":0.0,"max_hp_loss":0.0,"gold_gain":0.0,"event_name":"Purifier","player_choice":"Purged","floor":20.0,"gold_loss":0.0,"damage_taken":0.0},{"damage_healed":0.0,"max_hp_gain":0.0,"max_hp_loss":0.0,"gold_gain":0.0,"event_name":"Back to Basics","player_choice":"Simplicity","floor":27.0,"gold_loss":0.0,"damage_taken":0.0,"cards_upgraded":["Strike_B","Defend_B","Defend_B","Defend_B","Defend_B"]}],"is_beta":false,"boss_relics":[{"not_picked":["White Beast Statue","Black Star"],"picked":"Astrolabe"}],"items_purged_floors":[21],"is_endless":false,"potions_floor_spawned":[4,12,16,18],"killed_by":"Slavers","ascension_level":2}