{"gold_per_floor":[17,167,52,71,90,124,42,71,71,71,71],"floor_reached":11,"playtime":488,"items_purged":["Doubt"],"score":154,"play_id":"95069bce-d4ae-48e9-9bec-50d9eef56d23","local_time":"20190513131124","is_ascension_mode":true,"campfire_choices":[{"data":"Bash","floor":10.0,"key":"SMITH"}],"neow_cost":"NO_GOLD","seed_source_timestamp":3639479624194653,"circlet_count":0,"master_deck":["AscendersBane","Strike_R","Strike_R","Strike_R","Strike_R","Strike_R","Defend_R","Defend_R","Defend_R","Defend_R","Bash+1","Iron Wave","Metallicize","Combust","Shrug It Off","Sword Boomerang","Whirlwind"],"special_seed":0,"relics":["Burning Blood","Du-Vu Doll","Charon\u0027s Ashes","Kunai","Matryoshka"],"potions_floor_usage":[11],"damage_taken":[{"damage":5.0,"enemies":"2 Louse","floor":1.0,"turns":3.0},{"damage":8.0,"enemies":"Cultist","floor":4.0,"turns":5.0},{"damage":10.0,"enemies":"Jaw Worm","floor":5.0,"turns":5.0},{"damage":39.0,"enemies":"Lagavulin","floor":6.0,"turns":8.0},{"damage":15.0,"enemies":"3 Sentries","floor":8.0,"turns":5.0},{"damage":26,"enemies":"Lagavulin","floor":11,"turns":3}],"seed_played":"-2413544816799341237","potions_obtained":[{"floor":6.0,"key":"Strength Potion"}],"is_trial":false,"path_per_floor":["M","?","$","M","M","E","$","E","T","R","E"],"character_chosen":"IRONCLAD","items_purchased":["Metallicize","Shrug It Off","Sword Boomerang"],"campfire_rested":0,"item_purchase_floors":[3,7,7],"current_hp_per_floor":[69,69,69,67,63,30,30,21,21,21,0],"gold":71,"neow_bonus":"ONE_RARE_RELIC","is_prod":false,"is_daily":false,"chose_seed":false,"campfire_upgraded":1,"win_rate":0,"timestamp":1557731484,"path_taken":["M","?","$","M","M","E","$","E","T","R","E"],"build_version":"2019-01-23","purchased_purges":1,"victory":false,"max_hp_per_floor":[75,75,75,75,75,75,75,75,75,75,75],"card_choices":[{"not_picked":["Intimidate","Thunderclap"],"picked":"Iron Wave","floor":1.0},{"not_picked":["Headbutt","Clash"],"picked":"Combust","floor":4.0},{"not_picked":["Searing Blow","Sentinel","Clash"],"picked":"SKIP","floor":5.0},{"not_picked":["Dark Embrace","Intimidate","Demon Form"],"picked":"SKIP","floor":6.0},{"not_picked":["Sentinel","Heavy Blade"],"picked":"Whirlwind","floor":8.0}],"player_experience":1322597,"relics_obtained":[{"floor":6.0,"key":"Charon\u0027s Ashes"},{"floor":8.0,"key":"Kunai"},{"floor":9.0,"key":"Matryoshka"}],"event_choices":[{"damage_healed":0.0,"max_hp_gain":0.0,"max_hp_loss":0.0,"gold_gain":150.0,"event_name":"Liars Game","player_choice":"AGREE","floor":2.0,"gold_loss":0.0,"damage_taken":0.0,"cards_obtained":["Doubt"]}],"is_beta":false,"boss_relics":[],"items_purged_floors":[3],"is_endless":false,"potions_floor_spawned":[6],"killed_by":"Lagavulin","ascension_level":18}