{"gold_per_floor":[115,128,59,59,59,59,87,101,101,121,121,149,211,222,222,324,324,343,343,343,357,83,83,114,114,114,148,148,148,148,159,159,258,258,269,269,24,70,86,86,120,120,120,58,58,58,68,80,80,80],"floor_reached":51,"playtime":1409,"items_purged":["Strike_R","Strike_R"],"score":805,"play_id":"00ec1625-34e8-4ad1-aac9-53fb7aa05474","local_time":"20190520133405","is_ascension_mode":true,"campfire_choices":[{"data":"Carnage","floor":6.0,"key":"SMITH"},{"data":"Whirlwind","floor":11.0,"key":"SMITH"},{"data":"Bash","floor":15.0,"key":"SMITH"},{"data":"Fiend Fire","floor":23.0,"key":"SMITH"},{"data":"Defend_R","floor":25.0,"key":"SMITH"},{"data":"Defend_R","floor":28.0,"key":"SMITH"},{"data":"Power Through","floor":32,"key":"SMITH"},{"data":"Feed","floor":40,"key":"SMITH"},{"data":"Double Tap","floor":42,"key":"SMITH"},{"floor":49,"key":"REST"}],"neow_cost":"NONE","seed_source_timestamp":4244769163708982,"circlet_count":0,"master_deck":["Strike_R","Defend_R+1","Defend_R+1","Defend_R","Defend_R","Bash+1","Carnage+1","Double Tap+1","Whirlwind+1","Fiend Fire+1","Power Through+1","Feed+1","Feed","Rampage+1","Dropkick","Flame Barrier"],"special_seed":0,"relics":["Burning Blood","NeowsBlessing","Meat on the Bone","Orichalcum","Matryoshka","Bag of Marbles","Velvet Choker","Magic Flower","Chemical X","Juzu Bracelet","Dodecahedron","Bottled Lightning","Strawberry","Nilry\u0027s Codex","Busted Crown","PreservedInsect","Darkstone Periapt","Happy Flower","The Courier","Dream Catcher"],"potions_floor_usage":[33,50,50],"damage_taken":[{"damage":0.0,"enemies":"Small Slimes","floor":1.0,"turns":1.0},{"damage":0.0,"enemies":"2 Louse","floor":2.0,"turns":1.0},{"damage":0.0,"enemies":"Gremlin Nob","floor":7.0,"turns":1.0},{"damage":1.0,"enemies":"Cultist","floor":8.0,"turns":3.0},{"damage":0.0,"enemies":"2 Fungi Beasts","floor":10.0,"turns":3.0},{"damage":25.0,"enemies":"Lagavulin","floor":12.0,"turns":5.0},{"damage":24.0,"enemies":"Lagavulin Event","floor":13.0,"turns":4.0},{"damage":0.0,"enemies":"Large Slime","floor":14.0,"turns":2.0},{"damage":39.0,"enemies":"The Guardian","floor":16.0,"turns":7.0},{"damage":14.0,"enemies":"2 Thieves","floor":18.0,"turns":2.0},{"damage":0.0,"enemies":"3 Byrds","floor":21.0,"turns":2.0},{"damage":6.0,"enemies":"Book of Stabbing","floor":24.0,"turns":2.0},{"damage":6.0,"enemies":"Slavers","floor":27.0,"turns":2.0},{"damage":0,"enemies":"Centurion and Healer","floor":31,"turns":3},{"damage":43,"enemies":"Champ","floor":33,"turns":8},{"damage":12,"enemies":"Orb Walker","floor":35,"turns":4},{"damage":8,"enemies":"3 Darklings","floor":39,"turns":3},{"damage":0,"enemies":"Nemesis","floor":41,"turns":3},{"damage":0,"enemies":"Transient","floor":47,"turns":5},{"damage":84,"enemies":"4 Shapes","floor":48,"turns":3},{"damage":66,"enemies":"Donu and Deca","floor":50,"turns":7}],"seed_played":"1173195468440144985","potions_obtained":[{"floor":7.0,"key":"EssenceOfSteel"},{"floor":12.0,"key":"Regen Potion"},{"floor":13.0,"key":"Weak Potion"},{"floor":33,"key":"FairyPotion"}],"is_trial":false,"path_per_floor":["M","M","$","?","?","R","E","M","T","M","R","E","?","M","R","B",null,"M","?","?","M","$","R","E","R","T","E","R","?","?","M","R","B",null,"M","?","$","T","M","R","E","R","T","$","?","?","M","M","R","B",null],"character_chosen":"IRONCLAD","items_purchased":["Double Tap","Chemical X","PreservedInsect","Dropkick"],"campfire_rested":1,"item_purchase_floors":[3,22,37,44],"current_hp_per_floor":[80,80,80,73,73,73,79,80,80,80,80,61,55,61,61,40,80,72,72,72,80,80,80,80,80,80,87,87,71,71,80,80,64,87,89,89,89,89,90,90,90,90,90,90,85,85,85,28,53,38],"gold":80,"neow_bonus":"THREE_ENEMY_KILL","is_prod":false,"is_daily":false,"chose_seed":false,"campfire_upgraded":9,"win_rate":0,"timestamp":1558337645,"path_taken":["M","M","$","?","?","R","E","?","T","M","R","E","?","M","R","BOSS","M","?","?","?","?","R","E","R","T","E","R","?","?","M","R","BOSS","M","?","$","?","M","R","E","R","T","$","?","?","M","M","R","BOSS"],"build_version":"2019-01-23","purchased_purges":2,"victory":true,"max_hp_per_floor":[80,80,80,80,80,80,80,80,80,80,80,80,80,80,80,80,80,80,80,80,80,80,80,80,80,80,87,87,87,87,87,87,87,87,90,90,90,90,90,90,90,90,90,90,85,85,85,85,85,85],"card_choices":[{"not_picked":["Iron Wave","Spot Weakness"],"picked":"Carnage","floor":1.0},{"not_picked":["Iron Wave","Flex","Body Slam"],"picked":"SKIP","floor":2.0},{"not_picked":["Thunderclap","Headbutt","Inflame"],"picked":"SKIP","floor":7.0},{"not_picked":["Havoc","True Grit"],"picked":"Whirlwind","floor":8.0},{"not_picked":["Infernal Blade","Havoc","Dual Wield"],"picked":"SKIP","floor":10.0},{"not_picked":["Perfected Strike","Ghostly Armor","Juggernaut"],"picked":"SKIP","floor":12.0},{"not_picked":["Armaments","Thunderclap","Iron Wave"],"picked":"SKIP","floor":14.0},{"not_picked":["Juggernaut","Brutality"],"picked":"Fiend Fire","floor":16.0},{"not_picked":["Flex","Perfected Strike+1","Warcry"],"picked":"SKIP","floor":18.0},{"not_picked":["Anger+1","Warcry","Twin Strike"],"picked":"SKIP","floor":21.0},{"not_picked":["Corruption","Inflame","Havoc"],"picked":"SKIP","floor":24.0},{"not_picked":["Clothesline","Second Wind","Bludgeon"],"picked":"SKIP","floor":27.0},{"not_picked":["Sever Soul","Heavy Blade","Havoc"],"picked":"SKIP","floor":31},{"not_picked":["Reaper","Double Tap"],"picked":"Feed","floor":33},{"not_picked":["Clash"],"picked":"SKIP","floor":35},{"not_picked":["Inflame"],"picked":"SKIP","floor":39},{"not_picked":[],"picked":"Rampage+1","floor":41},{"not_picked":["Flex+1"],"picked":"SKIP","floor":47},{"not_picked":[],"picked":"Flame Barrier","floor":48}],"player_experience":1388872,"relics_obtained":[{"floor":7.0,"key":"Meat on the Bone"},{"floor":9.0,"key":"Orichalcum"},{"floor":12.0,"key":"Matryoshka"},{"floor":13.0,"key":"Bag of Marbles"},{"floor":24.0,"key":"Juzu Bracelet"},{"floor":26.0,"key":"Dodecahedron"},{"floor":26.0,"key":"Bottled Lightning"},{"floor":27.0,"key":"Strawberry"},{"floor":29.0,"key":"Nilry\u0027s Codex"},{"floor":38,"key":"Darkstone Periapt"},{"floor":38,"key":"Happy Flower"},{"floor":41,"key":"The Courier"},{"floor":43,"key":"Dream Catcher"}],"event_choices":[{"cards_removed":["Strike_R"],"damage_healed":0.0,"max_hp_gain":0.0,"max_hp_loss":0.0,"gold_gain":0.0,"event_name":"Golden Wing","player_choice":"Card Removal","floor":4.0,"gold_loss":0.0,"damage_taken":7.0},{"cards_removed":["Strike_R"],"damage_healed":0.0,"max_hp_gain":0.0,"max_hp_loss":0.0,"gold_gain":0.0,"event_name":"Bonfire Elementals","player_choice":"Offered Basic","floor":5.0,"gold_loss":0.0,"damage_taken":0.0},{"damage_healed":0.0,"max_hp_gain":0.0,"max_hp_loss":0.0,"gold_gain":0.0,"event_name":"Dead Adventurer","player_choice":"Searched \u00272\u0027 times","floor":13.0,"gold_loss":0.0,"damage_taken":0.0},{"damage_healed":0.0,"max_hp_gain":0.0,"max_hp_loss":0.0,"gold_gain":0.0,"event_name":"Vampires","player_choice":"Ignored","floor":19.0,"gold_loss":0.0,"damage_taken":0.0},{"damage_healed":0.0,"max_hp_gain":0.0,"max_hp_loss":0.0,"gold_gain":0.0,"event_name":"The Mausoleum","player_choice":"Opened","floor":20.0,"gold_loss":0.0,"damage_taken":0.0,"relics_obtained":["Magic Flower"]},{"damage_healed":0.0,"max_hp_gain":0.0,"max_hp_loss":0.0,"gold_gain":0.0,"event_name":"Cursed Tome","player_choice":"Obtained Book","floor":29.0,"gold_loss":0.0,"damage_taken":16.0},{"damage_healed":0,"gold_gain":0,"player_choice":"Read","damage_taken":0,"max_hp_gain":0,"max_hp_loss":0,"event_name":"The Library","floor":30,"gold_loss":0,"cards_obtained":["Power Through"]},{"damage_healed":0,"gold_gain":0,"player_choice":"Copied","damage_taken":0,"max_hp_gain":0,"max_hp_loss":0,"event_name":"Duplicator","floor":36,"gold_loss":0,"cards_obtained":["Feed"]},{"damage_healed":0,"gold_gain":0,"player_choice":"Max HP","damage_taken":0,"max_hp_gain":0,"max_hp_loss":5,"event_name":"Winding Halls","floor":45,"gold_loss":0},{"damage_healed":0,"gold_gain":0,"player_choice":"Ignored","damage_taken":0,"max_hp_gain":0,"max_hp_loss":0,"event_name":"Mysterious Sphere","floor":46,"gold_loss":0}],"is_beta":false,"boss_relics":[{"not_picked":["Runic Cube","Calling Bell"],"picked":"Velvet Choker"},{"not_picked":["Tiny House","Pandora\u0027s Box"],"picked":"Busted Crown"}],"items_purged_floors":[22,37],"is_endless":false,"potions_floor_spawned":[7,12,13,31,33,41,47],"ascension_level":1}