{"gold_per_floor":[112,112,128,141,158,184,184,284,309,321,353,353,373,373,373,470,470,481,481,481,49,49,84,34,34,34,34,52,83,95,106,106,207,207,217,229,23,23,39,64,76,106,118,130,176,288,335,19,19,19],"floor_reached":51,"playtime":3436,"items_purged":["Strike_G","Strike_G","Strike_G"],"score":1450,"play_id":"ac566b97-e8cb-4640-ac14-9f187c3c8594","local_time":"20190530234519","is_ascension_mode":true,"campfire_choices":[{"data":"Skewer","floor":7.0,"key":"SMITH"},{"floor":12.0,"key":"REST"},{"data":"Deadly Poison","floor":15.0,"key":"SMITH"},{"floor":25.0,"key":"REST"},{"data":"Glass Knife","floor":27.0,"key":"SMITH"},{"floor":32.0,"key":"REST"},{"floor":41,"key":"REST"},{"floor":44,"key":"RECALL"},{"floor":49,"key":"REST"}],"neow_cost":"NONE","seed_source_timestamp":103446926499900,"circlet_count":0,"master_deck":["Defend_G","Defend_G","Defend_G","Defend_G","Defend_G","Survivor","Neutralize","After Image","Deadly Poison+1","Skewer+1","Infinite Blades","Adrenaline","Backflip","Blur","Dagger Spray","Glass Knife+1","Footwork","Footwork","Leg Sweep","RitualDagger","Deflect","Well Laid Plans","Escape Plan","Cloak And Dagger","Tools of the Trade","Backflip","Cloak And Dagger+1","After Image","Acrobatics+1","Predator+1","Deflect","PiercingWail+1","Terror+1","Storm of Steel"],"special_seed":0,"relics":["Ring of the Snake","Regal Pillow","Bag of Marbles","Oddly Smooth Stone","Philosopher\u0027s Stone","MutagenicStrength","Membership Card","Shuriken","Omamori","Smiling Mask","FossilizedHelix","Fusion Hammer","Mercury Hourglass","MawBank","Lantern","Ancient Tea Set","Unceasing Top","StoneCalendar","Toy Ornithopter","Ginger"],"potions_floor_usage":[50,50],"damage_taken":[{"damage":0.0,"enemies":"Small Slimes","floor":1.0,"turns":4.0},{"damage":0.0,"enemies":"Cultist","floor":3.0,"turns":5.0},{"damage":0.0,"enemies":"Jaw Worm","floor":4.0,"turns":5.0},{"damage":0.0,"enemies":"Red Slaver","floor":5.0,"turns":4.0},{"damage":41.0,"enemies":"Gremlin Nob","floor":6.0,"turns":6.0},{"damage":0.0,"enemies":"Looter","floor":10.0,"turns":1.0},{"damage":6.0,"enemies":"3 Sentries","floor":11.0,"turns":7.0},{"damage":0.0,"enemies":"2 Fungi Beasts","floor":13.0,"turns":3.0},{"damage":0.0,"enemies":"Hexaghost","floor":16.0,"turns":10.0},{"damage":0.0,"enemies":"Spheric Guardian","floor":18.0,"turns":3.0},{"damage":26.0,"enemies":"Gremlin Leader","floor":23.0,"turns":9.0},{"damage":10.0,"enemies":"3 Byrds","floor":28.0,"turns":5.0},{"damage":15.0,"enemies":"Book of Stabbing","floor":29.0,"turns":8.0},{"damage":0.0,"enemies":"Snake Plant","floor":30.0,"turns":4.0},{"damage":0.0,"enemies":"Centurion and Healer","floor":31.0,"turns":6.0},{"damage":0.0,"enemies":"Champ","floor":33.0,"turns":13.0},{"damage":11,"enemies":"3 Darklings","floor":35,"turns":9},{"damage":0,"enemies":"Orb Walker","floor":36,"turns":3},{"damage":0,"enemies":"Jaw Worm Horde","floor":39,"turns":5},{"damage":0,"enemies":"Nemesis","floor":40,"turns":11},{"damage":0,"enemies":"Writhing Mass","floor":42,"turns":8},{"damage":4,"enemies":"Reptomancer","floor":45,"turns":8},{"damage":0,"enemies":"Mind Bloom Boss Battle","floor":46,"turns":6},{"damage":0,"enemies":"Nemesis","floor":47,"turns":7},{"damage":0,"enemies":"Awakened One","floor":50,"turns":13}],"seed_played":"-605457051101851950","potions_obtained":[{"floor":3.0,"key":"Energy Potion"},{"floor":5.0,"key":"Strength Potion"},{"floor":10.0,"key":"Energy Potion"},{"floor":11.0,"key":"Block Potion"},{"floor":29.0,"key":"AttackPotion"},{"floor":30.0,"key":"EssenceOfSteel"},{"floor":35,"key":"SteroidPotion"},{"floor":36,"key":"Energy Potion"},{"floor":45,"key":"Ancient Potion"}],"is_trial":false,"path_per_floor":["M","?","M","M","M","E","R","?","T","M","E","R","M","?","R","B",null,"M","?","?","$","?","E","$","R","T","R","M","E","M","M","R","B",null,"M","M","$","?","M","E","R","M","T","R","E","?","E","$","R","B",null],"character_chosen":"THE_SILENT","items_purchased":["Membership Card","Footwork","Leg Sweep","Shuriken","SpeedPotion","Mercury Hourglass","Toy Ornithopter","Ginger","Storm of Steel"],"campfire_rested":5,"item_purchase_floors":[21,21,21,21,37,37,48,48,48],"current_hp_per_floor":[63,63,63,63,63,22,22,22,22,22,16,52,52,45,45,45,64,64,51,51,51,45,19,19,56,56,56,46,31,31,31,68,68,73,62,62,62,62,62,62,75,75,75,75,71,71,71,71,75,75],"gold":19,"neow_bonus":"ONE_RANDOM_RARE_CARD","is_prod":false,"is_daily":false,"chose_seed":false,"campfire_upgraded":3,"win_rate":0,"timestamp":1559252719,"path_taken":["M","?","M","M","?","E","R","?","T","?","E","R","M","?","R","BOSS","M","?","?","$","?","E","$","R","T","R","M","E","M","M","R","BOSS","M","M","$","?","?","E","R","M","T","R","E","?","E","$","R","BOSS"],"build_version":"2019-01-23","purchased_purges":3,"victory":true,"max_hp_per_floor":[70,70,70,70,70,70,70,70,70,70,70,70,70,70,70,70,70,70,75,75,75,75,75,75,75,75,75,75,75,75,75,75,75,75,75,75,75,75,75,75,75,75,75,75,75,75,75,75,75,75],"card_choices":[{"not_picked":["Deflect","Blade Dance"],"picked":"Deadly Poison","floor":1.0},{"not_picked":["Slice","Quick Slash"],"picked":"Skewer","floor":3.0},{"not_picked":["Blade Dance","Flying Knee"],"picked":"Infinite Blades","floor":4.0},{"not_picked":["Blade Dance","Accuracy"],"picked":"Adrenaline","floor":5.0},{"not_picked":["Quick Slash","Caltrops"],"picked":"Backflip","floor":6.0},{"not_picked":["Prepared","Quick Slash","Blade Dance"],"picked":"SKIP","floor":10.0},{"not_picked":["Caltrops","Choke"],"picked":"Blur","floor":11.0},{"not_picked":["Prepared","Outmaneuver"],"picked":"Dagger Spray","floor":13.0},{"not_picked":["Venomology","Burst"],"picked":"Glass Knife","floor":16.0},{"not_picked":["Outmaneuver+1","Leg Sweep"],"picked":"Footwork","floor":18.0},{"not_picked":["Underhanded Strike","Caltrops","Eviscerate"],"picked":"SKIP","floor":23.0},{"not_picked":["Flechettes","Quick Slash"],"picked":"Deflect","floor":28.0},{"not_picked":["Phantasmal Killer","Reflex"],"picked":"Well Laid Plans","floor":29.0},{"not_picked":["Well Laid Plans","Sucker Punch"],"picked":"Escape Plan","floor":30.0},{"not_picked":["Deadly Poison+1","Deflect"],"picked":"Cloak And Dagger","floor":31.0},{"not_picked":["Phantasmal Killer","Glass Knife"],"picked":"Tools of the Trade","floor":33.0},{"not_picked":["Noxious Fumes","Quick Slash"],"picked":"Backflip","floor":35},{"not_picked":["Dagger Spray","Prepared+1"],"picked":"Cloak And Dagger+1","floor":36},{"not_picked":["Well Laid Plans+1","Underhanded Strike+1"],"picked":"Acrobatics+1","floor":39},{"not_picked":["Dagger Spray","Heel Hook","Dash+1"],"picked":"SKIP","floor":40},{"not_picked":["Poisoned Stab","Tactician"],"picked":"Predator+1","floor":42},{"not_picked":["Poisoned Stab+1","Eviscerate+1"],"picked":"Deflect","floor":45},{"not_picked":["Heel Hook","Expertise"],"picked":"PiercingWail+1","floor":46},{"not_picked":["Riddle With Holes","Choke+1"],"picked":"Terror+1","floor":47}],"player_experience":79612,"relics_obtained":[{"floor":6.0,"key":"Regal Pillow"},{"floor":9.0,"key":"Bag of Marbles"},{"floor":11.0,"key":"Oddly Smooth Stone"},{"floor":23.0,"key":"Omamori"},{"floor":26.0,"key":"Smiling Mask"},{"floor":29.0,"key":"FossilizedHelix"},{"floor":40,"key":"MawBank"},{"floor":43,"key":"Lantern"},{"floor":45,"key":"Ancient Tea Set"},{"floor":46,"key":"Unceasing Top"},{"floor":47,"key":"StoneCalendar"}],"event_choices":[{"cards_removed":["Strike_G"],"damage_healed":0.0,"max_hp_gain":0.0,"max_hp_loss":0.0,"gold_gain":0.0,"event_name":"Bonfire Elementals","player_choice":"Offered Basic","floor":2.0,"gold_loss":0.0,"damage_taken":0.0},{"damage_healed":0.0,"max_hp_gain":0.0,"max_hp_loss":0.0,"gold_gain":100.0,"event_name":"Golden Shrine","player_choice":"Pray","floor":8.0,"gold_loss":0.0,"damage_taken":0.0},{"cards_removed":["Strike_G"],"damage_healed":0.0,"max_hp_gain":0.0,"max_hp_loss":0.0,"gold_gain":0.0,"event_name":"Golden Wing","player_choice":"Card Removal","floor":14.0,"gold_loss":0.0,"damage_taken":7.0},{"damage_healed":0.0,"max_hp_gain":5.0,"max_hp_loss":0.0,"gold_gain":0.0,"event_name":"Forgotten Altar","player_choice":"Shed Blood","floor":19.0,"gold_loss":0.0,"damage_taken":18.0},{"damage_healed":0.0,"max_hp_gain":0.0,"max_hp_loss":0.0,"gold_gain":0.0,"event_name":"Drug Dealer","player_choice":"Inject Mutagens","floor":20.0,"gold_loss":0.0,"damage_taken":0.0,"relics_obtained":["MutagenicStrength"]},{"damage_healed":0.0,"max_hp_gain":0.0,"max_hp_loss":0.0,"gold_gain":0.0,"event_name":"Nest","player_choice":"Joined the Cult","floor":22.0,"gold_loss":0.0,"damage_taken":6.0,"cards_obtained":["RitualDagger"]},{"damage_healed":0,"gold_gain":0,"player_choice":"Copied","damage_taken":0,"max_hp_gain":0,"max_hp_loss":0,"event_name":"Duplicator","floor":38,"gold_loss":0,"cards_obtained":["After Image"]},{"damage_healed":0,"gold_gain":0,"player_choice":"Fight","damage_taken":0,"max_hp_gain":0,"max_hp_loss":0,"event_name":"MindBloom","floor":46,"gold_loss":0}],"is_beta":false,"boss_relics":[{"not_picked":["Calling Bell","Eternal Feather"],"picked":"Philosopher\u0027s Stone"},{"not_picked":["Astrolabe","Black Star"],"picked":"Fusion Hammer"}],"items_purged_floors":[21,24,37],"is_endless":false,"potions_floor_spawned":[3,5,10,11,29,30,35,36,39,45],"ascension_level":9}