{"gold_per_floor":[115,126,137,187,198,198,198,227,299,299,299],"floor_reached":11,"playtime":242,"items_purged":[],"score":142,"play_id":"54574e12-3f07-4d40-856e-e38f508f5acf","local_time":"20190523140238","is_ascension_mode":true,"campfire_choices":[{"data":"Bash","floor":6,"key":"SMITH"},{"data":"Pummel","floor":10,"key":"SMITH"}],"neow_cost":"NONE","seed_source_timestamp":4506884658112364,"circlet_count":0,"master_deck":["AscendersBane","Strike_R","Strike_R","Strike_R","Strike_R","Defend_R","Defend_R","Defend_R","Defend_R","Bash+1","Pummel+1","Sword Boomerang","Headbutt","True Grit","Pommel Strike"],"relics":["Burning Blood","NeowsBlessing","StoneCalendar","Sundial"],"potions_floor_usage":[8],"damage_taken":[{"damage":0,"enemies":"Jaw Worm","floor":1,"turns":1},{"damage":0,"enemies":"Cultist","floor":2,"turns":1},{"damage":0,"enemies":"2 Louse","floor":3,"turns":1},{"damage":30,"enemies":"Blue Slaver","floor":5,"turns":6},{"damage":20,"enemies":"Gremlin Nob","floor":8,"turns":4},{"damage":34,"enemies":"Exordium Wildlife","floor":11,"turns":5}],"seed_played":"-8692206623128588730","potions_obtained":[{"floor":1,"key":"Block Potion"},{"floor":8,"key":"PowerPotion"}],"is_trial":false,"path_per_floor":["M","M","M","?","M","R","?","E","T","R","M"],"character_chosen":"IRONCLAD","items_purchased":[],"campfire_rested":0,"item_purchase_floors":[],"current_hp_per_floor":[74,75,75,75,51,51,44,30,30,30,0],"gold":299,"neow_bonus":"THREE_ENEMY_KILL","is_prod":false,"is_daily":false,"chose_seed":false,"campfire_upgraded":2,"win_rate":0,"timestamp":1558598558,"path_taken":["M","M","M","?","?","R","?","E","T","R","M"],"build_version":"2019-01-23","purchased_purges":0,"victory":false,"max_hp_per_floor":[75,75,75,75,75,75,75,75,75,75,75],"card_choices":[{"not_picked":["Sever Soul","Shrug It Off"],"picked":"Pummel","floor":1},{"not_picked":["Havoc","Warcry"],"picked":"Sword Boomerang","floor":2},{"not_picked":["Twin Strike","Seeing Red"],"picked":"Headbutt","floor":3},{"not_picked":["Fire Breathing","Wild Strike"],"picked":"True Grit","floor":5},{"not_picked":["Headbutt","Wild Strike"],"picked":"Pommel Strike","floor":8}],"player_experience":1394183,"relics_obtained":[{"floor":8,"key":"StoneCalendar"},{"floor":9,"key":"Sundial"}],"event_choices":[{"damage_healed":0,"gold_gain":50,"player_choice":"Pray","damage_taken":0,"max_hp_gain":0,"max_hp_loss":0,"event_name":"Golden Shrine","floor":4,"gold_loss":0},{"cards_removed":["Strike_R"],"damage_healed":0,"gold_gain":0,"player_choice":"Card Removal","damage_taken":7,"max_hp_gain":0,"max_hp_loss":0,"event_name":"Golden Wing","floor":7,"gold_loss":0}],"is_beta":false,"boss_relics":[],"items_purged_floors":[],"is_endless":false,"potions_floor_spawned":[1,8],"killed_by":"Exordium Wildlife","ascension_level":19}