{"gold_per_floor":[119,135,135,153,171,196,126,141,141,141,158,188,69,100,100,205,205,216,216,216,236,27,52,52,78,78,0,0,12,27,27],"floor_reached":31,"playtime":1589,"items_purged":[],"score":398,"play_id":"7b2dbade-f765-40ea-8ecd-546e7ae8e872","local_time":"20190514142509","is_ascension_mode":true,"campfire_choices":[{"floor":10,"key":"REST"},{"floor":15,"key":"REST"},{"floor":24,"key":"REST"},{"floor":28,"key":"REST"}],"neow_cost":"NONE","seed_source_timestamp":229682403160773,"circlet_count":0,"master_deck":["Strike_B","Strike_B","Strike_B","Defend_B","Defend_B","Defend_B","Defend_B","Zap","Dualcast","Defragment","Streamline","Heatsinks","Loop","Beam Cell","Buffer","Leap","Ball Lightning","Leap","Reinforced Body","Sunder","Conserve Battery","Beam Cell","Core Surge","Loop","Doom and Gloom","Ball Lightning","Stack"],"relics":["Cracked Core","Blood Vial","Blue Candle","Darkstone Periapt","Potion Belt","Inserter","Lee\u0027s Waffle","Regal Pillow","DataDisk","Toxic Egg 2"],"potions_floor_usage":[6,6,21,21,23,25,25,31,31],"damage_taken":[{"damage":1,"enemies":"Cultist","floor":1,"turns":3},{"damage":11,"enemies":"Small Slimes","floor":2,"turns":4},{"damage":2,"enemies":"2 Louse","floor":4,"turns":2},{"damage":7,"enemies":"2 Fungi Beasts","floor":5,"turns":3},{"damage":20,"enemies":"3 Sentries","floor":6,"turns":7},{"damage":23,"enemies":"3 Louse","floor":8,"turns":4},{"damage":12,"enemies":"Looter","floor":11,"turns":3},{"damage":5,"enemies":"Lagavulin","floor":12,"turns":6},{"damage":13,"enemies":"3 Sentries","floor":14,"turns":7},{"damage":12,"enemies":"The Guardian","floor":16,"turns":13},{"damage":16,"enemies":"Shell Parasite","floor":18,"turns":6},{"damage":39,"enemies":"3 Byrds","floor":21,"turns":6},{"damage":75,"enemies":"Book of Stabbing","floor":23,"turns":8},{"damage":35,"enemies":"Gremlin Leader","floor":25,"turns":6},{"damage":29,"enemies":"Snecko","floor":29,"turns":5},{"damage":13,"enemies":"Centurion and Healer","floor":30,"turns":6},{"damage":33,"enemies":"Book of Stabbing","floor":31,"turns":6}],"seed_played":"6491527165355566791","potions_obtained":[{"floor":0,"key":"SkillPotion"},{"floor":0,"key":"EntropicBrew"},{"floor":0,"key":"SkillPotion"},{"floor":6,"key":"Ancient Potion"},{"floor":8,"key":"Fire Potion"},{"floor":21,"key":"Fire Potion"},{"floor":25,"key":"Dexterity Potion"},{"floor":30,"key":"Energy Potion"}],"is_trial":false,"path_per_floor":["M","M","?","M","M","E","$","M","T","R","M","E","$","E","R","B",null,"M","?","$","M","$","E","R","E","T","?","R","M","M","E"],"character_chosen":"DEFECT","items_purchased":["Leap","Ball Lightning","Sunder","Conserve Battery","Lee\u0027s Waffle"],"campfire_rested":4,"item_purchase_floors":[7,7,13,13,22],"current_hp_per_floor":[67,56,56,54,47,27,27,6,6,28,18,15,15,4,26,16,60,46,46,46,9,82,7,46,13,13,13,52,25,14,0],"gold":27,"neow_bonus":"THREE_SMALL_POTIONS","is_prod":false,"is_daily":false,"chose_seed":false,"campfire_upgraded":0,"win_rate":0,"timestamp":1557858309,"path_taken":["M","?","?","M","?","E","?","?","T","R","M","E","$","E","R","BOSS","M","?","?","?","$","E","R","E","T","?","R","M","M","E"],"build_version":"2019-01-23","purchased_purges":0,"victory":false,"max_hp_per_floor":[75,75,75,75,75,75,75,75,75,75,75,75,75,75,75,75,75,75,75,75,75,82,82,82,82,82,82,82,82,82,82],"card_choices":[{"not_picked":["Double Energy","Coolheaded"],"picked":"Defragment","floor":1},{"not_picked":["Hologram","Go for the Eyes"],"picked":"Streamline","floor":2},{"not_picked":["Doom and Gloom","Genetic Algorithm"],"picked":"Loop","floor":4},{"not_picked":["Multi-Cast","Go for the Eyes"],"picked":"Beam Cell","floor":5},{"not_picked":["Gash","Coolheaded"],"picked":"Buffer","floor":6},{"not_picked":["Stack","Hologram","Heatsinks"],"picked":"SKIP","floor":8},{"not_picked":["Sweeping Beam","Recycle"],"picked":"Leap","floor":11},{"not_picked":["Steam","Streamline"],"picked":"Reinforced Body","floor":12},{"not_picked":["Double Energy","Aggregate"],"picked":"Beam Cell","floor":14},{"not_picked":["Multi-Cast","Seek"],"picked":"Core Surge","floor":16},{"not_picked":["Tempest","Streamline"],"picked":"Loop","floor":18},{"not_picked":["Double Energy","Leap"],"picked":"Doom and Gloom","floor":21},{"not_picked":["Rebound","Double Energy"],"picked":"Ball Lightning","floor":23},{"not_picked":["Genetic Algorithm","Machine Learning"],"picked":"Stack","floor":25},{"not_picked":["Hello World","Barrage+1","Rebound"],"picked":"SKIP","floor":29},{"not_picked":["Barrage","Leap+1","Conserve Battery+1"],"picked":"SKIP","floor":30}],"player_experience":427629,"relics_obtained":[{"floor":6,"key":"Blood Vial"},{"floor":9,"key":"Blue Candle"},{"floor":12,"key":"Darkstone Periapt"},{"floor":14,"key":"Potion Belt"},{"floor":23,"key":"Regal Pillow"},{"floor":25,"key":"DataDisk"},{"floor":26,"key":"Toxic Egg 2"}],"event_choices":[{"damage_healed":0,"gold_gain":0,"cards_transformed":["Strike_B"],"player_choice":"Transformed","damage_taken":0,"max_hp_gain":0,"max_hp_loss":0,"event_name":"Transmorgrifier","floor":3,"gold_loss":0,"cards_obtained":["Heatsinks"]},{"damage_healed":0,"gold_gain":0,"player_choice":"Bought 0 Potions","damage_taken":0,"max_hp_gain":0,"max_hp_loss":0,"event_name":"The Woman in Blue","floor":19,"gold_loss":0},{"damage_healed":0,"gold_gain":0,"player_choice":"Paid Fearfully","damage_taken":0,"max_hp_gain":0,"max_hp_loss":0,"event_name":"Masked Bandits","floor":27,"gold_loss":78}],"is_beta":false,"boss_relics":[{"not_picked":["Tiny House","Coffee Dripper"],"picked":"Inserter"}],"items_purged_floors":[],"is_endless":false,"potions_floor_spawned":[4,5,6,8,21,25,30],"killed_by":"Book of Stabbing","ascension_level":7}