{"gold_per_floor":[118,118,133,208,173,204,204,219,219,219,236,253,253,268,268,364,364,380,380,295,311,328,328],"floor_reached":23,"playtime":1131,"items_purged":[],"score":193,"play_id":"e56e1762-5562-4d92-85a5-f0d00fa89889","local_time":"20190529052710","is_ascension_mode":false,"campfire_choices":[{"data":"Demon Form","floor":7.0,"key":"SMITH"},{"data":"Hemokinesis","floor":10.0,"key":"SMITH"},{"data":"Fire Breathing","floor":13.0,"key":"SMITH"},{"floor":15.0,"key":"REST"}],"neow_cost":"NONE","seed_source_timestamp":8123904664674500,"circlet_count":0,"master_deck":["Strike_R","Strike_R","Strike_R","Strike_R","Defend_R","Defend_R+1","Defend_R","Bash+1","Hemokinesis+1","Iron Wave","Demon Form+1","Metallicize","Fire Breathing+1","Pommel Strike","Feed","Battle Trance+1","Pommel Strike"],"special_seed":0,"relics":["Burning Blood","Pen Nib","Pantograph","Empty Cage","MutagenicStrength","Red Skull"],"potions_floor_usage":[],"damage_taken":[{"damage":6.0,"enemies":"Cultist","floor":1.0,"turns":3.0},{"damage":3.0,"enemies":"Small Slimes","floor":3.0,"turns":2.0},{"damage":18.0,"enemies":"Gremlin Nob","floor":6.0,"turns":4.0},{"damage":3.0,"enemies":"2 Louse","floor":8.0,"turns":2.0},{"damage":6.0,"enemies":"Exordium Wildlife","floor":11.0,"turns":5.0},{"damage":2.0,"enemies":"Large Slime","floor":12.0,"turns":5.0},{"damage":20.0,"enemies":"Blue Slaver","floor":14.0,"turns":3.0},{"damage":40.0,"enemies":"The Guardian","floor":16.0,"turns":7.0},{"damage":16.0,"enemies":"Spheric Guardian","floor":18.0,"turns":4.0},{"damage":23.0,"enemies":"Shell Parasite","floor":21.0,"turns":6.0},{"damage":19.0,"enemies":"Chosen and Byrds","floor":22.0,"turns":7.0},{"damage":51,"enemies":"Slavers","floor":23,"turns":3}],"seed_played":"4002948907694401749","potions_obtained":[{"floor":1.0,"key":"LiquidBronze"},{"floor":8.0,"key":"Explosive Potion"},{"floor":16.0,"key":"AttackPotion"}],"is_trial":false,"path_per_floor":["M","?","M","?","?","E","R","M","T","R","M","M","R","M","R","B",null,"M","?","?","M","M","E"],"character_chosen":"IRONCLAD","items_purchased":[],"campfire_rested":1,"item_purchase_floors":[],"current_hp_per_floor":[88,70,73,62,84,72,72,75,75,75,75,79,79,65,88,54,88,78,78,78,61,51,0],"gold":328,"neow_bonus":"TEN_PERCENT_HP_BONUS","is_prod":false,"is_daily":false,"chose_seed":false,"campfire_upgraded":3,"win_rate":0.0,"timestamp":1559122030,"path_taken":["M","?","M","?","?","E","R","M","T","R","M","?","R","M","R","BOSS","M","?","?","M","M","E"],"build_version":"2019-01-23","purchased_purges":0,"victory":false,"max_hp_per_floor":[88,88,88,88,88,88,88,88,88,88,88,88,88,88,88,88,88,88,88,88,88,91,91],"card_choices":[{"not_picked":["Warcry","Anger"],"picked":"Hemokinesis","floor":1.0},{"not_picked":["Flex","Clothesline"],"picked":"Iron Wave","floor":3.0},{"not_picked":["Flex","True Grit"],"picked":"Demon Form","floor":6.0},{"not_picked":["Heavy Blade","Seeing Red"],"picked":"Metallicize","floor":8.0},{"not_picked":["Body Slam","Flex","Dual Wield"],"picked":"SKIP","floor":11.0},{"not_picked":["Flex","Anger"],"picked":"Fire Breathing","floor":12.0},{"not_picked":["Rupture","Seeing Red"],"picked":"Pommel Strike","floor":14.0},{"not_picked":["Brutality","Dark Embrace"],"picked":"Feed","floor":16.0},{"not_picked":["Perfected Strike+1","Clothesline+1"],"picked":"Battle Trance+1","floor":18.0},{"not_picked":["Flex","Anger"],"picked":"Pommel Strike","floor":21.0},{"not_picked":["Anger","Sword Boomerang","Iron Wave"],"picked":"SKIP","floor":22.0}],"player_experience":22972,"relics_obtained":[{"floor":6.0,"key":"Pen Nib"},{"floor":9.0,"key":"Pantograph"}],"event_choices":[{"damage_healed":0.0,"max_hp_gain":0.0,"max_hp_loss":0.0,"gold_gain":0.0,"event_name":"Shining Light","player_choice":"Entered Light","floor":2.0,"gold_loss":0.0,"damage_taken":18.0,"cards_upgraded":["Defend_R","Bash"]},{"damage_healed":0.0,"max_hp_gain":0.0,"max_hp_loss":0.0,"gold_gain":75.0,"event_name":"World of Goop","player_choice":"Gather Gold","floor":4.0,"gold_loss":0.0,"damage_taken":11.0},{"damage_healed":22.0,"max_hp_gain":0.0,"max_hp_loss":0.0,"gold_gain":0.0,"event_name":"The Cleric","player_choice":"Healed","floor":5.0,"gold_loss":35.0,"damage_taken":0.0},{"damage_healed":0.0,"max_hp_gain":0.0,"max_hp_loss":0.0,"gold_gain":0.0,"event_name":"Drug Dealer","player_choice":"Inject Mutagens","floor":19.0,"gold_loss":0.0,"damage_taken":0.0,"relics_obtained":["MutagenicStrength"]},{"damage_healed":0.0,"max_hp_gain":0.0,"max_hp_loss":0.0,"gold_gain":0.0,"event_name":"Addict","player_choice":"Obtained Relic","floor":20.0,"gold_loss":85.0,"damage_taken":0.0,"relics_obtained":["Red Skull"]}],"is_beta":false,"boss_relics":[{"not_picked":["Runic Dome","Snecko Eye"],"picked":"Empty Cage"}],"items_purged_floors":[],"is_endless":false,"potions_floor_spawned":[1,8,16,22],"killed_by":"Slavers","ascension_level":0}