{"gold_per_floor":[118,118,129,144,71,99,99,126,126,195,226,190,210,223,223,327,327,338,358,358,283,295,324,337,337,337,337,337,337,350,370,370,470,470,484,484,92,104,120,149,161,202,261,283,295,318,430,442,454,466],"floor_reached":51,"playtime":1977,"items_purged":["Strike_R"],"score":956,"play_id":"51871e4a-ebad-4cda-b936-d1ba0193f1dc","local_time":"20190528231338","is_ascension_mode":true,"campfire_choices":[{"floor":15,"key":"REST"},{"data":"1","floor":25,"key":"LIFT"},{"data":"2","floor":27,"key":"LIFT"},{"data":"3","floor":29,"key":"LIFT"},{"data":"Rage","floor":32,"key":"SMITH"},{"data":"Demon Form","floor":41,"key":"SMITH"},{"floor":45,"key":"REST"},{"floor":49,"key":"REST"}],"neow_cost":"NONE","seed_source_timestamp":264011093642900,"circlet_count":0,"master_deck":["Strike_R","Strike_R","Defend_R","Defend_R","Defend_R+1","Defend_R+1","Bash+1","Sword Boomerang","Anger","Disarm+1","Battle Trance","Twin Strike","Ghostly Armor","Anger","Rage+1","Immolate","Battle Trance+1","Uppercut+1","Whirlwind","Doubt","Shrug It Off","Warcry+1","Demon Form+1","Flame Barrier","Rage","Burning Pact+1","Writhe","Armaments","Shrug It Off","Ghostly Armor+1","Panacea","Master of Strategy","Dark Shackles"],"special_seed":0,"relics":["Burning Blood","Blood Vial","War Paint","Paper Frog","Oddly Smooth Stone","Bottled Lightning","Girya","Cursed Key","Anchor","Dodecahedron","Incense Burner","Mark of Pain","Bottled Tornado","MawBank","Shovel","PreservedInsect","Turnip"],"potions_floor_usage":[11,11,19,33,40,42,50],"damage_taken":[{"damage":9.0,"enemies":"Jaw Worm","floor":1.0,"turns":4.0},{"damage":9.0,"enemies":"Small Slimes","floor":3.0,"turns":4.0},{"damage":9.0,"enemies":"2 Louse","floor":4.0,"turns":3.0},{"damage":35,"enemies":"3 Sentries","floor":6,"turns":9},{"damage":16,"enemies":"Gremlin Nob","floor":8,"turns":3},{"damage":8,"enemies":"3 Sentries","floor":11,"turns":8},{"damage":8,"enemies":"Exordium Wildlife","floor":13,"turns":5},{"damage":1,"enemies":"Lots of Slimes","floor":14,"turns":4},{"damage":26,"enemies":"The Guardian","floor":16,"turns":13},{"damage":18,"enemies":"Spheric Guardian","floor":18,"turns":4},{"damage":3,"enemies":"Shell Parasite","floor":19,"turns":4},{"damage":18,"enemies":"Sentry and Sphere","floor":22,"turns":4},{"damage":10,"enemies":"Book of Stabbing","floor":23,"turns":5},{"damage":0,"enemies":"Centurion and Healer","floor":24,"turns":6},{"damage":0,"enemies":"Snake Plant","floor":30,"turns":2},{"damage":0,"enemies":"Cultist and Chosen","floor":31,"turns":3},{"damage":43,"enemies":"Automaton","floor":33,"turns":7},{"damage":0,"enemies":"Orb Walker","floor":35,"turns":2},{"damage":9,"enemies":"3 Darklings","floor":38,"turns":4},{"damage":14,"enemies":"Jaw Worm Horde","floor":39,"turns":3},{"damage":37,"enemies":"Nemesis","floor":40,"turns":5},{"damage":18,"enemies":"Reptomancer","floor":42,"turns":5},{"damage":16,"enemies":"Maw","floor":44,"turns":6},{"damage":5,"enemies":"4 Shapes","floor":46,"turns":2},{"damage":0,"enemies":"Mind Bloom Boss Battle","floor":47,"turns":5},{"damage":28,"enemies":"Donu and Deca","floor":50,"turns":8}],"seed_played":"-2843517350880549545","potions_obtained":[{"floor":6,"key":"SneckoOil"},{"floor":8,"key":"SteroidPotion"},{"floor":16,"key":"BloodPotion"},{"floor":19,"key":"BloodPotion"},{"floor":23,"key":"PowerPotion"},{"floor":24,"key":"BloodPotion"},{"floor":33,"key":"Swift Potion"},{"floor":42,"key":"SpeedPotion"},{"floor":44,"key":"Strength Potion"},{"floor":47,"key":"Regen Potion"}],"is_trial":false,"path_per_floor":["M","?","M","M","$","E","?","E","T","T","E","?","M","M","R","B",null,"M","M","?","?","M","E","M","R","T","R","?","R","M","M","R","B",null,"M","?","$","M","M","E","R","E","T","M","R","M","?","?","R","B",null],"character_chosen":"IRONCLAD","items_purchased":["Battle Trance","Bottled Tornado","Rage"],"campfire_rested":3,"item_purchase_floors":[5,37,37],"current_hp_per_floor":[71,64,63,62,62,35,19,11,11,11,11,11,11,18,42,24,66,56,69,69,69,59,57,65,65,65,65,65,65,73,80,80,43,71,79,79,79,77,71,49,49,39,39,31,55,58,66,56,80,58],"gold":478,"neow_bonus":"RANDOM_COMMON_RELIC","is_prod":false,"is_daily":false,"chose_seed":false,"campfire_upgraded":2,"win_rate":0,"timestamp":1559078018,"path_taken":["M","?","M","M","$","E","?","E","T","?","E","?","M","M","R","BOSS","M","M","?","?","M","E","M","R","T","R","?","R","M","?","R","BOSS","M","?","$","M","?","E","R","E","T","M","R","M","?","?","R","BOSS"],"build_version":"2019-01-23","purchased_purges":1,"victory":true,"max_hp_per_floor":[80,80,80,80,80,80,80,80,80,80,80,80,80,80,80,80,80,80,80,80,80,80,80,80,80,80,80,80,80,80,80,80,80,80,80,80,80,80,80,80,80,80,80,80,80,80,80,80,80,80],"card_choices":[{"not_picked":["True Grit","Dropkick"],"picked":"Sword Boomerang","floor":1.0},{"not_picked":["Heavy Blade","Thunderclap"],"picked":"Anger","floor":3.0},{"not_picked":["Anger","Twin Strike"],"picked":"Disarm","floor":4.0},{"not_picked":["Perfected Strike","Clothesline"],"picked":"Twin Strike","floor":6},{"not_picked":["Perfected Strike","Power Through"],"picked":"Ghostly Armor","floor":8},{"not_picked":["Body Slam","Berserk"],"picked":"Anger","floor":11},{"not_picked":["Rupture","Anger","Clothesline"],"picked":"SKIP","floor":13},{"not_picked":["Rage","Power Through","Havoc"],"picked":"SKIP","floor":14},{"not_picked":["Power Through","Havoc"],"picked":"Rage","floor":14},{"not_picked":["Offering","Impervious"],"picked":"Immolate","floor":16},{"not_picked":["Clothesline+1","Cleave"],"picked":"Battle Trance+1","floor":18},{"not_picked":["Warcry","Headbutt","Pommel Strike"],"picked":"SKIP","floor":19},{"not_picked":["Anger","Clothesline"],"picked":"Uppercut+1","floor":22},{"not_picked":["Burning Pact+1","Body Slam"],"picked":"Whirlwind","floor":23},{"not_picked":["Perfected Strike","Infernal Blade","Body Slam"],"picked":"SKIP","floor":24},{"not_picked":["Berserk","Entrench"],"picked":"Shrug It Off","floor":30},{"not_picked":["Clothesline+1","Headbutt+1"],"picked":"Warcry+1","floor":31},{"not_picked":["Bludgeon","Dark Embrace"],"picked":"Demon Form","floor":33},{"not_picked":["Clash","Iron Wave+1"],"picked":"Flame Barrier","floor":35},{"not_picked":["Entrench","Infernal Blade+1","Twin Strike"],"picked":"SKIP","floor":38},{"not_picked":["Havoc","Fire Breathing+1","Entrench"],"picked":"SKIP","floor":39},{"not_picked":["Clothesline+1","Dropkick+1","Iron Wave+1"],"picked":"SKIP","floor":40},{"not_picked":["Corruption","Body Slam"],"picked":"Burning Pact+1","floor":42},{"not_picked":["Sentinel","Wild Strike+1"],"picked":"Armaments","floor":44},{"not_picked":["Infernal Blade","Iron Wave+1"],"picked":"Shrug It Off","floor":46},{"not_picked":["Sentinel","Perfected Strike+1"],"picked":"Ghostly Armor+1","floor":47},{"not_picked":["Bandage Up","Forethought"],"picked":"Panacea","floor":48},{"not_picked":["Madness","Sadistic Nature"],"picked":"Master of Strategy","floor":48},{"not_picked":["Deep Breath","Flash of Steel"],"picked":"Dark Shackles","floor":48}],"player_experience":60981,"relics_obtained":[{"floor":6,"key":"War Paint"},{"floor":8,"key":"Paper Frog"},{"floor":9,"key":"Oddly Smooth Stone"},{"floor":10,"key":"Bottled Lightning"},{"floor":11,"key":"Girya"},{"floor":23,"key":"Anchor"},{"floor":26,"key":"Dodecahedron"},{"floor":40,"key":"MawBank"},{"floor":42,"key":"Shovel"},{"floor":43,"key":"PreservedInsect"},{"floor":47,"key":"Turnip"}],"event_choices":[{"cards_removed":["Strike_R"],"damage_healed":0.0,"max_hp_gain":0.0,"max_hp_loss":0.0,"gold_gain":0.0,"event_name":"Golden Wing","player_choice":"Card Removal","floor":2.0,"gold_loss":0.0,"damage_taken":7.0},{"damage_healed":0,"gold_gain":0,"player_choice":"Entered Light","damage_taken":16,"max_hp_gain":0,"max_hp_loss":0,"event_name":"Shining Light","floor":7,"gold_loss":0,"cards_upgraded":["Defend_R","Bash"]},{"damage_healed":0,"gold_gain":0,"player_choice":"Left Gold","damage_taken":0,"max_hp_gain":0,"max_hp_loss":0,"event_name":"World of Goop","floor":12,"gold_loss":36},{"damage_healed":0,"gold_gain":0,"player_choice":"Ignored","damage_taken":0,"max_hp_gain":0,"max_hp_loss":0,"event_name":"Ghosts","floor":20,"gold_loss":0},{"cards_removed":["Strike_R"],"damage_healed":0,"gold_gain":0,"player_choice":"Gave Gold","damage_taken":0,"max_hp_gain":0,"max_hp_loss":0,"event_name":"Beggar","floor":21,"gold_loss":75},{"damage_healed":0,"gold_gain":0,"player_choice":"Opened","damage_taken":0,"relics_obtained":["Incense Burner"],"max_hp_gain":0,"max_hp_loss":0,"event_name":"The Mausoleum","floor":28,"gold_loss":0},{"damage_healed":0,"gold_gain":0,"player_choice":"Got Potions","damage_taken":0,"max_hp_gain":0,"max_hp_loss":0,"event_name":"Lab","floor":36,"gold_loss":0},{"damage_healed":0,"gold_gain":0,"player_choice":"Fight","damage_taken":0,"max_hp_gain":0,"max_hp_loss":0,"event_name":"MindBloom","floor":47,"gold_loss":0},{"damage_healed":0,"gold_gain":0,"player_choice":"Memory 3","damage_taken":10,"max_hp_gain":0,"max_hp_loss":0,"event_name":"SensoryStone","floor":48,"gold_loss":0}],"is_beta":false,"boss_relics":[{"not_picked":["Calling Bell","Velvet Choker"],"picked":"Cursed Key"},{"not_picked":["Runic Dome","Empty Cage"],"picked":"Mark of Pain"}],"items_purged_floors":[37],"is_endless":false,"potions_floor_spawned":[6,8,16,19,23,24,33,39,42,44,47],"ascension_level":6}