{"gold_per_floor":[114,114,114,126,126,157,173,173,173,247,247,100,139,139,139,270,270,288,288,304,322,69,102,227,227,251,272,272,288,326,347,347,472,472,490,568,68,89,89,128,152,175,201,53,66,85,85,119,119,119],"floor_reached":51,"playtime":2417,"items_purged":["Strike_G","Strike_G","Strike_G+1"],"score":1074,"play_id":"7776694c-65fd-40ed-8e77-388bd4cef41c","local_time":"20190526140223","is_ascension_mode":true,"campfire_choices":[{"floor":11,"key":"REST"},{"data":"Neutralize","floor":15,"key":"SMITH"},{"floor":32,"key":"REST"},{"data":"Footwork","floor":47,"key":"SMITH"},{"data":"Catalyst","floor":49,"key":"SMITH"}],"neow_cost":"NONE","seed_source_timestamp":57723695435300,"circlet_count":0,"master_deck":["Defend_G+1","Defend_G+1","Defend_G+1","Defend_G+1","Defend_G+1","Strike_G+1","Survivor","Neutralize+1","Quick Slash","Bouncing Flask","Malaise+1","Bouncing Flask","Dash","Backstab","Poisoned Stab","Glass Knife","Footwork+1","Leg Sweep","Dash","Backflip+1","Cloak And Dagger+1","Catalyst+1","Storm of Steel","Noxious Fumes","Envenom","PiercingWail+1","Dash","Cloak And Dagger+1","Deadly Poison+1","Apotheosis","Dodge and Roll+1","Leg Sweep+1","Dodge and Roll+1"],"relics":["Ring of the Snake","NeowsBlessing","Bronze Scales","Pantograph","Golden Idol","Ornamental Fan","Tiny Chest","Bottled Flame","Snecko Eye","Art of War","Ancient Tea Set","Mango","The Courier","Centennial Puzzle","Bottled Lightning","Philosopher\u0027s Stone","Pear","Tingsha","Vajra","Oddly Smooth Stone","Paper Crane","Lantern"],"potions_floor_usage":[24,24,30,33,40,42,50,50,50],"damage_taken":[{"damage":0,"enemies":"Jaw Worm","floor":1,"turns":1},{"damage":0,"enemies":"2 Louse","floor":4,"turns":1},{"damage":0,"enemies":"Lagavulin","floor":6,"turns":2},{"damage":0,"enemies":"Small Slimes","floor":7,"turns":2},{"damage":28,"enemies":"3 Sentries","floor":10,"turns":11},{"damage":1,"enemies":"Gremlin Nob","floor":13,"turns":4},{"damage":1,"enemies":"Hexaghost","floor":16,"turns":9},{"damage":0,"enemies":"Shell Parasite","floor":18,"turns":2},{"damage":0,"enemies":"Chosen","floor":20,"turns":3},{"damage":0,"enemies":"Snake Plant","floor":21,"turns":2},{"damage":14,"enemies":"Book of Stabbing","floor":23,"turns":5},{"damage":1,"enemies":"Colosseum Slavers","floor":24,"turns":4},{"damage":17,"enemies":"Colosseum Nobs","floor":24,"turns":5},{"damage":0,"enemies":"Cultist and Chosen","floor":27,"turns":6},{"damage":4,"enemies":"3 Cultists","floor":29,"turns":5},{"damage":0,"enemies":"Gremlin Leader","floor":30,"turns":6},{"damage":0,"enemies":"Shelled Parasite and Fungi","floor":31,"turns":5},{"damage":2,"enemies":"Automaton","floor":33,"turns":10},{"damage":16,"enemies":"3 Shapes","floor":35,"turns":5},{"damage":3,"enemies":"Orb Walker","floor":38,"turns":3},{"damage":9,"enemies":"Giant Head","floor":40,"turns":7},{"damage":0,"enemies":"Spire Growth","floor":41,"turns":3},{"damage":0,"enemies":"Writhing Mass","floor":42,"turns":5},{"damage":2,"enemies":"Sphere and 2 Shapes","floor":45,"turns":4},{"damage":1,"enemies":"Transient","floor":46,"turns":5},{"damage":0,"enemies":"Reptomancer","floor":48,"turns":6},{"damage":0,"enemies":"Awakened One","floor":50,"turns":15}],"seed_played":"-634413972367727519","potions_obtained":[{"floor":4,"key":"GamblersBrew"},{"floor":10,"key":"Block Potion"},{"floor":16,"key":"SteroidPotion"},{"floor":20,"key":"GamblersBrew"},{"floor":23,"key":"Poison Potion"},{"floor":24,"key":"Fire Potion"},{"floor":30,"key":"Weak Potion"},{"floor":33,"key":"EssenceOfSteel"},{"floor":38,"key":"SkillPotion"},{"floor":41,"key":"SkillPotion"},{"floor":46,"key":"Block Potion"}],"is_trial":false,"path_per_floor":["M","?","?","M","?","E","M","?","T","E","R","$","E","?","R","B",null,"M","?","M","M","$","E","?","?","T","M","?","M","E","M","R","B",null,"M","T","$","M","T","E","M","M","T","$","M","M","R","E","R","B",null],"character_chosen":"THE_SILENT","items_purchased":["Backstab","Art of War","Dash","Tingsha","Vajra","Apotheosis"],"campfire_rested":2,"item_purchase_floors":[12,22,37,37,37,44],"current_hp_per_floor":[70,56,61,61,61,61,61,43,43,15,37,37,36,36,36,60,75,75,61,61,61,61,47,43,43,43,43,43,39,39,39,67,90,94,78,88,88,85,85,76,76,76,76,76,74,73,73,73,73,98],"gold":119,"neow_bonus":"THREE_ENEMY_KILL","is_prod":false,"is_daily":false,"chose_seed":false,"campfire_upgraded":3,"win_rate":0,"timestamp":1558872143,"path_taken":["M","?","?","M","?","E","?","?","T","E","R","?","E","?","R","BOSS","M","?","M","M","$","E","?","?","T","M","?","?","E","M","R","BOSS","M","?","$","M","?","E","?","M","T","$","M","?","R","E","R","BOSS"],"build_version":"2019-01-23","purchased_purges":3,"victory":true,"max_hp_per_floor":[70,70,75,75,75,75,75,75,75,75,75,75,75,75,75,75,75,75,80,80,80,80,80,94,94,94,94,94,94,94,94,94,94,94,94,104,104,104,104,104,104,104,104,104,104,104,104,104,104,104],"card_choices":[{"not_picked":["Blade Dance","Deflect"],"picked":"Quick Slash","floor":1},{"not_picked":["Endless Agony","Quick Slash"],"picked":"Bouncing Flask","floor":4},{"not_picked":["Deflect","Dagger Throw"],"picked":"Malaise","floor":6},{"not_picked":["Reflex","Sucker Punch"],"picked":"Bouncing Flask","floor":7},{"not_picked":["Cloak And Dagger","Distraction"],"picked":"Dash","floor":10},{"not_picked":["Sucker Punch","Blur"],"picked":"Poisoned Stab","floor":13},{"not_picked":["Phantasmal Killer","Doppelganger"],"picked":"Glass Knife","floor":16},{"not_picked":["Dodge and Roll","Flying Knee"],"picked":"Footwork","floor":18},{"not_picked":["Expertise","Calculated Gamble"],"picked":"Leg Sweep","floor":20},{"not_picked":["Dagger Spray","Sucker Punch+1"],"picked":"Dash","floor":21},{"not_picked":["Prepared","Finisher"],"picked":"Backflip+1","floor":23},{"not_picked":["Underhanded Strike","Backstab"],"picked":"Cloak And Dagger+1","floor":24},{"not_picked":["Deadly Poison","Flying Knee+1"],"picked":"Catalyst","floor":27},{"not_picked":["Noxious Fumes","PiercingWail"],"picked":"Storm of Steel","floor":29},{"not_picked":["Prepared","Acrobatics"],"picked":"Noxious Fumes","floor":30},{"not_picked":["Distraction","Flechettes","Cloak And Dagger"],"picked":"SKIP","floor":31},{"not_picked":["Adrenaline","Venomology"],"picked":"Envenom","floor":33},{"not_picked":["Flying Knee+1","Underhanded Strike+1"],"picked":"PiercingWail+1","floor":35},{"not_picked":["Flying Knee","Outmaneuver+1","Heel Hook+1"],"picked":"SKIP","floor":38},{"not_picked":["Dagger Spray","Sucker Punch"],"picked":"Cloak And Dagger+1","floor":40},{"not_picked":["Bane","Accuracy","Cloak And Dagger"],"picked":"SKIP","floor":41},{"not_picked":["Phantasmal Killer","Acrobatics"],"picked":"Deadly Poison+1","floor":42},{"not_picked":["Bane","Dagger Spray+1"],"picked":"Dodge and Roll+1","floor":45},{"not_picked":["Dagger Throw","Cloak And Dagger+1"],"picked":"Leg Sweep+1","floor":46},{"not_picked":["Flechettes+1","Underhanded Strike"],"picked":"Dodge and Roll+1","floor":48}],"player_experience":21358,"relics_obtained":[{"floor":6,"key":"Pantograph"},{"floor":9,"key":"Ornamental Fan"},{"floor":10,"key":"Tiny Chest"},{"floor":13,"key":"Bottled Flame"},{"floor":23,"key":"Ancient Tea Set"},{"floor":24,"key":"Mango"},{"floor":24,"key":"The Courier"},{"floor":26,"key":"Centennial Puzzle"},{"floor":30,"key":"Bottled Lightning"},{"floor":36,"key":"Pear"},{"floor":39,"key":"Oddly Smooth Stone"},{"floor":40,"key":"Paper Crane"},{"floor":48,"key":"Lantern"}],"event_choices":[{"damage_healed":0,"gold_gain":0,"player_choice":"Entered Light","damage_taken":14,"max_hp_gain":0,"max_hp_loss":0,"event_name":"Shining Light","floor":2,"gold_loss":0,"cards_upgraded":["Defend_G","Strike_G"]},{"damage_healed":0,"gold_gain":0,"player_choice":"Donut","damage_taken":0,"max_hp_gain":5,"max_hp_loss":0,"event_name":"Big Fish","floor":3,"gold_loss":0},{"damage_healed":0,"gold_gain":0,"player_choice":"Gave Potion","damage_taken":0,"relics_obtained":["Bronze Scales"],"max_hp_gain":0,"max_hp_loss":0,"event_name":"WeMeetAgain","floor":5,"gold_loss":0},{"damage_healed":0,"gold_gain":0,"player_choice":"Take Damage","damage_taken":18,"relics_obtained":["Golden Idol"],"max_hp_gain":0,"max_hp_loss":0,"event_name":"Golden Idol","floor":8,"gold_loss":0},{"damage_healed":0,"gold_gain":0,"player_choice":"Grow","damage_taken":0,"max_hp_gain":0,"max_hp_loss":0,"event_name":"Living Wall","floor":14,"gold_loss":0,"cards_upgraded":["Malaise"]},{"damage_healed":0,"gold_gain":0,"player_choice":"Shed Blood","damage_taken":19,"max_hp_gain":5,"max_hp_loss":0,"event_name":"Forgotten Altar","floor":19,"gold_loss":0},{"damage_healed":0,"gold_gain":0,"player_choice":"Fight","damage_taken":0,"max_hp_gain":0,"max_hp_loss":0,"event_name":"Colosseum","floor":24,"gold_loss":0},{"damage_healed":0,"gold_gain":0,"player_choice":"Fought Nobs","damage_taken":0,"max_hp_gain":0,"max_hp_loss":0,"event_name":"Colosseum","floor":24,"gold_loss":0},{"damage_healed":0,"gold_gain":0,"player_choice":"Simplicity","damage_taken":0,"max_hp_gain":0,"max_hp_loss":0,"event_name":"Back to Basics","floor":25,"gold_loss":0,"cards_upgraded":["Defend_G","Defend_G","Defend_G","Defend_G","Strike_G","Strike_G"]},{"cards_removed":["Strike_G"],"damage_healed":0,"gold_gain":0,"player_choice":"Purged","damage_taken":0,"max_hp_gain":0,"max_hp_loss":0,"event_name":"Purifier","floor":28,"gold_loss":0}],"is_beta":false,"boss_relics":[{"not_picked":["Astrolabe","Runic Dome"],"picked":"Snecko Eye"},{"not_picked":["Tiny House","Pandora\u0027s Box"],"picked":"Philosopher\u0027s Stone"}],"items_purged_floors":[12,22,37],"is_endless":false,"potions_floor_spawned":[4,10,16,20,23,24,30,33,38,41,46],"ascension_level":2}