{"gold_per_floor":[112,112,37,54,29,29,29,204,204,231,257,257,298,311,311,432,432,450,20,119,119,153,153,153,153,153,153,174,217,17,17,17,140,140,165,165,87,309,309,352,368,368,368,388,403,403,424,455,455,455],"floor_reached":50,"playtime":2936,"items_purged":["Strike_B","Strike_B"],"score":570,"play_id":"cd3625c0-6aba-4821-8abc-2e3941fc10db","local_time":"20190114001010","is_ascension_mode":false,"campfire_choices":[{"data":"Zap","floor":7.0,"key":"SMITH"},{"floor":15.0,"key":"REST"},{"data":"Defragment","floor":23,"key":"SMITH"},{"data":"White Noise","floor":25,"key":"SMITH"},{"data":"Sunder","floor":27,"key":"SMITH"},{"data":"Seek","floor":32,"key":"SMITH"},{"data":"White Noise","floor":42,"key":"SMITH"},{"data":"Deep Breath","floor":46,"key":"SMITH"},{"floor":49,"key":"REST"}],"neow_cost":"NONE","seed_source_timestamp":0,"circlet_count":0,"master_deck":["Strike_B+1","Defend_B+1","Defend_B+1","Defend_B+1","Zap+1","Dualcast+1","Skim","Coolheaded+1","Zap","Deep Breath+1","Undo","Cold Snap","Doubt","Auto Shields","Sunder+1","Compile Driver","Seek+1","Ball Lightning","Defragment+1","White Noise+1","Cold Snap+1","Recycle+1","Rainbow","Self Repair","Barrage","Hologram+1","White Noise+1","White Noise+1","Ball Lightning+1","Go for the Eyes"],"special_seed":0,"relics":["Cracked Core","NeowsBlessing","Gambling Chip","Odd Mushroom","Boot","Golden Idol","Pen Nib","Sozu","Gremlin Horn","Red Mask","War Paint","Dodecahedron","Lee\u0027s Waffle","Nilry\u0027s Codex","Nuclear Battery","Omamori","Meat on the Bone","Toxic Egg 2"],"potions_floor_usage":[22],"damage_taken":[{"damage":0.0,"enemies":"Jaw Worm","floor":1.0,"turns":1.0},{"damage":0.0,"enemies":"Cultist","floor":4.0,"turns":1.0},{"damage":0.0,"enemies":"The Mushroom Lair","floor":10.0,"turns":1.0},{"damage":17.0,"enemies":"Lagavulin","floor":11.0,"turns":7.0},{"damage":1.0,"enemies":"Gremlin Nob","floor":13.0,"turns":3.0},{"damage":0.0,"enemies":"2 Louse","floor":14.0,"turns":3.0},{"damage":53,"enemies":"Slime Boss","floor":16,"turns":16},{"damage":7,"enemies":"Shell Parasite","floor":18,"turns":5},{"damage":0,"enemies":"Masked Bandits","floor":22,"turns":3},{"damage":0,"enemies":"2 Thieves","floor":28,"turns":3},{"damage":17,"enemies":"Slavers","floor":29,"turns":4},{"damage":13,"enemies":"Collector","floor":33,"turns":8},{"damage":15,"enemies":"3 Shapes","floor":35,"turns":2},{"damage":19,"enemies":"Giant Head","floor":40,"turns":12},{"damage":0,"enemies":"Orb Walker","floor":41,"turns":4},{"damage":14,"enemies":"Sphere and 2 Shapes","floor":44,"turns":5},{"damage":0,"enemies":"Spire Growth","floor":45,"turns":6},{"damage":0,"enemies":"4 Shapes","floor":47,"turns":4},{"damage":23,"enemies":"Nemesis","floor":48,"turns":5},{"damage":88,"enemies":"Time Eater","floor":50,"turns":13}],"seed_played":"7834052359977603212","potions_obtained":[{"floor":1.0,"key":"SkillPotion"},{"floor":4.0,"key":"Fire Potion"},{"floor":16,"key":"AttackPotion"}],"is_trial":false,"path_per_floor":["M","?","$","M","$","?","R","?","T","?","E","?","E","M","R","B",null,"M","$","?","?","?","R","?","R","T","R","M","E","$","?","R","B",null,"M","?","$","?","?","E","M","R","T","M","M","R","M","E","R","B"],"character_chosen":"DEFECT","items_purchased":["Cold Snap","Defragment","Gremlin Horn","Lee\u0027s Waffle","Self Repair"],"campfire_rested":2,"item_purchase_floors":[5,19,19,30,37],"current_hp_per_floor":[75,75,75,75,75,68,68,68,68,68,51,33,32,32,54,1,75,68,68,68,68,68,68,68,68,68,68,68,51,82,66,66,53,82,67,67,67,67,67,55,62,62,62,62,69,69,69,53,77,0],"gold":455,"neow_bonus":"THREE_ENEMY_KILL","is_prod":false,"is_daily":false,"chose_seed":false,"campfire_upgraded":7,"win_rate":0,"timestamp":1547424610,"path_taken":["M","?","$","?","$","?","R","?","T","?","E","?","E","M","R","BOSS","M","$","?","?","?","R","?","R","T","R","M","E","?","?","R","BOSS","M","?","$","?","?","E","M","R","T","?","M","R","M","E","R","BOSS"],"build_version":"2019-01-10","purchased_purges":2,"victory":false,"max_hp_per_floor":[75,75,75,75,75,75,75,75,75,75,75,75,75,75,75,75,75,75,75,75,75,75,75,75,75,75,75,75,75,82,82,82,82,82,82,82,82,82,82,82,82,82,82,82,82,82,82,82,82,82],"card_choices":[{"not_picked":["Redo","Heatsinks"],"picked":"Skim","floor":1.0},{"not_picked":["Gash","Tempest"],"picked":"Undo","floor":4.0},{"not_picked":["Steam Power","Fusion"],"picked":"Auto Shields","floor":10.0},{"not_picked":["Rebound","Undo"],"picked":"Beam Cell","floor":11.0},{"not_picked":["Go for the Eyes","Hologram"],"picked":"Sunder","floor":13.0},{"not_picked":["Aggregate","Turbo"],"picked":"Compile Driver","floor":14.0},{"not_picked":["Fission","Meteor Strike"],"picked":"Seek","floor":16},{"not_picked":["Redo","Beam Cell"],"picked":"Ball Lightning","floor":18},{"not_picked":["Reinforced Body","Aggregate"],"picked":"Cold Snap+1","floor":28},{"not_picked":["Streamline+1","Cold Snap+1"],"picked":"Recycle+1","floor":29},{"not_picked":["Buffer","Machine Learning"],"picked":"Rainbow","floor":33},{"not_picked":["Beam Cell+1","Cold Snap+1","Scrape"],"picked":"SKIP","floor":35},{"not_picked":["Fusion","Sweeping Beam+1"],"picked":"Hologram+1","floor":40},{"not_picked":["Melter","Compile Driver"],"picked":"White Noise","floor":41},{"not_picked":["Conserve Battery+1","Force Field"],"picked":"White Noise+1","floor":44},{"not_picked":["Rebound","Leap"],"picked":"Ball Lightning+1","floor":45},{"not_picked":["Streamline+1","Genetic Algorithm+1"],"picked":"Go for the Eyes","floor":47},{"not_picked":["Reprogram+1","Coolheaded","Beam Cell+1"],"picked":"SKIP","floor":48}],"player_experience":693504,"relics_obtained":[{"floor":9.0,"key":"Gambling Chip"},{"floor":10.0,"key":"Odd Mushroom"},{"floor":11.0,"key":"Boot"},{"floor":13.0,"key":"Pen Nib"},{"floor":22,"key":"Red Mask"},{"floor":26,"key":"War Paint"},{"floor":29,"key":"Dodecahedron"},{"floor":31,"key":"Nilry\u0027s Codex"},{"floor":40,"key":"Omamori"},{"floor":43,"key":"Meat on the Bone"},{"floor":48,"key":"Toxic Egg 2"}],"event_choices":[{"damage_healed":0.0,"max_hp_gain":0.0,"max_hp_loss":0.0,"gold_gain":0.0,"event_name":"Match and Keep!","player_choice":"3 cards matched","floor":2.0,"gold_loss":0.0,"damage_taken":0.0,"cards_obtained":["Coolheaded","Zap","Deep Breath"]},{"cards_removed":["Defend_B"],"damage_healed":0.0,"max_hp_gain":0.0,"max_hp_loss":0.0,"gold_gain":0.0,"event_name":"Golden Wing","player_choice":"Card Removal","floor":6.0,"gold_loss":0.0,"damage_taken":7.0},{"damage_healed":0.0,"max_hp_gain":0.0,"max_hp_loss":0.0,"gold_gain":175.0,"event_name":"Liars Game","player_choice":"AGREE","floor":8.0,"gold_loss":0.0,"damage_taken":0.0,"cards_obtained":["Doubt"]},{"damage_healed":0.0,"max_hp_gain":0.0,"max_hp_loss":0.0,"gold_gain":0.0,"event_name":"Mushrooms","player_choice":"Fought Mushrooms","floor":10.0,"gold_loss":0.0,"damage_taken":0.0},{"damage_healed":0.0,"max_hp_gain":0.0,"max_hp_loss":0.0,"gold_gain":0.0,"event_name":"Golden Idol","player_choice":"Take Damage","floor":12.0,"gold_loss":0.0,"damage_taken":18.0,"relics_obtained":["Golden Idol"]},{"damage_healed":0,"gold_gain":99,"player_choice":"Stole From Cult","damage_taken":0,"max_hp_gain":0,"max_hp_loss":0,"event_name":"Nest","floor":20,"gold_loss":0},{"damage_healed":0,"gold_gain":0,"player_choice":"Simplicity","damage_taken":0,"max_hp_gain":0,"max_hp_loss":0,"event_name":"Back to Basics","floor":21,"gold_loss":0,"cards_upgraded":["Strike_B","Strike_B","Defend_B","Defend_B","Defend_B"]},{"damage_healed":0,"gold_gain":0,"player_choice":"Fought Bandits","damage_taken":0,"max_hp_gain":0,"max_hp_loss":0,"event_name":"Masked Bandits","floor":22,"gold_loss":0},{"damage_healed":0,"gold_gain":0,"player_choice":"Read","damage_taken":0,"max_hp_gain":0,"max_hp_loss":0,"event_name":"The Library","floor":24,"gold_loss":0,"cards_obtained":["White Noise"]},{"damage_healed":0,"gold_gain":0,"player_choice":"Obtained Book","damage_taken":16,"max_hp_gain":0,"max_hp_loss":0,"event_name":"Cursed Tome","floor":31,"gold_loss":0},{"cards_removed":["Beam Cell"],"damage_healed":0,"gold_gain":0,"player_choice":"Removed Attack","damage_taken":0,"max_hp_gain":0,"max_hp_loss":0,"event_name":"Falling","floor":36,"gold_loss":0},{"damage_healed":0,"gold_gain":222,"player_choice":"Wore Mask","damage_taken":0,"max_hp_gain":0,"max_hp_loss":0,"event_name":"Tomb of Lord Red Mask","floor":38,"gold_loss":0},{"damage_healed":0,"gold_gain":0,"cards_transformed":["Strike_B"],"player_choice":"Transformed","damage_taken":0,"max_hp_gain":0,"max_hp_loss":0,"event_name":"Transmorgrifier","floor":39,"gold_loss":0,"cards_obtained":["Barrage"]}],"is_beta":false,"boss_relics":[{"not_picked":["Snecko Eye","Ectoplasm"],"picked":"Sozu"},{"not_picked":["Fusion Hammer","White Beast Statue"],"picked":"Nuclear Battery"}],"items_purged_floors":[3,19],"is_endless":false,"potions_floor_spawned":[1,4,16,18,22,28,35,41,47],"killed_by":"Time Eater","ascension_level":0}