{"gold_per_floor":[146,164,239,239,42,42,73,73,73,99,118,144,169,169,169,268,268,282,282,131,150,75,105,122,156,179,179,279,279,306,32,32,127,127,146,146,0,20,20,350,126,152,175,205,205,234,234,23,23,23],"floor_reached":51,"playtime":2807,"items_purged":["Strike_G"],"score":1307,"play_id":"dc0dacdb-766e-46c4-8bdd-ffa10be451f4","local_time":"20190526210505","is_ascension_mode":true,"campfire_choices":[{"data":"Glass Knife","floor":6.0,"key":"SMITH"},{"data":"Neutralize","floor":8.0,"key":"SMITH"},{"data":"Deadly Poison","floor":15.0,"key":"SMITH"},{"data":"A Thousand Cuts","floor":27.0,"key":"SMITH"},{"data":"Survivor","floor":32.0,"key":"SMITH"},{"floor":45.0,"key":"REST"},{"floor":47,"key":"RECALL"},{"floor":49,"key":"REST"}],"neow_cost":"NONE","seed_source_timestamp":82651494490000,"circlet_count":0,"master_deck":["Defend_G","Defend_G","Defend_G+1","Defend_G+1","Defend_G","Neutralize+1","Deadly Poison+1","Glass Knife+1","Masterful Stab+1","PiercingWail+1","Cloak And Dagger+1","Dodge and Roll+1","Deadly Poison+1","PiercingWail+1","A Thousand Cuts+1","Caltrops+1","After Image+1","Prepared+1","Concentrate+1","Backflip+1","Acrobatics+1","PiercingWail+1","PiercingWail+1","Deadly Poison+1","Ghostly+1","Ghostly+1","Ghostly+1","Ghostly+1","Ghostly+1","Acrobatics+1","Well Laid Plans+1","Corpse Explosion+1","Dodge and Roll+1","Leg Sweep+1","Corpse Explosion+1","Ghostly+1","Acrobatics+1","Terror+1","Infinite Blades+1","Venomology+1","Mayhem+1","Acrobatics+1"],"special_seed":0,"relics":["Ring of the Snake","Tiny Chest","Toxic Egg 2","Nunchaku","Juzu Bracelet","Lantern","Odd Mushroom","Astrolabe","Strawberry","Question Card","Paper Crane","Happy Flower","Mango","Pear","PreservedInsect","Frozen Egg 2","Fusion Hammer","Red Mask","Old Coin","DollysMirror","Shuriken","Whetstone","Boot","War Paint"],"potions_floor_usage":[50],"damage_taken":[{"damage":0.0,"enemies":"Small Slimes","floor":1.0,"turns":4.0},{"damage":1.0,"enemies":"Cultist","floor":2.0,"turns":5.0},{"damage":7.0,"enemies":"3 Sentries","floor":7.0,"turns":9.0},{"damage":29.0,"enemies":"Lagavulin","floor":10.0,"turns":8.0},{"damage":0.0,"enemies":"2 Louse","floor":11.0,"turns":2.0},{"damage":0.0,"enemies":"Gremlin Nob","floor":12.0,"turns":3.0},{"damage":3.0,"enemies":"The Mushroom Lair","floor":13.0,"turns":3.0},{"damage":11.0,"enemies":"The Guardian","floor":16.0,"turns":9.0},{"damage":5.0,"enemies":"Chosen","floor":18.0,"turns":6.0},{"damage":15.0,"enemies":"Spheric Guardian","floor":21.0,"turns":5.0},{"damage":11.0,"enemies":"Book of Stabbing","floor":23.0,"turns":5.0},{"damage":0.0,"enemies":"Snake Plant","floor":24.0,"turns":3.0},{"damage":7.0,"enemies":"Slavers","floor":25.0,"turns":5.0},{"damage":0.0,"enemies":"Colosseum Slavers","floor":28.0,"turns":5.0},{"damage":6.0,"enemies":"Colosseum Nobs","floor":28.0,"turns":6.0},{"damage":0.0,"enemies":"Book of Stabbing","floor":30.0,"turns":7.0},{"damage":12.0,"enemies":"Champ","floor":33.0,"turns":12.0},{"damage":0.0,"enemies":"3 Shapes","floor":35.0,"turns":4.0},{"damage":0.0,"enemies":"3 Darklings","floor":38.0,"turns":5.0},{"damage":0.0,"enemies":"Giant Head","floor":40.0,"turns":9.0},{"damage":0.0,"enemies":"Reptomancer","floor":42.0,"turns":6.0},{"damage":0.0,"enemies":"Giant Head","floor":44.0,"turns":7.0},{"damage":0,"enemies":"Reptomancer","floor":46,"turns":5},{"damage":0,"enemies":"Donu and Deca","floor":50,"turns":7}],"seed_played":"-4606537852885274623","potions_obtained":[{"floor":7.0,"key":"EssenceOfSteel"},{"floor":13.0,"key":"Fire Potion"},{"floor":19.0,"key":"Fruit Juice"},{"floor":19.0,"key":"Fire Potion"},{"floor":24.0,"key":"Explosive Potion"},{"floor":28.0,"key":"Block Potion"},{"floor":30.0,"key":"Ancient Potion"},{"floor":40.0,"key":"Block Potion"},{"floor":42.0,"key":"GhostInAJar"},{"floor":44.0,"key":"GamblersBrew"}],"is_trial":false,"path_per_floor":["M","M","?","?","$","R","E","R","T","E","M","E","?","?","R","B",null,"M","?","$","M","?","E","M","E","T","R","?","?","E","$","R","B",null,"M","?","?","M","?","E","$","E","T","E","R","E","R","$","R","B",null],"character_chosen":"THE_SILENT","items_purchased":["GhostInAJar","AttackPotion","Strawberry","Frozen Egg 2","Well Laid Plans+1","DollysMirror","Acrobatics+1","Mayhem+1","Acrobatics+1"],"campfire_rested":2,"item_purchase_floors":[5,5,20,31,31,41,41,48,48],"current_hp_per_floor":[70,69,58,58,58,58,51,51,51,22,22,22,19,19,19,8,70,65,70,77,62,62,51,51,44,44,44,62,53,53,53,53,41,53,53,53,53,53,50,50,50,50,50,50,50,50,50,50,50,50],"gold":23,"neow_bonus":"RANDOM_COMMON_RELIC","is_prod":false,"is_daily":false,"chose_seed":false,"campfire_upgraded":5,"win_rate":0,"timestamp":1558897505,"path_taken":["M","M","?","?","$","R","E","R","T","E","M","E","?","?","R","BOSS","M","?","?","M","?","E","M","E","T","R","?","?","E","$","R","BOSS","M","?","?","M","?","E","?","E","T","E","R","E","R","$","R","BOSS"],"build_version":"2019-01-23","purchased_purges":1,"victory":true,"max_hp_per_floor":[70,70,70,70,70,70,70,70,70,70,70,70,70,70,70,70,70,70,75,82,82,82,82,82,82,82,82,106,53,53,53,53,53,53,53,53,53,53,50,50,50,50,50,50,50,50,50,50,50,50],"card_choices":[{"not_picked":["Slice","Eviscerate"],"picked":"Dagger Throw","floor":1.0},{"not_picked":["PiercingWail","Accuracy"],"picked":"Deadly Poison","floor":2.0},{"not_picked":["Dodge and Roll","Backstab"],"picked":"Masterful Stab","floor":7.0},{"not_picked":["Calculated Gamble+1","Underhanded Strike"],"picked":"PiercingWail+1","floor":10.0},{"not_picked":["Dash","PiercingWail+1"],"picked":"Cloak And Dagger+1","floor":11.0},{"not_picked":["Outmaneuver+1","Predator"],"picked":"Dodge and Roll+1","floor":12.0},{"not_picked":["Quick Slash","Dagger Throw"],"picked":"Deadly Poison+1","floor":13.0},{"not_picked":["Glass Knife","Bullet Time+1"],"picked":"A Thousand Cuts","floor":16.0},{"not_picked":["Sucker Punch+1","Poisoned Stab"],"picked":"Concentrate+1","floor":18.0},{"not_picked":["Dagger Throw+1","Noxious Fumes"],"picked":"Backflip+1","floor":21.0},{"not_picked":["Underhanded Strike","Storm of Steel+1"],"picked":"Acrobatics+1","floor":23.0},{"not_picked":["Infinite Blades","Dash","Quick Slash+1"],"picked":"PiercingWail+1","floor":24.0},{"not_picked":["Blade Dance+1","Heel Hook","Expertise+1"],"picked":"PiercingWail+1","floor":25.0},{"not_picked":["Underhanded Strike","PiercingWail+1","Riddle With Holes"],"picked":"Deadly Poison+1","floor":28.0},{"not_picked":["All Out Attack+1","Bullet Time+1","Quick Slash"],"picked":"Acrobatics+1","floor":30.0},{"not_picked":["Venomology+1","A Thousand Cuts+1","Storm of Steel+1"],"picked":"Corpse Explosion+1","floor":33.0},{"not_picked":["Cloak And Dagger+1","Bane+1","Sucker Punch+1"],"picked":"Dodge and Roll+1","floor":35.0},{"not_picked":["Finisher+1","Poisoned Stab","Backflip+1"],"picked":"Leg Sweep+1","floor":38.0},{"not_picked":["Concentrate+1","Flying Knee","Poisoned Stab"],"picked":"Corpse Explosion+1","floor":40.0},{"not_picked":["Bane+1","Riddle With Holes","Underhanded Strike+1"],"picked":"Terror+1","floor":42.0},{"not_picked":["Terror+1","Dagger Spray","Choke"],"picked":"Infinite Blades+1","floor":44.0},{"not_picked":["Quick Slash+1","Bane","Storm of Steel+1"],"picked":"Venomology+1","floor":46}],"player_experience":30077,"relics_obtained":[{"floor":7.0,"key":"Toxic Egg 2"},{"floor":9.0,"key":"Nunchaku"},{"floor":10.0,"key":"Juzu Bracelet"},{"floor":12.0,"key":"Lantern"},{"floor":13.0,"key":"Odd Mushroom"},{"floor":23.0,"key":"Question Card"},{"floor":25.0,"key":"Paper Crane"},{"floor":26.0,"key":"Happy Flower"},{"floor":28.0,"key":"Mango"},{"floor":28.0,"key":"Pear"},{"floor":30.0,"key":"PreservedInsect"},{"floor":40.0,"key":"Old Coin"},{"floor":42.0,"key":"Shuriken"},{"floor":43.0,"key":"Whetstone"},{"floor":44.0,"key":"Boot"},{"floor":46,"key":"War Paint"}],"event_choices":[{"damage_healed":0.0,"max_hp_gain":0.0,"max_hp_loss":0.0,"gold_gain":75.0,"event_name":"World of Goop","player_choice":"Gather Gold","floor":3.0,"gold_loss":0.0,"damage_taken":11.0},{"damage_healed":0.0,"max_hp_gain":0.0,"max_hp_loss":0.0,"gold_gain":0.0,"event_name":"Match and Keep!","player_choice":"1 cards matched","floor":4.0,"gold_loss":0.0,"damage_taken":0.0,"cards_obtained":["Glass Knife"]},{"damage_healed":0.0,"max_hp_gain":0.0,"max_hp_loss":0.0,"gold_gain":0.0,"event_name":"Mushrooms","player_choice":"Fought Mushrooms","floor":13.0,"gold_loss":0.0,"damage_taken":0.0},{"damage_healed":0.0,"max_hp_gain":0.0,"max_hp_loss":0.0,"gold_gain":0.0,"cards_transformed":["Strike_G"],"event_name":"Transmorgrifier","player_choice":"Transformed","floor":14.0,"gold_loss":0.0,"damage_taken":0.0,"cards_obtained":["PiercingWail"]},{"damage_healed":0.0,"max_hp_gain":0.0,"max_hp_loss":0.0,"gold_gain":0.0,"event_name":"Lab","player_choice":"Got Potions","floor":19.0,"gold_loss":0.0,"damage_taken":0.0},{"cards_removed":["Dagger Throw"],"damage_healed":0.0,"max_hp_gain":0.0,"max_hp_loss":0.0,"gold_gain":0.0,"event_name":"Beggar","player_choice":"Gave Gold","floor":22.0,"gold_loss":75.0,"damage_taken":0.0},{"damage_healed":0.0,"max_hp_gain":0.0,"max_hp_loss":0.0,"gold_gain":0.0,"event_name":"Colosseum","player_choice":"Fight","floor":28.0,"gold_loss":0.0,"damage_taken":0.0},{"damage_healed":0.0,"max_hp_gain":0.0,"max_hp_loss":0.0,"gold_gain":0.0,"event_name":"Colosseum","player_choice":"Fought Nobs","floor":28.0,"gold_loss":0.0,"damage_taken":0.0},{"damage_healed":0.0,"max_hp_gain":0.0,"max_hp_loss":53.0,"gold_gain":0.0,"event_name":"Ghosts","player_choice":"Became a Ghost","floor":29.0,"gold_loss":0.0,"damage_taken":0.0,"cards_obtained":["Ghostly","Ghostly","Ghostly","Ghostly","Ghostly"]},{"cards_removed":["Survivor"],"damage_healed":0.0,"max_hp_gain":0.0,"max_hp_loss":0.0,"gold_gain":0.0,"event_name":"Falling","player_choice":"Removed Skill","floor":36.0,"gold_loss":0.0,"damage_taken":0.0},{"damage_healed":0.0,"max_hp_gain":0.0,"max_hp_loss":0.0,"gold_gain":0.0,"event_name":"Tomb of Lord Red Mask","player_choice":"Paid","floor":37.0,"gold_loss":146.0,"damage_taken":0.0,"relics_obtained":["Red Mask"]},{"damage_healed":0.0,"max_hp_gain":0.0,"max_hp_loss":3.0,"gold_gain":0.0,"event_name":"Winding Halls","player_choice":"Max HP","floor":39.0,"gold_loss":0.0,"damage_taken":0.0}],"is_beta":false,"boss_relics":[{"not_picked":["Empty Cage","Lizard Tail"],"picked":"Astrolabe"},{"not_picked":["Tiny House","Snecko Eye"],"picked":"Fusion Hammer"}],"items_purged_floors":[5],"is_endless":false,"potions_floor_spawned":[7,11,13,24,28,30,40,42,44],"ascension_level":3}