{"gold_per_floor":[114,126,126,145,33,65,65,85,85,85,85,103,119,84,84,189,189,203,218,49,63,63],"floor_reached":22,"playtime":1443,"items_purged":["Defend_R","Strike_R"],"score":188,"play_id":"45975783-489b-421d-b356-26272d528c4b","local_time":"20190529042520","is_ascension_mode":false,"campfire_choices":[{"data":"Fire Breathing","floor":7,"key":"SMITH"},{"data":"Second Wind","floor":10,"key":"SMITH"},{"data":"Metallicize","floor":15,"key":"SMITH"}],"neow_cost":"NONE","seed_source_timestamp":8120048060873000,"circlet_count":0,"master_deck":["Strike_R","Strike_R","Strike_R","Defend_R","Defend_R","Defend_R","Bash","Dramatic Entrance","Clash","Thunderclap","Fire Breathing+1","Rampage","Second Wind+1","Flame Barrier","Thunderclap","Metallicize+1","Blood for Blood","Reaper","Cleave","Iron Wave+1","Dropkick"],"relics":["Burning Blood","Boot","Question Card","Pen Nib","Black Star"],"potions_floor_usage":[16],"damage_taken":[{"damage":0,"enemies":"2 Louse","floor":1,"turns":3},{"damage":1,"enemies":"Cultist","floor":2,"turns":3},{"damage":0,"enemies":"Small Slimes","floor":4,"turns":1},{"damage":16,"enemies":"3 Sentries","floor":6,"turns":6},{"damage":14,"enemies":"Gremlin Gang","floor":8,"turns":2},{"damage":0,"enemies":"Looter","floor":12,"turns":3},{"damage":0,"enemies":"Lots of Slimes","floor":13,"turns":2},{"damage":51,"enemies":"Slime Boss","floor":16,"turns":9},{"damage":20,"enemies":"Shell Parasite","floor":18,"turns":6},{"damage":32,"enemies":"2 Thieves","floor":19,"turns":4},{"damage":26,"enemies":"Sentry and Sphere","floor":21,"turns":5},{"damage":35,"enemies":"3 Cultists","floor":22,"turns":5}],"seed_played":"8847865767184168970","potions_obtained":[{"floor":8,"key":"LiquidBronze"},{"floor":12,"key":"Ancient Potion"},{"floor":13,"key":"Energy Potion"},{"floor":18,"key":"Ancient Potion"},{"floor":21,"key":"EssenceOfSteel"}],"is_trial":false,"path_per_floor":["M","M","?","M","$","E","R","M","T","R","?","M","M","$","R","B",null,"M","M","$","M","M"],"character_chosen":"IRONCLAD","items_purchased":["Fire Breathing","Blood for Blood","Dropkick"],"campfire_rested":0,"item_purchase_floors":[5,14,20],"current_hp_per_floor":[80,80,80,80,80,70,70,62,62,62,62,68,74,74,74,29,80,66,40,40,20,0],"gold":63,"neow_bonus":"RANDOM_COLORLESS","is_prod":false,"is_daily":false,"chose_seed":false,"campfire_upgraded":3,"win_rate":0.0,"timestamp":1559118320,"path_taken":["M","M","?","M","?","E","R","M","T","R","?","M","M","$","R","BOSS","M","?","$","M","M"],"build_version":"2019-01-23","purchased_purges":2,"victory":false,"max_hp_per_floor":[80,80,80,80,80,80,80,80,80,80,80,80,80,80,80,80,80,80,80,80,80,80],"card_choices":[{"not_picked":["Warcry","Rampage","Burning Pact"],"picked":"SKIP","floor":1},{"not_picked":["Pummel","Iron Wave"],"picked":"Clash","floor":2},{"not_picked":["Bludgeon","Battle Trance"],"picked":"Thunderclap","floor":4},{"not_picked":["Anger","Barricade"],"picked":"Rampage","floor":6},{"not_picked":["Perfected Strike","Iron Wave","Flex"],"picked":"Second Wind","floor":8},{"not_picked":["Warcry","Intimidate","Shockwave"],"picked":"Thunderclap","floor":12},{"not_picked":["Anger","Fire Breathing","Berserk"],"picked":"Metallicize","floor":13},{"not_picked":["Impervious","Bludgeon","Limit Break"],"picked":"Reaper","floor":16},{"not_picked":["Sword Boomerang","Shockwave","Ghostly Armor"],"picked":"Cleave","floor":18},{"not_picked":["Warcry+1","Clothesline","Anger"],"picked":"Iron Wave+1","floor":19},{"not_picked":["Heavy Blade","Sword Boomerang","Anger","Combust"],"picked":"SKIP","floor":21}],"player_experience":19167,"relics_obtained":[{"floor":3,"key":"Boot"},{"floor":6,"key":"Question Card"},{"floor":9,"key":"Pen Nib"}],"event_choices":[{"damage_healed":0,"gold_gain":0,"player_choice":"Relic","damage_taken":0,"max_hp_gain":0,"max_hp_loss":0,"event_name":"Wheel of Change","floor":3,"gold_loss":0},{"damage_healed":0,"gold_gain":0,"cards_transformed":["Strike_R"],"player_choice":"Transformed","damage_taken":0,"max_hp_gain":0,"max_hp_loss":0,"event_name":"Transmorgrifier","floor":11,"gold_loss":0,"cards_obtained":["Flame Barrier"]}],"is_beta":false,"boss_relics":[{"not_picked":["Sozu","Philosopher\u0027s Stone"],"picked":"Black Star"}],"items_purged_floors":[5,20],"is_endless":false,"potions_floor_spawned":[8,12,13,18,21],"killed_by":"3 Cultists","ascension_level":0}