{"gold_per_floor":[211,12,12,31,44,77,37,37,37,37,2,32,45,64,64,160,160,180,198,212,48,48,74,74,99,181,181],"floor_reached":27,"playtime":1972,"items_purged":["Strike_R"],"score":286,"play_id":"afa3758e-19ff-4398-b174-00ae0db9b8fe","local_time":"20190123214942","is_ascension_mode":false,"campfire_choices":[{"data":"Spot Weakness","floor":8,"key":"SMITH"},{"data":"True Grit","floor":15,"key":"SMITH"},{"data":"Limit Break","floor":24,"key":"SMITH"}],"neow_cost":"NONE","seed_source_timestamp":880832501661,"circlet_count":0,"master_deck":["Strike_R","Strike_R+1","Strike_R+1","Strike_R","Defend_R","Defend_R","Defend_R","Defend_R","Bash","Flame Barrier","Spot Weakness+1","Pommel Strike","Inflame","Flame Barrier","Corruption","Metallicize","Evolve","Shrug It Off","True Grit+1","Demon Form","Clothesline","Flame Barrier","Limit Break+1","Cleave+1","Pommel Strike+1"],"relics":["Burning Blood","Dodecahedron","Pocketwatch","Whetstone","Mark of Pain","Mummified Hand","The Courier","Tiny Chest"],"potions_floor_usage":[13,14,23],"damage_taken":[{"damage":2,"enemies":"Jaw Worm","floor":1,"turns":6},{"damage":1,"enemies":"Cultist","floor":4,"turns":4},{"damage":0,"enemies":"2 Louse","floor":5,"turns":3},{"damage":51,"enemies":"3 Sentries","floor":6,"turns":13},{"damage":0,"enemies":"Lagavulin","floor":12,"turns":5},{"damage":4,"enemies":"Blue Slaver","floor":13,"turns":3},{"damage":4,"enemies":"2 Fungi Beasts","floor":14,"turns":4},{"damage":34,"enemies":"Hexaghost","floor":16,"turns":13},{"damage":22,"enemies":"Spheric Guardian","floor":18,"turns":6},{"damage":18,"enemies":"Shell Parasite","floor":19,"turns":6},{"damage":9,"enemies":"Centurion and Healer","floor":20,"turns":8},{"damage":22,"enemies":"Gremlin Leader","floor":23,"turns":10},{"damage":30,"enemies":"Book of Stabbing","floor":25,"turns":8},{"damage":12,"enemies":"Snake Plant","floor":27,"turns":4}],"seed_played":"6860684144999408758","potions_obtained":[{"floor":4,"key":"SpeedPotion"},{"floor":6,"key":"PowerPotion"},{"floor":12,"key":"Explosive Potion"},{"floor":16,"key":"Swift Potion"},{"floor":23,"key":"FearPotion"}],"is_trial":false,"path_per_floor":["M","$","?","M","M","E","$","R","T","?","?","E","M","M","R","B",null,"M","M","M","$","?","E","R","E","T","M"],"character_chosen":"IRONCLAD","items_purchased":["Spot Weakness","Pommel Strike","Metallicize","Limit Break"],"campfire_rested":0,"item_purchase_floors":[2,2,7,21],"current_hp_per_floor":[80,80,80,80,80,35,35,35,35,28,48,54,56,58,58,30,80,64,52,49,49,49,33,33,9,9,0],"gold":181,"neow_bonus":"HUNDRED_GOLD","is_prod":false,"is_daily":false,"chose_seed":false,"campfire_upgraded":3,"win_rate":0,"timestamp":1548280182,"path_taken":["M","$","?","M","M","E","?","R","T","?","?","E","M","?","R","BOSS","M","M","M","$","?","E","R","E","T","M"],"build_version":"2019-01-23","purchased_purges":1,"victory":false,"max_hp_per_floor":[80,80,80,80,80,80,80,80,80,80,80,80,80,80,80,80,80,80,80,80,80,80,80,80,80,80,80],"card_choices":[{"not_picked":["Thunderclap","Twin Strike"],"picked":"Flame Barrier","floor":1},{"not_picked":["Carnage","Infernal Blade"],"picked":"Inflame","floor":4},{"not_picked":["Warcry","Wild Strike"],"picked":"Flame Barrier","floor":5},{"not_picked":["Entrench","Havoc"],"picked":"Corruption","floor":6},{"not_picked":["Fire Breathing","Second Wind"],"picked":"Evolve","floor":12},{"not_picked":["Iron Wave","Evolve"],"picked":"Shrug It Off","floor":13},{"not_picked":["Sword Boomerang","Carnage"],"picked":"True Grit","floor":14},{"not_picked":["Offering","Berserk"],"picked":"Demon Form","floor":16},{"not_picked":["Perfected Strike+1","Entrench+1","Twin Strike"],"picked":"SKIP","floor":18},{"not_picked":["Dropkick+1","Iron Wave+1"],"picked":"Clothesline","floor":19},{"not_picked":["Twin Strike","Flex"],"picked":"Flame Barrier","floor":20},{"not_picked":["Bloodletting","Seeing Red+1"],"picked":"Cleave+1","floor":23},{"not_picked":["Battle Trance","Whirlwind"],"picked":"Pommel Strike+1","floor":25}],"player_experience":713947,"relics_obtained":[{"floor":6,"key":"Dodecahedron"},{"floor":12,"key":"Whetstone"},{"floor":23,"key":"Mummified Hand"},{"floor":25,"key":"The Courier"},{"floor":26,"key":"Tiny Chest"}],"event_choices":[{"cards_removed":["Blizzard"],"damage_healed":0,"gold_gain":0,"player_choice":"Took Card","damage_taken":0,"max_hp_gain":0,"max_hp_loss":0,"event_name":"NoteForYourself","floor":3,"gold_loss":0,"cards_obtained":["Blizzard"]},{"damage_healed":0,"gold_gain":0,"player_choice":"Success","damage_taken":7,"relics_obtained":["Pocketwatch"],"max_hp_gain":0,"max_hp_loss":0,"event_name":"Scrap Ooze","floor":10,"gold_loss":0},{"damage_healed":20,"gold_gain":0,"player_choice":"Healed","damage_taken":0,"max_hp_gain":0,"max_hp_loss":0,"event_name":"The Cleric","floor":11,"gold_loss":35},{"damage_healed":0,"gold_gain":0,"player_choice":"Ignored","damage_taken":0,"max_hp_gain":0,"max_hp_loss":0,"event_name":"Beggar","floor":22,"gold_loss":0}],"is_beta":false,"boss_relics":[{"not_picked":["Cursed Key","Pandora\u0027s Box"],"picked":"Mark of Pain"}],"items_purged_floors":[2],"is_endless":false,"potions_floor_spawned":[4,6,12,16,23],"killed_by":"Snake Plant","ascension_level":0}