{"gold_per_floor":[116,116,191,211,211,242,254,280,325,325,341,356,76,87,87,184,184,201,201,127,127,142,142],"floor_reached":23,"playtime":922,"items_purged":[],"score":221,"play_id":"69f48a1b-2059-48b8-89bc-ed18d42214a0","local_time":"20190329164756","is_ascension_mode":true,"campfire_choices":[{"floor":10.0,"key":"REST"},{"floor":15.0,"key":"REST"}],"neow_cost":"TEN_PERCENT_HP_LOSS","seed_source_timestamp":9039892189639568,"circlet_count":0,"master_deck":["Strike_B","Defend_B","Defend_B","Defend_B","Defend_B","Zap","Creative AI","Loop","Turbo","Storm","Echo Form","Lockon+1","Chaos+1","Amplify+1","Conserve Battery+1","Storm"],"special_seed":0,"relics":["Cracked Core","Meat on the Bone","Centennial Puzzle","Ancient Tea Set","TheAbacus","Astrolabe","Question Card"],"potions_floor_usage":[23,23],"damage_taken":[{"damage":3.0,"enemies":"Jaw Worm","floor":1.0,"turns":4.0},{"damage":2.0,"enemies":"2 Louse","floor":4.0,"turns":3.0},{"damage":30.0,"enemies":"Lagavulin","floor":6.0,"turns":9.0},{"damage":0.0,"enemies":"Cultist","floor":7.0,"turns":4.0},{"damage":34.0,"enemies":"3 Sentries","floor":8.0,"turns":9.0},{"damage":6.0,"enemies":"3 Louse","floor":11.0,"turns":5.0},{"damage":7.0,"enemies":"2 Fungi Beasts","floor":12.0,"turns":3.0},{"damage":20.0,"enemies":"Exordium Thugs","floor":14.0,"turns":4.0},{"damage":24.0,"enemies":"Slime Boss","floor":16.0,"turns":6.0},{"damage":26.0,"enemies":"2 Thieves","floor":18.0,"turns":5.0},{"damage":0.0,"enemies":"Chosen","floor":22.0,"turns":4.0},{"damage":48,"enemies":"Gremlin Leader","floor":23,"turns":3}],"seed_played":"195926139672031270","potions_obtained":[{"floor":6.0,"key":"Strength Potion"},{"floor":7.0,"key":"Ancient Potion"},{"floor":14.0,"key":"SkillPotion"},{"floor":16.0,"key":"Ancient Potion"},{"floor":22.0,"key":"SteroidPotion"}],"is_trial":false,"path_per_floor":["M","?","?","M","?","E","M","E","T","R","M","M","$","M","R","B",null,"M","?","$","?","M","E"],"character_chosen":"DEFECT","items_purchased":["Storm","TheAbacus","Storm"],"campfire_rested":2,"item_purchase_floors":[13,13,20],"current_hp_per_floor":[65,65,59,57,57,27,39,17,17,37,43,36,36,28,48,36,68,42,42,42,42,42,0],"gold":142,"neow_bonus":"THREE_RARE_CARDS","is_prod":false,"is_daily":false,"chose_seed":false,"campfire_upgraded":0,"win_rate":0,"timestamp":1553892476,"path_taken":["M","?","?","?","?","E","M","E","T","R","M","M","$","M","R","BOSS","M","?","?","?","M","E"],"build_version":"2019-01-23","purchased_purges":0,"victory":false,"max_hp_per_floor":[68,68,68,68,68,68,68,68,68,68,68,68,68,68,68,68,68,68,68,68,68,68,68],"card_choices":[{"not_picked":["Amplify","All For One"],"picked":"Creative AI","floor":0.0},{"not_picked":["Hologram","Beam Cell","Streamline"],"picked":"SKIP","floor":1.0},{"not_picked":["Doom and Gloom","Gash","Barrage"],"picked":"SKIP","floor":4.0},{"not_picked":["Consume","Machine Learning"],"picked":"Loop","floor":6.0},{"not_picked":["Redo","Coolheaded"],"picked":"Turbo","floor":7.0},{"not_picked":["Compile Driver","Gash","Stack"],"picked":"SKIP","floor":8.0},{"not_picked":["Compile Driver","Hologram","Recycle"],"picked":"SKIP","floor":11.0},{"not_picked":["Undo","Meteor Strike","Gash"],"picked":"SKIP","floor":12.0},{"not_picked":["Coolheaded","Hologram","Go for the Eyes"],"picked":"SKIP","floor":14.0},{"not_picked":["Machine Learning","Thunder Strike"],"picked":"Echo Form","floor":16.0},{"not_picked":["Rip and Tear","Stack"],"picked":"Conserve Battery+1","floor":18.0},{"not_picked":["Chaos","Hologram+1","Barrage+1","Aggregate"],"picked":"SKIP","floor":22.0}],"player_experience":238816,"relics_obtained":[{"floor":6.0,"key":"Meat on the Bone"},{"floor":8.0,"key":"Centennial Puzzle"},{"floor":9.0,"key":"Ancient Tea Set"}],"event_choices":[{"damage_healed":0.0,"max_hp_gain":0.0,"max_hp_loss":0.0,"gold_gain":0.0,"event_name":"Golden Wing","player_choice":"Ignored","floor":2.0,"gold_loss":0.0,"damage_taken":0.0},{"damage_healed":0.0,"max_hp_gain":0.0,"max_hp_loss":0.0,"gold_gain":75.0,"event_name":"FaceTrader","player_choice":"Touch","floor":3.0,"gold_loss":0.0,"damage_taken":6.0},{"damage_healed":0.0,"max_hp_gain":0.0,"max_hp_loss":0.0,"gold_gain":0.0,"event_name":"Golden Idol","player_choice":"Ignored","floor":5.0,"gold_loss":0.0,"damage_taken":0.0},{"cards_removed":["Strike_B"],"damage_healed":0.0,"max_hp_gain":0.0,"max_hp_loss":0.0,"gold_gain":0.0,"event_name":"Purifier","player_choice":"Purged","floor":19.0,"gold_loss":0.0,"damage_taken":0.0},{"damage_healed":0.0,"max_hp_gain":0.0,"max_hp_loss":0.0,"gold_gain":0.0,"event_name":"WeMeetAgain","player_choice":"Gave Potion","floor":21.0,"gold_loss":0.0,"damage_taken":0.0,"relics_obtained":["Question Card"]}],"is_beta":false,"boss_relics":[{"not_picked":["Runic Pyramid","Lizard Tail"],"picked":"Astrolabe"}],"items_purged_floors":[],"is_endless":false,"potions_floor_spawned":[6,7,14,16,22],"killed_by":"Gremlin Leader","ascension_level":2}