{"gold_per_floor":[116,128,128,90,90,90,90,90,164,124,135,66,82,95,95,195,195,210,227,71,89,14,14,14,33,57,57,75,100,100,127,127,232,232,247,83,95,95,106,140,140,156,181,201,63,63,83,94,94,94],"floor_reached":51,"playtime":4486,"items_purged":["Defend_B","Defend_B"],"score":659,"play_id":"da2ca0a2-46e8-4188-af31-b96a4ec0d73c","local_time":"20190529000127","is_ascension_mode":false,"campfire_choices":[{"floor":6,"key":"REST"},{"data":"Genetic Algorithm","floor":8,"key":"SMITH"},{"floor":15,"key":"REST"},{"data":"Darkness","floor":23,"key":"SMITH"},{"floor":27,"key":"REST"},{"data":"Thunder Strike","floor":30,"key":"SMITH"},{"floor":32,"key":"REST"},{"floor":41,"key":"REST"},{"floor":49,"key":"REST"}],"neow_cost":"NONE","seed_source_timestamp":8101141446017100,"circlet_count":0,"master_deck":["Strike_B","Strike_B","Strike_B+1","Defend_B","Defend_B","Zap","Dualcast+1","Genetic Algorithm+1","Darkness+1","Melter","Loop+1","Static Discharge+1","BootSequence","Conserve Battery","Self Repair+1","Genetic Algorithm","Ball Lightning+1","Thunder Strike+1","Coolheaded+1","Buffer+1","Machine Learning+1","Creative AI+1","Ball Lightning+1","Reprogram+1","Heatsinks+1","Loop+1","Capacitor+1","Barrage+1"],"relics":["Cracked Core","Frozen Egg 2","Mummified Hand","Velvet Choker","Bag of Marbles","Lantern","Shuriken","Lizard Tail","Kunai","StoneCalendar","Ancient Tea Set","Pantograph"],"potions_floor_usage":[],"damage_taken":[{"damage":8,"enemies":"Small Slimes","floor":1,"turns":4},{"damage":0,"enemies":"2 Louse","floor":2,"turns":4},{"damage":3,"enemies":"Jaw Worm","floor":11,"turns":3},{"damage":17,"enemies":"Exordium Thugs","floor":13,"turns":4},{"damage":32,"enemies":"Gremlin Gang","floor":14,"turns":3},{"damage":31,"enemies":"Slime Boss","floor":16,"turns":6},{"damage":8,"enemies":"3 Byrds","floor":18,"turns":2},{"damage":0,"enemies":"Spheric Guardian","floor":19,"turns":3},{"damage":15,"enemies":"3 Cultists","floor":21,"turns":5},{"damage":12,"enemies":"Snecko","floor":25,"turns":6},{"damage":5,"enemies":"Centurion and Healer","floor":28,"turns":5},{"damage":13,"enemies":"Book of Stabbing","floor":29,"turns":4},{"damage":39,"enemies":"Slavers","floor":31,"turns":5},{"damage":28,"enemies":"Champ","floor":33,"turns":10},{"damage":17,"enemies":"3 Darklings","floor":35,"turns":6},{"damage":5,"enemies":"Orb Walker","floor":37,"turns":4},{"damage":1,"enemies":"Spire Growth","floor":39,"turns":5},{"damage":88,"enemies":"Reptomancer","floor":40,"turns":6},{"damage":51,"enemies":"Sphere and 2 Shapes","floor":42,"turns":4},{"damage":6,"enemies":"4 Shapes","floor":44,"turns":6},{"damage":0,"enemies":"Transient","floor":47,"turns":5},{"damage":17,"enemies":"Maw","floor":48,"turns":7},{"damage":79,"enemies":"Awakened One","floor":50,"turns":9}],"seed_played":"-3324540167518303485","potions_obtained":[{"floor":1,"key":"Dexterity Potion"},{"floor":13,"key":"Fire Potion"},{"floor":19,"key":"Dexterity Potion"},{"floor":21,"key":"Explosive Potion"},{"floor":33,"key":"Energy Potion"},{"floor":37,"key":"Block Potion"},{"floor":40,"key":"SkillPotion"},{"floor":47,"key":"Poison Potion"}],"is_trial":false,"path_per_floor":["M","M","?","?","?","R","?","R","T","$","M","$","M","M","R","B",null,"M","M","$","M","?","R","$","M","T","R","M","E","R","E","R","B",null,"M","$","M","?","M","E","R","M","T","M","$","T","M","M","R","B",null],"character_chosen":"DEFECT","items_purchased":["Melter","Loop+1","Self Repair+1","Creative AI+1","Capacitor+1"],"campfire_rested":6,"item_purchase_floors":[10,12,20,36,45],"current_hp_per_floor":[74,74,58,58,51,75,75,75,75,75,72,72,55,23,47,16,82,74,74,74,69,69,69,69,67,67,82,82,79,79,50,74,56,82,75,75,80,80,82,46,70,29,29,33,33,33,43,36,60,13],"gold":94,"neow_bonus":"TEN_PERCENT_HP_BONUS","is_prod":false,"is_daily":false,"chose_seed":false,"campfire_upgraded":3,"win_rate":0.0,"timestamp":1559102487,"path_taken":["M","M","?","?","?","R","?","R","T","$","M","$","M","M","R","BOSS","M","M","$","M","?","R","?","M","T","R","M","E","R","E","R","BOSS","M","$","?","?","M","E","R","M","T","?","$","?","M","M","R","BOSS"],"build_version":"2019-01-23","purchased_purges":2,"victory":true,"max_hp_per_floor":[82,82,82,82,82,82,82,82,82,82,82,82,82,82,82,82,82,82,82,82,82,82,82,82,82,82,82,82,82,82,82,82,82,82,82,82,82,82,82,82,82,82,82,82,82,82,82,82,82,82],"card_choices":[{"not_picked":["Steam Power","Beam Cell"],"picked":"Genetic Algorithm","floor":1},{"not_picked":["Hologram","Auto Shields"],"picked":"Darkness","floor":2},{"not_picked":["Leap","Compile Driver","Barrage"],"picked":"SKIP","floor":11},{"not_picked":["Barrage","Leap"],"picked":"Static Discharge+1","floor":13},{"not_picked":["Fusion","Force Field"],"picked":"BootSequence","floor":14},{"not_picked":["Barrage","FTL","Consume"],"picked":"SKIP","floor":18},{"not_picked":["Beam Cell+1","Darkness"],"picked":"Conserve Battery","floor":19},{"not_picked":["Ball Lightning","Coolheaded"],"picked":"Genetic Algorithm","floor":21},{"not_picked":["Melter","Force Field"],"picked":"Ball Lightning+1","floor":25},{"not_picked":["Gash","Consume+1"],"picked":"Thunder Strike","floor":28},{"not_picked":["Cold Snap","Blizzard"],"picked":"Coolheaded+1","floor":29},{"not_picked":["Leap","Barrage"],"picked":"Buffer+1","floor":31},{"not_picked":["Fission","Buffer+1"],"picked":"Machine Learning+1","floor":33},{"not_picked":["Melter+1","Go for the Eyes","Hologram"],"picked":"SKIP","floor":35},{"not_picked":["Coolheaded+1","Steam+1"],"picked":"Ball Lightning+1","floor":37},{"not_picked":["Glacier+1","Hologram+1"],"picked":"Reprogram+1","floor":39},{"not_picked":["Reprogram","Tempest","Melter+1"],"picked":"SKIP","floor":40},{"not_picked":["Barrage+1","Steam Power+1"],"picked":"Heatsinks+1","floor":42},{"not_picked":["Leap+1","Streamline+1"],"picked":"Loop+1","floor":44},{"not_picked":["White Noise","Steam Power","FTL"],"picked":"SKIP","floor":47},{"not_picked":["Heatsinks+1","Hologram"],"picked":"Barrage+1","floor":48}],"player_experience":3737,"relics_obtained":[{"floor":9,"key":"Mummified Hand"},{"floor":26,"key":"Bag of Marbles"},{"floor":29,"key":"Lantern"},{"floor":31,"key":"Shuriken"},{"floor":40,"key":"StoneCalendar"},{"floor":43,"key":"Ancient Tea Set"},{"floor":46,"key":"Pantograph"}],"event_choices":[{"damage_healed":0,"gold_gain":0,"player_choice":"Entered Light","damage_taken":16,"max_hp_gain":0,"max_hp_loss":0,"event_name":"Shining Light","floor":3,"gold_loss":0,"cards_upgraded":["Strike_B","Dualcast"]},{"damage_healed":0,"gold_gain":0,"player_choice":"Left Gold","damage_taken":0,"max_hp_gain":0,"max_hp_loss":0,"event_name":"World of Goop","floor":4,"gold_loss":38},{"damage_healed":0,"gold_gain":0,"player_choice":"Success","damage_taken":7,"relics_obtained":["Frozen Egg 2"],"max_hp_gain":0,"max_hp_loss":0,"event_name":"Scrap Ooze","floor":5,"gold_loss":0},{"damage_healed":0,"gold_gain":0,"player_choice":"Ignored","damage_taken":0,"max_hp_gain":0,"max_hp_loss":0,"event_name":"Golden Wing","floor":7,"gold_loss":0},{"cards_removed":["Strike_B"],"damage_healed":0,"gold_gain":0,"player_choice":"Gave Gold","damage_taken":0,"max_hp_gain":0,"max_hp_loss":0,"event_name":"Beggar","floor":22,"gold_loss":75},{"damage_healed":0,"gold_gain":0,"player_choice":"Gave Potion","damage_taken":0,"relics_obtained":["Kunai"],"max_hp_gain":0,"max_hp_loss":0,"event_name":"WeMeetAgain","floor":38,"gold_loss":0}],"is_beta":false,"boss_relics":[{"not_picked":["Philosopher\u0027s Stone","Runic Dome"],"picked":"Velvet Choker"},{"not_picked":["Calling Bell","Runic Pyramid"],"picked":"Lizard Tail"}],"items_purged_floors":[20,45],"is_endless":false,"potions_floor_spawned":[1,13,19,21,33,37,40,47],"ascension_level":0}