{"gold_per_floor":[113,63,82,82,82,107,107,136,136,136,146,162,8,23,23,120,120,133,133,133,133,145,173,173,199,199,199,260,272,305,323,323,421,421,437,456,97,115,47,77,77,90,90,90],"floor_reached":44,"playtime":3880,"items_purged":["Strike_B","Strike_B"],"score":579,"play_id":"0890cecb-1b78-43cc-97a8-d962733dfafb","local_time":"20190529213809","is_ascension_mode":true,"campfire_choices":[{"floor":7.0,"key":"REST"},{"data":"Sunder","floor":10.0,"key":"SMITH"},{"floor":15.0,"key":"REST"},{"floor":24.0,"key":"REST"},{"data":"Self Repair","floor":27.0,"key":"SMITH"},{"floor":32.0,"key":"RECALL"},{"data":"Capacitor","floor":41,"key":"SMITH"}],"neow_cost":"CURSE","seed_source_timestamp":0,"circlet_count":0,"master_deck":["Strike_B","Defend_B","Defend_B","Defend_B","Zap","Dualcast","Ball Lightning+1","Consume+1","Beam Cell","Compile Driver","Sunder+1","Glacier","Coolheaded","Self Repair+1","Seek","Chaos+1","Coolheaded","BootSequence","Hologram+1","Turbo","Meteor Strike","Writhe","Clumsy","Doubt","Hologram+1","Capacitor+1","Panache","Cold Snap","Sunder+1","Blizzard","Self Repair"],"special_seed":0,"relics":["Cracked Core","Sundial","Pantograph","Busted Crown","MutagenicStrength","Gremlin Horn","Unceasing Top","Ancient Tea Set","Tiny Chest","Lantern","Calling Bell","Omamori","Mummified Hand","Shovel","Letter Opener","Symbiotic Virus"],"potions_floor_usage":[],"damage_taken":[{"damage":0.0,"enemies":"Small Slimes","floor":1.0,"turns":3.0},{"damage":6.0,"enemies":"2 Louse","floor":3.0,"turns":2.0},{"damage":32.0,"enemies":"Gremlin Nob","floor":6.0,"turns":4.0},{"damage":20.0,"enemies":"3 Sentries","floor":8.0,"turns":6.0},{"damage":8.0,"enemies":"Jaw Worm","floor":11.0,"turns":3.0},{"damage":4.0,"enemies":"Blue Slaver","floor":12.0,"turns":3.0},{"damage":7.0,"enemies":"3 Louse","floor":14.0,"turns":2.0},{"damage":23.0,"enemies":"Hexaghost","floor":16.0,"turns":10.0},{"damage":12.0,"enemies":"Spheric Guardian","floor":18.0,"turns":4.0},{"damage":9.0,"enemies":"3 Byrds","floor":22.0,"turns":4.0},{"damage":33.0,"enemies":"Gremlin Leader","floor":23.0,"turns":6.0},{"damage":11.0,"enemies":"Book of Stabbing","floor":25.0,"turns":5.0},{"damage":0.0,"enemies":"Gremlin Leader","floor":28.0,"turns":6.0},{"damage":0.0,"enemies":"Centurion and Healer","floor":29.0,"turns":6.0},{"damage":22.0,"enemies":"Book of Stabbing","floor":30.0,"turns":6.0},{"damage":0.0,"enemies":"Snake Plant","floor":31.0,"turns":5.0},{"damage":59.0,"enemies":"Champ","floor":33.0,"turns":13.0},{"damage":22.0,"enemies":"Orb Walker","floor":35.0,"turns":5.0},{"damage":11.0,"enemies":"3 Shapes","floor":36.0,"turns":6.0},{"damage":18,"enemies":"Sphere and 2 Shapes","floor":38,"turns":7},{"damage":16,"enemies":"Reptomancer","floor":40,"turns":7},{"damage":50,"enemies":"Jaw Worm Horde","floor":42,"turns":5},{"damage":24,"enemies":"3 Darklings","floor":44,"turns":2}],"seed_played":"-5044047634696774411","potions_obtained":[{"floor":3.0,"key":"Swift Potion"},{"floor":6.0,"key":"LiquidBronze"},{"floor":12.0,"key":"FearPotion"},{"floor":25.0,"key":"FearPotion"},{"floor":28.0,"key":"FocusPotion"},{"floor":31.0,"key":"Poison Potion"},{"floor":36,"key":"Poison Potion"}],"is_trial":false,"path_per_floor":["M","?","M","?","?","E","R","E","T","R","M","M","$","M","R","B",null,"M","?","?","?","M","E","R","E","T","R","E","M","E","M","R","B",null,"M","M","$","M","$","E","R","M","T","M"],"character_chosen":"DEFECT","items_purchased":["Self Repair","Capacitor","Panache","Cold Snap","Blizzard"],"campfire_rested":3,"item_purchase_floors":[13,37,37,37,39],"current_hp_per_floor":[89,89,83,65,65,33,59,39,39,39,31,27,27,20,46,48,89,77,77,77,77,68,42,68,64,64,64,74,84,72,82,82,40,89,77,76,76,68,68,62,62,22,22,0],"gold":90,"neow_bonus":"TWENTY_PERCENT_HP_BONUS","is_prod":false,"is_daily":false,"chose_seed":false,"campfire_upgraded":3,"win_rate":0,"timestamp":1559183889,"path_taken":["M","?","M","?","?","E","R","E","T","R","M","M","?","M","R","BOSS","M","?","?","?","M","E","R","E","T","R","E","?","E","M","R","BOSS","M","M","$","?","?","E","R","M","T","M"],"build_version":"2019-01-23","purchased_purges":2,"victory":false,"max_hp_per_floor":[89,89,89,89,89,89,89,89,89,89,89,89,89,89,89,89,89,89,89,89,89,89,89,89,89,89,89,89,89,89,89,89,89,89,89,89,89,89,89,89,89,89,89,89],"card_choices":[{"not_picked":["Chaos","Compile Driver"],"picked":"Ball Lightning","floor":1.0},{"not_picked":["Streamline","Rebound"],"picked":"Consume","floor":3.0},{"not_picked":["Redo","Storm"],"picked":"Compile Driver","floor":6.0},{"not_picked":["Steam","Compile Driver"],"picked":"Sunder","floor":8.0},{"not_picked":["Cold Snap","Streamline"],"picked":"Glacier","floor":11.0},{"not_picked":["Steam","Meteor Strike"],"picked":"Coolheaded","floor":12.0},{"not_picked":["Gash","Stack","Rebound"],"picked":"SKIP","floor":14.0},{"not_picked":["Machine Learning","Fission"],"picked":"Seek","floor":16.0},{"not_picked":[],"picked":"Chaos+1","floor":18.0},{"not_picked":["Stack"],"picked":"SKIP","floor":22.0},{"not_picked":["Barrage"],"picked":"SKIP","floor":23.0},{"not_picked":[],"picked":"Coolheaded","floor":25.0},{"not_picked":[],"picked":"BootSequence","floor":28.0},{"not_picked":[],"picked":"Hologram+1","floor":29.0},{"not_picked":["Scrape"],"picked":"SKIP","floor":30.0},{"not_picked":[],"picked":"Turbo","floor":31.0},{"not_picked":[],"picked":"Meteor Strike","floor":33.0},{"not_picked":["BootSequence"],"picked":"SKIP","floor":35.0},{"not_picked":[],"picked":"Hologram+1","floor":36},{"not_picked":[],"picked":"Sunder+1","floor":38},{"not_picked":["Gash+1"],"picked":"SKIP","floor":40},{"not_picked":[],"picked":"Self Repair","floor":42}],"player_experience":218318,"relics_obtained":[{"floor":6.0,"key":"Sundial"},{"floor":8.0,"key":"Pantograph"},{"floor":23.0,"key":"Gremlin Horn"},{"floor":25.0,"key":"Unceasing Top"},{"floor":26.0,"key":"Ancient Tea Set"},{"floor":28.0,"key":"Tiny Chest"},{"floor":30.0,"key":"Lantern"},{"floor":34.0,"key":"Omamori"},{"floor":34.0,"key":"Mummified Hand"},{"floor":34.0,"key":"Shovel"},{"floor":40,"key":"Letter Opener"},{"floor":43,"key":"Symbiotic Virus"}],"event_choices":[{"cards_removed":["Decay"],"damage_healed":0.0,"max_hp_gain":0.0,"max_hp_loss":0.0,"gold_gain":0.0,"event_name":"The Cleric","player_choice":"Card Removal","floor":2.0,"gold_loss":50.0,"damage_taken":0.0},{"damage_healed":0.0,"max_hp_gain":0.0,"max_hp_loss":0.0,"gold_gain":0.0,"event_name":"Shining Light","player_choice":"Entered Light","floor":4.0,"gold_loss":0.0,"damage_taken":18.0,"cards_upgraded":["Ball Lightning","Consume"]},{"damage_healed":0.0,"max_hp_gain":0.0,"max_hp_loss":0.0,"gold_gain":0.0,"cards_transformed":["Strike_B"],"event_name":"Living Wall","player_choice":"Change","floor":5.0,"gold_loss":0.0,"damage_taken":0.0,"cards_obtained":["Beam Cell"]},{"damage_healed":0.0,"max_hp_gain":0.0,"max_hp_loss":0.0,"gold_gain":0.0,"event_name":"Drug Dealer","player_choice":"Inject Mutagens","floor":19.0,"gold_loss":0.0,"damage_taken":0.0,"relics_obtained":["MutagenicStrength"]},{"damage_healed":0.0,"max_hp_gain":0.0,"max_hp_loss":0.0,"gold_gain":0.0,"event_name":"Vampires","player_choice":"Ignored","floor":20.0,"gold_loss":0.0,"damage_taken":0.0},{"cards_removed":["Defend_B"],"damage_healed":0.0,"max_hp_gain":0.0,"max_hp_loss":0.0,"gold_gain":0.0,"event_name":"Purifier","player_choice":"Purged","floor":21.0,"gold_loss":0.0,"damage_taken":0.0}],"is_beta":false,"boss_relics":[{"not_picked":["Coffee Dripper","White Beast Statue"],"picked":"Busted Crown"},{"not_picked":["Sozu","Empty Cage"],"picked":"Calling Bell"}],"items_purged_floors":[13,37],"is_endless":false,"potions_floor_spawned":[3,6,12,18,25,28,29,31,36],"killed_by":"3 Darklings","ascension_level":1}