{"gold_per_floor":[218,218,146,161,172,200,200,216,216,90,90,104,124,135,135,212,212,223,223],"floor_reached":19,"playtime":2039,"items_purged":["Strike_R"],"score":299,"play_id":"8956ce82-6111-480a-b0ee-b8fb245c4f6c","local_time":"20190426154339","is_ascension_mode":true,"campfire_choices":[{"data":"Bash","floor":7.0,"key":"SMITH"},{"data":"True Grit","floor":11.0,"key":"SMITH"},{"data":"Inflame","floor":15,"key":"SMITH"}],"neow_cost":"NONE","seed_source_timestamp":2178293481241434,"circlet_count":0,"master_deck":["AscendersBane","Strike_R","Strike_R","Strike_R","Defend_R","Defend_R","Defend_R","Defend_R","Bash+1","Sword Boomerang","Shrug It Off","Sword Boomerang","Battle Trance","Evolve","Headbutt","Inflame+1","True Grit+1","Reckless Charge","Reaper","Sentinel","Demon Form","Blood for Blood"],"special_seed":0,"relics":["Burning Blood","Art of War","Question Card","Runic Pyramid"],"potions_floor_usage":[18,19],"damage_taken":[{"damage":8.0,"enemies":"Jaw Worm","floor":1.0,"turns":4.0},{"damage":0.0,"enemies":"Cultist","floor":4.0,"turns":4.0},{"damage":8.0,"enemies":"Small Slimes","floor":5.0,"turns":4.0},{"damage":40.0,"enemies":"Gremlin Nob","floor":6.0,"turns":5.0},{"damage":13.0,"enemies":"Exordium Thugs","floor":8.0,"turns":4.0},{"damage":6,"enemies":"Blue Slaver","floor":12,"turns":6},{"damage":0,"enemies":"Large Slime","floor":13,"turns":3},{"damage":6,"enemies":"Looter","floor":14,"turns":3},{"damage":33,"enemies":"The Guardian","floor":16,"turns":15},{"damage":24,"enemies":"Spheric Guardian","floor":18,"turns":11},{"damage":55,"enemies":"Colosseum Slavers","floor":19,"turns":4}],"seed_played":"681097205894741046","potions_obtained":[{"floor":4.0,"key":"LiquidBronze"},{"floor":5.0,"key":"BloodPotion"},{"floor":12,"key":"Fire Potion"},{"floor":16,"key":"Dexterity Potion"}],"is_trial":false,"path_per_floor":["M","?","$","M","M","E","R","M","T","$","R","M","M","M","R","B",null,"M","?"],"character_chosen":"IRONCLAD","items_purchased":["Shrug It Off","Sword Boomerang","True Grit"],"campfire_rested":0,"item_purchase_floors":[3,3,10],"current_hp_per_floor":[66,66,66,72,70,36,36,36,36,36,36,36,42,42,42,22,62,53,0],"gold":223,"neow_bonus":"HUNDRED_GOLD","is_prod":false,"is_daily":false,"chose_seed":false,"campfire_upgraded":3,"win_rate":0,"timestamp":1556271819,"path_taken":["M","?","$","M","M","E","R","M","T","$","R","?","M","?","R","BOSS","M","?"],"build_version":"2019-01-23","purchased_purges":1,"victory":false,"max_hp_per_floor":[75,75,75,75,75,75,75,75,75,75,75,75,75,75,75,75,75,75,75],"card_choices":[{"not_picked":["Hemokinesis","Seeing Red"],"picked":"Sword Boomerang","floor":1.0},{"not_picked":["Bloodletting","Blood for Blood"],"picked":"Battle Trance","floor":4.0},{"not_picked":["Metallicize","Shockwave"],"picked":"Evolve","floor":5.0},{"not_picked":["Ghostly Armor","Pommel Strike"],"picked":"Headbutt","floor":6.0},{"not_picked":["Battle Trance","Body Slam"],"picked":"Inflame","floor":8.0},{"not_picked":["Heavy Blade","Headbutt","Warcry"],"picked":"Reckless Charge","floor":12},{"not_picked":["Iron Wave","Body Slam","Havoc"],"picked":"Reaper","floor":13},{"not_picked":["Bloodletting","Havoc","Sword Boomerang"],"picked":"Sentinel","floor":14},{"not_picked":["Juggernaut","Impervious","Feed"],"picked":"Demon Form","floor":16},{"not_picked":["Thunderclap","Sword Boomerang","Body Slam"],"picked":"Blood for Blood","floor":18}],"player_experience":1236966,"relics_obtained":[{"floor":6.0,"key":"Art of War"},{"floor":9.0,"key":"Question Card"}],"event_choices":[{"cards_removed":["Strike_R"],"damage_healed":0.0,"max_hp_gain":0.0,"max_hp_loss":0.0,"gold_gain":0.0,"event_name":"Purifier","player_choice":"Purged","floor":2.0,"gold_loss":0.0,"damage_taken":0.0},{"damage_healed":0,"gold_gain":0,"player_choice":"Fight","damage_taken":0,"max_hp_gain":0,"max_hp_loss":0,"event_name":"Colosseum","floor":19,"gold_loss":0}],"is_beta":false,"boss_relics":[{"not_picked":["Calling Bell","Black Blood"],"picked":"Runic Pyramid"}],"items_purged_floors":[10],"is_endless":false,"potions_floor_spawned":[4,5,6,12,16],"killed_by":"Colosseum Slavers","ascension_level":15}