{"gold_per_floor":[218,218,234,118,137,137,168,168,168,168,118,118,131,154,154,154],"floor_reached":16,"playtime":508,"items_purged":[],"score":170,"play_id":"d99e4698-4551-4ff0-a540-ed932125ebfc","local_time":"20190516181019","is_ascension_mode":true,"campfire_choices":[{"data":"Poisoned Stab","floor":6,"key":"SMITH"},{"floor":8,"key":"REST"},{"data":"Crippling Poison","floor":12,"key":"SMITH"},{"data":"Caltrops","floor":15,"key":"SMITH"}],"neow_cost":"NONE","seed_source_timestamp":3916671999927626,"circlet_count":0,"master_deck":["AscendersBane","Defend_G","Defend_G","Defend_G","Defend_G","Defend_G","Strike_G","Strike_G","Strike_G","Strike_G","Survivor","Neutralize","Crippling Poison+1","Sucker Punch","Caltrops+1","Dagger Throw","Poisoned Stab+1","Quick Slash","Noxious Fumes","Deflect"],"relics":["Ring of the Snake","Golden Idol","Mercury Hourglass","Ornamental Fan","Incense Burner"],"potions_floor_usage":[7,14],"damage_taken":[{"damage":0,"enemies":"2 Louse","floor":1,"turns":3},{"damage":8,"enemies":"Jaw Worm","floor":3,"turns":7},{"damage":7,"enemies":"Small Slimes","floor":5,"turns":3},{"damage":35,"enemies":"3 Sentries","floor":7,"turns":8},{"damage":6,"enemies":"Looter","floor":13,"turns":3},{"damage":3,"enemies":"Lots of Slimes","floor":14,"turns":3},{"damage":20,"enemies":"Hexaghost","floor":16,"turns":7}],"seed_played":"-266309078376089198","potions_obtained":[{"floor":3,"key":"Swift Potion"},{"floor":13,"key":"Energy Potion"},{"floor":14,"key":"GamblersBrew"}],"is_trial":false,"path_per_floor":["M","?","M","$","M","R","E","R","T","T","?","R","M","M","R","B"],"character_chosen":"THE_SILENT","items_purchased":["Caltrops","Dagger Throw"],"campfire_rested":1,"item_purchase_floors":[4,4],"current_hp_per_floor":[59,59,51,51,44,44,9,27,27,27,27,27,21,18,18,0],"gold":154,"neow_bonus":"HUNDRED_GOLD","is_prod":false,"is_daily":false,"chose_seed":false,"campfire_upgraded":3,"win_rate":0,"timestamp":1558008619,"path_taken":["M","?","M","$","M","R","E","R","T","?","?","R","M","M","R","BOSS"],"build_version":"2019-01-23","purchased_purges":0,"victory":false,"max_hp_per_floor":[66,61,61,61,61,61,61,61,61,61,61,61,61,61,61,61],"card_choices":[{"not_picked":["Deadly Poison","Dagger Spray"],"picked":"Crippling Poison","floor":1},{"not_picked":["Blade Dance","Outmaneuver"],"picked":"Sucker Punch","floor":3},{"not_picked":["Distraction","Crippling Poison"],"picked":"Poisoned Stab","floor":5},{"not_picked":["Blade Dance","A Thousand Cuts"],"picked":"Quick Slash","floor":7},{"not_picked":["Quick Slash","Well Laid Plans"],"picked":"Noxious Fumes","floor":13},{"not_picked":["Slice","Prepared"],"picked":"Deflect","floor":14}],"player_experience":1357084,"relics_obtained":[{"floor":7,"key":"Mercury Hourglass"},{"floor":9,"key":"Ornamental Fan"},{"floor":10,"key":"Incense Burner"}],"event_choices":[{"damage_healed":0,"gold_gain":0,"player_choice":"Lose Max HP","damage_taken":0,"relics_obtained":["Golden Idol"],"max_hp_gain":0,"max_hp_loss":5,"event_name":"Golden Idol","floor":2,"gold_loss":0},{"cards_removed":["Strike_G"],"damage_healed":0,"gold_gain":0,"player_choice":"Card Removal","damage_taken":0,"max_hp_gain":0,"max_hp_loss":0,"event_name":"The Cleric","floor":11,"gold_loss":50}],"is_beta":false,"boss_relics":[],"items_purged_floors":[],"is_endless":false,"potions_floor_spawned":[3,13,14],"killed_by":"Hexaghost","ascension_level":14}