{"gold_per_floor":[111,111,125,125,125,158,158,175,205,233,247,262,262,17,17,119,119,131,148,63,63,78,78,97,97,97,108,108,108,122,136,136,235,235,252,268,268,0,20,20,120,120,120,149,149,168,184,63,63,63],"floor_reached":50,"playtime":2233,"items_purged":[],"score":559,"play_id":"d0865916-c2ac-427a-aec4-424e627f680a","local_time":"20190530113705","is_ascension_mode":false,"campfire_choices":[{"data":"Footwork","floor":7,"key":"SMITH"},{"data":"Terror","floor":13,"key":"SMITH"},{"data":"Adrenaline","floor":15,"key":"SMITH"},{"data":"Burst","floor":23,"key":"SMITH"},{"data":"Riddle With Holes","floor":25,"key":"SMITH"},{"data":"Caltrops","floor":29,"key":"SMITH"},{"floor":32,"key":"REST"},{"floor":40,"key":"REST"},{"data":"Envenom","floor":42,"key":"SMITH"},{"floor":45,"key":"REST"},{"floor":49,"key":"REST"}],"neow_cost":"NONE","seed_source_timestamp":518499787392800,"circlet_count":0,"master_deck":["Strike_G","Strike_G","Strike_G","Strike_G","Defend_G","Defend_G","Defend_G","Defend_G","Defend_G","Survivor","Neutralize+1","Footwork+1","Blur","Riddle With Holes+1","Quick Slash","Adrenaline+1","Slice","Terror+1","Burst+1","Poisoned Stab+1","Underhanded Strike+1","Dash","Backstab","Blur","Pain","Caltrops+1","Heel Hook+1","Prepared","Envenom+1","Flechettes+1","Backflip","Writhe","Caltrops+1","Cloak And Dagger","Normality","Dagger Spray+1","Noxious Fumes","Outmaneuver"],"relics":["Ring of the Snake","NeowsBlessing","Letter Opener","Lantern","Tiny Chest","Art of War","Mummified Hand","Cursed Key","Matryoshka","Darkstone Periapt","Question Card","WristBlade","Centennial Puzzle","Bottled Flame","Red Mask","Thread and Needle","Ornamental Fan","Blood Vial"],"potions_floor_usage":[10,10,19,28,30,33,33,33,47,50,50],"damage_taken":[{"damage":0,"enemies":"Jaw Worm","floor":1,"turns":1},{"damage":0,"enemies":"Cultist","floor":3,"turns":1},{"damage":0,"enemies":"Lagavulin","floor":6,"turns":1},{"damage":0,"enemies":"Small Slimes","floor":8,"turns":5},{"damage":25,"enemies":"Gremlin Nob","floor":10,"turns":5},{"damage":2,"enemies":"2 Fungi Beasts","floor":11,"turns":4},{"damage":0,"enemies":"Red Slaver","floor":12,"turns":3},{"damage":32,"enemies":"Hexaghost","floor":16,"turns":14},{"damage":0,"enemies":"Shell Parasite","floor":18,"turns":5},{"damage":0,"enemies":"Spheric Guardian","floor":19,"turns":3},{"damage":1,"enemies":"Snake Plant","floor":22,"turns":5},{"damage":0,"enemies":"3 Cultists","floor":24,"turns":5},{"damage":3,"enemies":"Snecko","floor":27,"turns":3},{"damage":4,"enemies":"Sentry and Sphere","floor":30,"turns":6},{"damage":14,"enemies":"Snake Plant","floor":31,"turns":4},{"damage":51,"enemies":"Automaton","floor":33,"turns":14},{"damage":16,"enemies":"3 Shapes","floor":35,"turns":8},{"damage":6,"enemies":"Orb Walker","floor":36,"turns":2},{"damage":19,"enemies":"Jaw Worm Horde","floor":39,"turns":5},{"damage":2,"enemies":"Mind Bloom Boss Battle","floor":41,"turns":5},{"damage":44,"enemies":"Nemesis","floor":44,"turns":7},{"damage":29,"enemies":"Transient","floor":46,"turns":5},{"damage":11,"enemies":"3 Darklings","floor":47,"turns":4},{"damage":51,"enemies":"Time Eater","floor":50,"turns":7}],"seed_played":"3901724609955028722","potions_obtained":[{"floor":1,"key":"Fruit Juice"},{"floor":8,"key":"Regen Potion"},{"floor":11,"key":"GhostInAJar"},{"floor":16,"key":"AttackPotion"},{"floor":19,"key":"Poison Potion"},{"floor":22,"key":"SpeedPotion"},{"floor":28,"key":"Fruit Juice"},{"floor":28,"key":"SpeedPotion"},{"floor":31,"key":"AttackPotion"},{"floor":36,"key":"SteroidPotion"}],"is_trial":false,"path_per_floor":["M","?","M","$","?","E","R","M","T","E","M","M","R","$","R","B",null,"M","M","?","?","M","R","M","R","T","M","?","R","M","M","R","B",null,"M","M","T","?","M","R","?","R","T","E","R","M","M","$","R","B"],"character_chosen":"THE_SILENT","items_purchased":["Mummified Hand","Regen Potion","PowerPotion"],"campfire_rested":4,"item_purchase_floors":[14,48,48],"current_hp_per_floor":[70,70,70,70,70,70,70,70,70,55,53,53,53,53,53,21,75,75,75,75,75,74,74,74,74,74,71,76,76,72,58,80,29,80,64,58,64,64,45,70,68,68,74,30,57,30,21,21,48,14],"gold":63,"neow_bonus":"THREE_ENEMY_KILL","is_prod":false,"is_daily":false,"chose_seed":false,"campfire_upgraded":7,"win_rate":0,"timestamp":1559205425,"path_taken":["M","?","M","$","?","E","R","M","T","E","M","?","R","$","R","BOSS","M","M","?","?","M","R","?","R","T","M","?","R","M","M","R","BOSS","M","M","?","?","M","R","?","R","T","E","R","M","M","$","R","BOSS"],"build_version":"2019-05-28","purchased_purges":0,"victory":false,"max_hp_per_floor":[70,70,70,70,70,70,70,70,70,75,75,75,75,75,75,75,75,75,75,75,75,75,75,75,75,75,75,80,80,80,80,80,80,80,80,80,86,86,86,86,86,86,92,92,92,92,92,92,92,92],"card_choices":[{"not_picked":["Expertise","Choke"],"picked":"Footwork","floor":1},{"not_picked":["Reflex","Concentrate"],"picked":"Blur","floor":3},{"not_picked":["Dodge and Roll","Poisoned Stab"],"picked":"Riddle With Holes","floor":6},{"not_picked":["Concentrate","Poisoned Stab"],"picked":"Quick Slash","floor":8},{"not_picked":["Envenom","Calculated Gamble"],"picked":"Adrenaline","floor":10},{"not_picked":["Underhanded Strike","Poisoned Stab"],"picked":"Slice","floor":11},{"not_picked":["Quick Slash","Riddle With Holes"],"picked":"Terror","floor":12},{"not_picked":["Glass Knife","Bullet Time"],"picked":"Burst","floor":16},{"not_picked":["Heel Hook","Prepared"],"picked":"Poisoned Stab+1","floor":18},{"not_picked":["Bane","Grand Finale"],"picked":"Underhanded Strike+1","floor":19},{"not_picked":["Bane","PiercingWail+1"],"picked":"Backstab","floor":22},{"not_picked":["Poisoned Stab","Setup"],"picked":"Blur","floor":24},{"not_picked":["Outmaneuver","Night Terror","Dodge and Roll"],"picked":"Caltrops","floor":27},{"not_picked":["Flechettes","Acrobatics","Bouncing Flask+1"],"picked":"Heel Hook+1","floor":30},{"not_picked":["Blade Dance","Deadly Poison","Reflex"],"picked":"Prepared","floor":31},{"not_picked":["Unload","Burst","Phantasmal Killer"],"picked":"Envenom","floor":33},{"not_picked":["Skewer","Flying Knee+1","Poisoned Stab"],"picked":"Flechettes+1","floor":35},{"not_picked":["Terror","Finisher","Deflect"],"picked":"Backflip","floor":36},{"not_picked":["Acrobatics+1","Phantasmal Killer","Poisoned Stab"],"picked":"Caltrops+1","floor":39},{"not_picked":["Catalyst","Reflex+1","Blade Dance+1"],"picked":"Cloak And Dagger","floor":41},{"not_picked":["Quick Slash","Finisher+1","Flying Knee+1"],"picked":"Dagger Spray+1","floor":44},{"not_picked":["Deadly Poison+1","Flying Knee","Underhanded Strike+1"],"picked":"Noxious Fumes","floor":46},{"not_picked":["Slice","Distraction","Bane+1"],"picked":"Outmaneuver","floor":47}],"player_experience":399078,"relics_obtained":[{"floor":5,"key":"Letter Opener"},{"floor":6,"key":"Lantern"},{"floor":9,"key":"Tiny Chest"},{"floor":10,"key":"Art of War"},{"floor":26,"key":"Darkstone Periapt"},{"floor":26,"key":"Question Card"},{"floor":37,"key":"Centennial Puzzle"},{"floor":37,"key":"Bottled Flame"},{"floor":41,"key":"Thread and Needle"},{"floor":43,"key":"Ornamental Fan"},{"floor":44,"key":"Blood Vial"}],"event_choices":[{"damage_healed":0,"gold_gain":0,"player_choice":"Grow","damage_taken":0,"max_hp_gain":0,"max_hp_loss":0,"event_name":"Living Wall","floor":2,"gold_loss":0,"cards_upgraded":["Neutralize"]},{"damage_healed":0,"gold_gain":0,"player_choice":"Relic","damage_taken":0,"max_hp_gain":0,"max_hp_loss":0,"event_name":"Wheel of Change","floor":5,"gold_loss":0},{"damage_healed":0,"gold_gain":0,"player_choice":"Obtained Relic","damage_taken":0,"relics_obtained":["Matryoshka"],"max_hp_gain":0,"max_hp_loss":0,"event_name":"Addict","floor":20,"gold_loss":85},{"damage_healed":0,"gold_gain":0,"cards_transformed":["Strike_G"],"player_choice":"Transformed","damage_taken":0,"max_hp_gain":0,"max_hp_loss":0,"event_name":"Transmorgrifier","floor":21,"gold_loss":0,"cards_obtained":["Dash"]},{"damage_healed":0,"gold_gain":0,"player_choice":"Got Potions","damage_taken":0,"max_hp_gain":0,"max_hp_loss":0,"event_name":"Lab","floor":28,"gold_loss":0},{"damage_healed":0,"gold_gain":0,"player_choice":"Paid","damage_taken":0,"relics_obtained":["Red Mask"],"max_hp_gain":0,"max_hp_loss":0,"event_name":"Tomb of Lord Red Mask","floor":38,"gold_loss":268},{"damage_healed":0,"gold_gain":0,"player_choice":"Fight","damage_taken":0,"max_hp_gain":0,"max_hp_loss":0,"event_name":"MindBloom","floor":41,"gold_loss":0}],"is_beta":true,"boss_relics":[{"not_picked":["Empty Cage","Runic Dome"],"picked":"Cursed Key"},{"not_picked":["HoveringKite","Busted Crown"],"picked":"WristBlade"}],"items_purged_floors":[],"is_endless":false,"potions_floor_spawned":[1,8,11,16,19,22,31,36],"killed_by":"Time Eater","ascension_level":0}