{"gold_per_floor":[109,124,139,139,139,171,96,125,125,138,149,49,74,85,85,185,185,203,214,230,230],"floor_reached":21,"playtime":715,"items_purged":["Strike_B","Strike_B"],"score":232,"play_id":"37b65638-1523-4a6e-bcf0-11f0a11ce24d","local_time":"20190526183351","is_ascension_mode":true,"campfire_choices":[{"floor":15,"key":"REST"}],"neow_cost":"NONE","seed_source_timestamp":75710086354900,"circlet_count":0,"master_deck":["Strike_B","Strike_B","Defend_B","Defend_B","Defend_B","Defend_B","Zap+1","Dualcast","Go for the Eyes","Genetic Algorithm","Melter","Lockon","Defragment","Coolheaded","Ball Lightning","Coolheaded","Core Surge","Loop","Self Repair"],"special_seed":0,"relics":["Cracked Core","Question Card","Bottled Flame","Shuriken","Mummified Hand","Orichalcum","Coffee Dripper"],"potions_floor_usage":[20],"damage_taken":[{"damage":0.0,"enemies":"Small Slimes","floor":1.0,"turns":2.0},{"damage":7.0,"enemies":"Jaw Worm","floor":2.0,"turns":3.0},{"damage":0.0,"enemies":"Cultist","floor":3.0,"turns":3.0},{"damage":37.0,"enemies":"3 Sentries","floor":6.0,"turns":8.0},{"damage":12.0,"enemies":"Gremlin Nob","floor":8.0,"turns":4.0},{"damage":6.0,"enemies":"Lots of Slimes","floor":10.0,"turns":3.0},{"damage":0.0,"enemies":"2 Fungi Beasts","floor":11.0,"turns":2.0},{"damage":4,"enemies":"Blue Slaver","floor":14,"turns":2},{"damage":29,"enemies":"Slime Boss","floor":16,"turns":8},{"damage":7,"enemies":"Shell Parasite","floor":18,"turns":4},{"damage":10,"enemies":"2 Thieves","floor":19,"turns":5},{"damage":18,"enemies":"Snake Plant","floor":20,"turns":4},{"damage":19,"enemies":"Shelled Parasite and Fungi","floor":21,"turns":3}],"seed_played":"1326925641465824237","potions_obtained":[{"floor":3.0,"key":"Block Potion"},{"floor":6.0,"key":"Dexterity Potion"},{"floor":8.0,"key":"AttackPotion"},{"floor":16,"key":"Regen Potion"},{"floor":19,"key":"PowerPotion"}],"is_trial":false,"path_per_floor":["M","M","M","?","T","E","$","E","T","M","M","$","T","M","R","B",null,"M","M","M","M"],"character_chosen":"DEFECT","items_purchased":[],"campfire_rested":1,"item_purchase_floors":[],"current_hp_per_floor":[75,68,68,73,73,36,36,24,24,18,18,18,18,14,38,9,80,73,63,45,26],"gold":230,"neow_bonus":"UPGRADE_CARD","is_prod":false,"is_daily":false,"chose_seed":false,"campfire_upgraded":0,"win_rate":1,"timestamp":1558888431,"path_taken":["M","M","M","?","?","E","?","E","T","?","M","$","?","M","R","BOSS","M","?","M","M"],"build_version":"2019-01-23","purchased_purges":2,"victory":false,"max_hp_per_floor":[75,75,75,80,80,80,80,80,80,80,80,80,80,80,80,80,80,80,80,80,80],"card_choices":[{"not_picked":["Hologram","Scrape"],"picked":"Go for the Eyes","floor":1.0},{"not_picked":["Loop","Conserve Battery"],"picked":"Genetic Algorithm","floor":2.0},{"not_picked":["Coolheaded","Steam"],"picked":"Melter","floor":3.0},{"not_picked":["Streamline","Hologram","Undo"],"picked":"Lockon","floor":6.0},{"not_picked":["Leap","Coolheaded","Barrage"],"picked":"Defragment","floor":8.0},{"not_picked":["Go for the Eyes","Skim","Steam"],"picked":"Coolheaded","floor":10.0},{"not_picked":["Seek","Steam","Cold Snap"],"picked":"Ball Lightning","floor":11.0},{"not_picked":["Rebound","Conserve Battery","Genetic Algorithm"],"picked":"Coolheaded","floor":14},{"not_picked":["Thunder Strike","Meteor Strike","Hyperbeam"],"picked":"Core Surge","floor":16},{"not_picked":["Rip and Tear","Streamline","Rebound","Barrage"],"picked":"SKIP","floor":18},{"not_picked":["Streamline","Stack","Hologram"],"picked":"Loop","floor":19},{"not_picked":["Creative AI","Gash","Reinforced Body+1"],"picked":"Self Repair","floor":20}],"player_experience":28903,"relics_obtained":[{"floor":5.0,"key":"Question Card"},{"floor":6.0,"key":"Bottled Flame"},{"floor":8.0,"key":"Shuriken"},{"floor":9.0,"key":"Mummified Hand"},{"floor":13,"key":"Orichalcum"}],"event_choices":[{"damage_healed":0.0,"max_hp_gain":5.0,"max_hp_loss":0.0,"gold_gain":0.0,"event_name":"Big Fish","player_choice":"Donut","floor":4.0,"gold_loss":0.0,"damage_taken":0.0}],"is_beta":false,"boss_relics":[{"not_picked":["Eternal Feather","Philosopher\u0027s Stone"],"picked":"Coffee Dripper"}],"items_purged_floors":[7,12],"is_endless":false,"potions_floor_spawned":[3,6,8,16,19],"killed_by":"Shelled Parasite and Fungi","ascension_level":4}