{"gold_per_floor":[113,38,53,53,70,99,99,112,161,186,136,162,190,204,204,306,306,319,336,336,351,366,395,410,438,438,448,448,458,458,557,557,658,658,678,778,131,131,131,131,157,157,180,199,218,235,261,261,261,261],"floor_reached":50,"playtime":2277,"items_purged":["Strike_R","Strike_R"],"score":703,"play_id":"e2fd1a2f-394b-4296-8a2d-820a88a40149","local_time":"20190528110058","is_ascension_mode":true,"campfire_choices":[{"floor":7.0,"key":"REST"},{"data":"Juggernaut","floor":15.0,"key":"SMITH"},{"data":"Armaments","floor":28.0,"key":"SMITH"},{"data":"Immolate","floor":30.0,"key":"SMITH"},{"data":"Metallicize","floor":32.0,"key":"SMITH"},{"data":"Barricade","floor":40.0,"key":"SMITH"},{"floor":42.0,"key":"REST"},{"floor":49,"key":"REST"}],"neow_cost":"NONE","seed_source_timestamp":219739124380900,"circlet_count":0,"master_deck":["Strike_R","Strike_R","Defend_R","Defend_R","Defend_R","Defend_R","Bash","Twin Strike","Battle Trance","Armaments+1","Juggernaut+1","Sword Boomerang","Metallicize+1","Power Through","Immolate+1","Body Slam+1","Evolve","Havoc+1","Barricade+1","Ghostly Armor+1","Body Slam+1","Headbutt","Corruption"],"special_seed":0,"relics":["Burning Blood","Blood Vial","Letter Opener","Bag of Preparation","Regal Pillow","Odd Mushroom","Magic Flower","Busted Crown","Pen Nib","Oddly Smooth Stone","Pantograph","Orrery","Ice Cream","Turnip","Question Card","Smiling Mask","Happy Flower","FossilizedHelix"],"potions_floor_usage":[50,50,50],"damage_taken":[{"damage":5.0,"enemies":"Small Slimes","floor":1.0,"turns":3.0},{"damage":0.0,"enemies":"2 Louse","floor":3.0,"turns":3.0},{"damage":1.0,"enemies":"Cultist","floor":5.0,"turns":3.0},{"damage":40.0,"enemies":"Gremlin Nob","floor":6.0,"turns":5.0},{"damage":7.0,"enemies":"Looter","floor":8.0,"turns":4.0},{"damage":29.0,"enemies":"Lagavulin","floor":10.0,"turns":7.0},{"damage":9.0,"enemies":"The Mushroom Lair","floor":12.0,"turns":4.0},{"damage":29.0,"enemies":"3 Sentries","floor":13.0,"turns":8.0},{"damage":3.0,"enemies":"Blue Slaver","floor":14.0,"turns":4.0},{"damage":11.0,"enemies":"The Guardian","floor":16.0,"turns":12.0},{"damage":9.0,"enemies":"3 Byrds","floor":18.0,"turns":3.0},{"damage":0.0,"enemies":"Shell Parasite","floor":19.0,"turns":4.0},{"damage":3.0,"enemies":"Centurion and Healer","floor":21.0,"turns":6.0},{"damage":3.0,"enemies":"Shelled Parasite and Fungi","floor":22.0,"turns":5.0},{"damage":27.0,"enemies":"Slavers","floor":23.0,"turns":4.0},{"damage":0.0,"enemies":"Cultist and Chosen","floor":24.0,"turns":4.0},{"damage":11.0,"enemies":"Book of Stabbing","floor":25.0,"turns":4.0},{"damage":6.0,"enemies":"Centurion and Healer","floor":27.0,"turns":6.0},{"damage":14.0,"enemies":"3 Cultists","floor":29.0,"turns":4.0},{"damage":17.0,"enemies":"Collector","floor":33.0,"turns":6.0},{"damage":4.0,"enemies":"3 Shapes","floor":35.0,"turns":2.0},{"damage":9.0,"enemies":"Mind Bloom Boss Battle","floor":36.0,"turns":6.0},{"damage":41.0,"enemies":"Reptomancer","floor":41.0,"turns":6.0},{"damage":7.0,"enemies":"3 Darklings","floor":44.0,"turns":3.0},{"damage":30.0,"enemies":"Jaw Worm Horde","floor":45.0,"turns":4.0},{"damage":25.0,"enemies":"4 Shapes","floor":46.0,"turns":3.0},{"damage":17,"enemies":"Giant Head","floor":47,"turns":7},{"damage":96,"enemies":"Awakened One","floor":50,"turns":10}],"seed_played":"-4550463707785004302","potions_obtained":[{"floor":1.0,"key":"Weak Potion"},{"floor":8.0,"key":"Dexterity Potion"},{"floor":10.0,"key":"Strength Potion"},{"floor":13.0,"key":"Swift Potion"},{"floor":14.0,"key":"Regen Potion"},{"floor":16.0,"key":"LiquidBronze"},{"floor":23.0,"key":"Ancient Potion"},{"floor":24.0,"key":"PowerPotion"},{"floor":27.0,"key":"Swift Potion"},{"floor":44.0,"key":"EssenceOfSteel"}],"is_trial":false,"path_per_floor":["M","$","M","?","M","E","R","M","T","E","?","?","E","M","R","B",null,"M","M","?","M","M","E","M","E","T","M","R","M","R","?","R","B",null,"M","?","$","?","?","R","E","R","T","M","M","M","E","?","R","B"],"character_chosen":"IRONCLAD","items_purchased":["Turnip","Question Card"],"campfire_rested":3,"item_purchase_floors":[37,37],"current_hp_per_floor":[80,80,80,80,80,46,70,71,71,50,50,49,28,37,37,38,70,73,80,80,80,80,62,74,75,75,80,80,75,75,75,75,72,78,80,80,80,76,76,76,44,76,76,76,55,42,37,37,74,0],"gold":261,"neow_bonus":"RANDOM_COMMON_RELIC","is_prod":false,"is_daily":false,"chose_seed":false,"campfire_upgraded":5,"win_rate":0,"timestamp":1559034058,"path_taken":["M","$","M","?","M","E","R","M","T","E","?","?","E","M","R","BOSS","M","M","?","M","M","E","?","E","T","M","R","M","R","?","R","BOSS","M","?","$","?","?","R","E","R","T","?","M","M","E","?","R","BOSS"],"build_version":"2019-01-23","purchased_purges":2,"victory":false,"max_hp_per_floor":[80,80,80,80,80,80,80,80,80,80,80,80,80,80,80,80,80,80,80,80,80,80,80,80,80,80,80,80,80,80,80,80,80,80,80,80,80,76,76,76,76,76,76,76,76,76,76,76,76,76],"card_choices":[{"not_picked":["Power Through","Clothesline"],"picked":"Twin Strike","floor":1.0},{"not_picked":["Pummel","Burning Pact"],"picked":"Battle Trance","floor":3.0},{"not_picked":["Heavy Blade","Warcry"],"picked":"Armaments","floor":5.0},{"not_picked":["Reckless Charge","Combust"],"picked":"Juggernaut","floor":6.0},{"not_picked":["Flex","Infernal Blade"],"picked":"Sword Boomerang","floor":8.0},{"not_picked":["Heavy Blade","Body Slam"],"picked":"Metallicize","floor":10.0},{"not_picked":["Thunderclap","Exhume","Sword Boomerang"],"picked":"SKIP","floor":13.0},{"not_picked":["Pommel Strike","Havoc"],"picked":"Power Through","floor":14.0},{"not_picked":["Dark Embrace","Juggernaut"],"picked":"Immolate","floor":16.0},{"not_picked":[],"picked":"Body Slam+1","floor":18.0},{"not_picked":["Cleave"],"picked":"SKIP","floor":19.0},{"not_picked":[],"picked":"Evolve","floor":21.0},{"not_picked":[],"picked":"Havoc+1","floor":22.0},{"not_picked":["Clash+1"],"picked":"SKIP","floor":23.0},{"not_picked":["Reckless Charge+1"],"picked":"SKIP","floor":24.0},{"not_picked":["Reckless Charge+1"],"picked":"SKIP","floor":25.0},{"not_picked":["Heavy Blade"],"picked":"SKIP","floor":27.0},{"not_picked":["Wild Strike"],"picked":"SKIP","floor":29.0},{"not_picked":[],"picked":"Barricade","floor":33.0},{"not_picked":[],"picked":"Ghostly Armor+1","floor":34.0},{"not_picked":[],"picked":"Body Slam+1","floor":34.0},{"not_picked":[],"picked":"Headbutt","floor":35.0},{"not_picked":[],"picked":"Rage+1","floor":36.0},{"not_picked":["Bloodletting","Iron Wave+1"],"picked":"SKIP","floor":41.0},{"not_picked":["Clash"],"picked":"Corruption","floor":44.0},{"not_picked":["Sword Boomerang","Clothesline"],"picked":"SKIP","floor":45.0},{"not_picked":["Sever Soul+1","Inflame"],"picked":"SKIP","floor":46.0},{"not_picked":["Thunderclap","Armaments"],"picked":"SKIP","floor":47}],"player_experience":54375,"relics_obtained":[{"floor":6.0,"key":"Letter Opener"},{"floor":9.0,"key":"Bag of Preparation"},{"floor":10.0,"key":"Regal Pillow"},{"floor":12.0,"key":"Odd Mushroom"},{"floor":13.0,"key":"Magic Flower"},{"floor":23.0,"key":"Pen Nib"},{"floor":25.0,"key":"Oddly Smooth Stone"},{"floor":26.0,"key":"Pantograph"},{"floor":36.0,"key":"Ice Cream"},{"floor":41.0,"key":"Smiling Mask"},{"floor":43.0,"key":"Happy Flower"},{"floor":47,"key":"FossilizedHelix"}],"event_choices":[{"damage_healed":0.0,"max_hp_gain":0.0,"max_hp_loss":0.0,"gold_gain":0.0,"event_name":"Liars Game","player_choice":"Ignored","floor":4.0,"gold_loss":0.0,"damage_taken":0.0},{"cards_removed":["Strike_R"],"damage_healed":0.0,"max_hp_gain":0.0,"max_hp_loss":0.0,"gold_gain":0.0,"event_name":"The Cleric","player_choice":"Card Removal","floor":11.0,"gold_loss":50.0,"damage_taken":0.0},{"damage_healed":0.0,"max_hp_gain":0.0,"max_hp_loss":0.0,"gold_gain":0.0,"event_name":"Mushrooms","player_choice":"Fought Mushrooms","floor":12.0,"gold_loss":0.0,"damage_taken":0.0},{"damage_healed":0.0,"max_hp_gain":0.0,"max_hp_loss":0.0,"gold_gain":0.0,"event_name":"The Woman in Blue","player_choice":"Bought 0 Potions","floor":20.0,"gold_loss":0.0,"damage_taken":0.0},{"damage_healed":0.0,"max_hp_gain":0.0,"max_hp_loss":0.0,"gold_gain":99.0,"event_name":"Nest","player_choice":"Stole From Cult","floor":31.0,"gold_loss":0.0,"damage_taken":0.0},{"damage_healed":0.0,"max_hp_gain":0.0,"max_hp_loss":0.0,"gold_gain":0.0,"event_name":"MindBloom","player_choice":"Fight","floor":36.0,"gold_loss":0.0,"damage_taken":0.0},{"damage_healed":0.0,"max_hp_gain":0.0,"max_hp_loss":4.0,"gold_gain":0.0,"event_name":"Winding Halls","player_choice":"Max HP","floor":38.0,"gold_loss":0.0,"damage_taken":0.0},{"cards_removed":["Rage"],"damage_healed":0.0,"max_hp_gain":0.0,"max_hp_loss":0.0,"gold_gain":0.0,"event_name":"Falling","player_choice":"Removed Skill","floor":39.0,"gold_loss":0.0,"damage_taken":0.0},{"damage_healed":0,"gold_gain":0,"player_choice":"Ignored","damage_taken":0,"max_hp_gain":0,"max_hp_loss":0,"event_name":"The Moai Head","floor":48,"gold_loss":0}],"is_beta":false,"boss_relics":[{"not_picked":["Philosopher\u0027s Stone","Coffee Dripper"],"picked":"Busted Crown"},{"not_picked":["White Beast Statue","Lizard Tail"],"picked":"Orrery"}],"items_purged_floors":[2,37],"is_endless":false,"potions_floor_spawned":[1,8,10,13,14,16,18,23,24,27,29,35,36,44,46],"killed_by":"Awakened One","ascension_level":5}