{"gold_per_floor":[113,126,126,126,144,144,173,193,193,193,249,249,263,279,279,380,380,392,392],"floor_reached":19,"playtime":1372,"items_purged":[],"score":262,"play_id":"b518fde2-0252-4d7f-bc05-528666cd234d","local_time":"20190504162149","is_ascension_mode":true,"campfire_choices":[{"data":"Neutralize","floor":6.0,"key":"SMITH"},{"floor":10.0,"key":"REST"},{"floor":12.0,"key":"REST"},{"floor":15.0,"key":"REST"}],"neow_cost":"TEN_PERCENT_HP_LOSS","seed_source_timestamp":0,"circlet_count":0,"master_deck":["AscendersBane","Defend_G","Defend_G","Defend_G","Defend_G","Defend_G","Strike_G","Strike_G","Strike_G","Survivor","Neutralize+1","Flying Knee","Quick Slash","Poisoned Stab","Quick Slash","Dagger Throw","Quick Slash","Blur","Adrenaline","Wraith Form v2","Backflip","Deflect","Riddle With Holes"],"special_seed":0,"relics":["Ring of the Snake","Ice Cream","Bronze Scales","Omamori","Pantograph","Orrery"],"potions_floor_usage":[],"damage_taken":[{"damage":5.0,"enemies":"Jaw Worm","floor":1.0,"turns":4.0},{"damage":9.0,"enemies":"Cultist","floor":2.0,"turns":5.0},{"damage":0.0,"enemies":"2 Louse","floor":5.0,"turns":3.0},{"damage":37.0,"enemies":"3 Sentries","floor":7.0,"turns":12.0},{"damage":3.0,"enemies":"Looter","floor":8.0,"turns":3.0},{"damage":22.0,"enemies":"Lagavulin Event","floor":11.0,"turns":7.0},{"damage":18.0,"enemies":"3 Louse","floor":13.0,"turns":3.0},{"damage":0.0,"enemies":"Gremlin Gang","floor":14.0,"turns":4.0},{"damage":42.0,"enemies":"The Guardian","floor":16.0,"turns":15.0},{"damage":18,"enemies":"Chosen","floor":18,"turns":6},{"damage":36,"enemies":"Shell Parasite","floor":19,"turns":7}],"seed_played":"353701067486905910","potions_obtained":[{"floor":1.0,"key":"Ancient Potion"},{"floor":8.0,"key":"EssenceOfSteel"},{"floor":13.0,"key":"GhostInAJar"},{"floor":16.0,"key":"SmokeBomb"}],"is_trial":false,"path_per_floor":["M","M","?","?","M","R","E","M","T","R","?","R","M","M","R","B",null,"M","M"],"character_chosen":"THE_SILENT","items_purchased":[],"campfire_rested":3,"item_purchase_floors":[],"current_hp_per_floor":[58,49,49,49,49,49,12,9,9,27,5,23,5,5,23,6,49,31,0],"gold":392,"neow_bonus":"ONE_RARE_RELIC","is_prod":false,"is_daily":false,"chose_seed":false,"campfire_upgraded":1,"win_rate":0,"timestamp":1556965309,"path_taken":["M","M","?","?","?","R","E","M","T","R","?","R","M","M","R","BOSS","M","M"],"build_version":"2019-01-23","purchased_purges":0,"victory":false,"max_hp_per_floor":[63,63,63,63,63,63,63,63,63,63,63,63,63,63,63,63,63,63,63],"card_choices":[{"not_picked":["Finisher","Blade Dance"],"picked":"Flying Knee","floor":1.0},{"not_picked":["Finisher","PiercingWail"],"picked":"Quick Slash","floor":2.0},{"not_picked":["Deadly Poison","Footwork"],"picked":"Poisoned Stab","floor":5.0},{"not_picked":["Distraction","Burst"],"picked":"Quick Slash","floor":7.0},{"not_picked":["Deadly Poison","Outmaneuver"],"picked":"Dagger Throw","floor":8.0},{"not_picked":["Infinite Blades","Slice"],"picked":"Quick Slash","floor":11.0},{"not_picked":["Predator","Sucker Punch"],"picked":"Blur","floor":13.0},{"not_picked":["Acrobatics","Heel Hook","Expertise"],"picked":"SKIP","floor":14.0},{"not_picked":["Unload","Corpse Explosion"],"picked":"Adrenaline","floor":16.0},{"not_picked":["Dagger Spray","Heel Hook"],"picked":"Wraith Form v2","floor":17},{"not_picked":["Quick Slash","Leg Sweep"],"picked":"Backflip","floor":17},{"not_picked":["Blade Dance","Poisoned Stab"],"picked":"Deflect","floor":17},{"not_picked":["Underhanded Strike","Backstab"],"picked":"Riddle With Holes","floor":18}],"player_experience":1289083,"relics_obtained":[{"floor":7.0,"key":"Bronze Scales"},{"floor":9.0,"key":"Omamori"},{"floor":11.0,"key":"Pantograph"}],"event_choices":[{"cards_removed":["Strike_G"],"damage_healed":0.0,"max_hp_gain":0.0,"max_hp_loss":0.0,"gold_gain":0.0,"event_name":"Living Wall","player_choice":"Forget","floor":3.0,"gold_loss":0.0,"damage_taken":0.0},{"cards_removed":["Strike_G"],"damage_healed":0.0,"max_hp_gain":0.0,"max_hp_loss":0.0,"gold_gain":0.0,"event_name":"Bonfire Elementals","player_choice":"Offered Basic","floor":4.0,"gold_loss":0.0,"damage_taken":0.0},{"damage_healed":0.0,"max_hp_gain":0.0,"max_hp_loss":0.0,"gold_gain":0.0,"event_name":"Dead Adventurer","player_choice":"Searched \u00271\u0027 times","floor":11.0,"gold_loss":0.0,"damage_taken":0.0}],"is_beta":false,"boss_relics":[{"not_picked":["Fusion Hammer","Ectoplasm"],"picked":"Orrery"}],"items_purged_floors":[],"is_endless":false,"potions_floor_spawned":[1,8,13,16],"killed_by":"Shell Parasite","ascension_level":11}