{"gold_per_floor":[117,117,131,146,160,160,192,192,192,212,222,222,547,547],"floor_reached":14,"playtime":431,"items_purged":[],"score":138,"play_id":"673c6451-99e7-4f6b-b6d4-dfc21c122a3b","local_time":"20190529094644","is_ascension_mode":true,"campfire_choices":[{"data":"Doom and Gloom","floor":6,"key":"SMITH"},{"data":"1","floor":8,"key":"LIFT"},{"floor":12,"key":"REST"}],"neow_cost":"NONE","seed_source_timestamp":303584246328800,"circlet_count":0,"master_deck":["Strike_B","Strike_B","Strike_B","Strike_B","Defend_B","Defend_B","Defend_B","Defend_B","Zap","Dualcast","Ball Lightning","Cold Snap","Coolheaded","Doom and Gloom+1","Machine Learning","Gash","Compile Driver","Consume"],"relics":["Cracked Core","Girya","Du-Vu Doll","Old Coin"],"potions_floor_usage":[],"damage_taken":[{"damage":12,"enemies":"Small Slimes","floor":1,"turns":4},{"damage":0,"enemies":"Cultist","floor":3,"turns":3},{"damage":0,"enemies":"2 Louse","floor":4,"turns":2},{"damage":20,"enemies":"Lots of Slimes","floor":5,"turns":4},{"damage":20,"enemies":"3 Sentries","floor":7,"turns":5},{"damage":14,"enemies":"Red Slaver","floor":10,"turns":3},{"damage":4,"enemies":"Blue Slaver","floor":11,"turns":3},{"damage":23,"enemies":"Lagavulin","floor":13,"turns":6},{"damage":12,"enemies":"Lots of Slimes","floor":14,"turns":2}],"seed_played":"-8660537335166392824","potions_obtained":[{"floor":5,"key":"Weak Potion"},{"floor":11,"key":"Swift Potion"}],"is_trial":false,"path_per_floor":["M","?","M","M","M","R","E","R","T","M","M","R","E","M"],"character_chosen":"DEFECT","items_purchased":[],"campfire_rested":1,"item_purchase_floors":[],"current_hp_per_floor":[56,75,75,75,55,55,35,35,35,21,17,39,16,4],"gold":547,"neow_bonus":"THREE_CARDS","is_prod":false,"is_daily":false,"chose_seed":false,"campfire_upgraded":1,"win_rate":0,"timestamp":1559116004,"path_taken":["M","?","M","M","?","R","E","R","T","M","M","R","E","M"],"build_version":"2019-01-23","purchased_purges":0,"victory":false,"max_hp_per_floor":[75,75,75,75,75,75,75,75,75,75,75,75,75,75],"card_choices":[{"not_picked":["White Noise","Aggregate"],"picked":"Static Discharge","floor":0},{"not_picked":["Hologram","Heatsinks"],"picked":"Ball Lightning","floor":1},{"not_picked":["Reinforced Body","Beam Cell"],"picked":"Cold Snap","floor":3},{"not_picked":["Go for the Eyes","Static Discharge"],"picked":"Coolheaded","floor":4},{"not_picked":["Rebound","Turbo"],"picked":"Doom and Gloom","floor":5},{"not_picked":["Turbo","Stack"],"picked":"Machine Learning","floor":7},{"not_picked":["Redo","Melter"],"picked":"Gash","floor":10},{"not_picked":["Darkness","Stack"],"picked":"Compile Driver","floor":11},{"not_picked":["Steam","Heatsinks"],"picked":"Consume","floor":13}],"player_experience":65239,"relics_obtained":[{"floor":7,"key":"Girya"},{"floor":9,"key":"Du-Vu Doll"},{"floor":13,"key":"Old Coin"}],"event_choices":[{"cards_removed":["Static Discharge"],"damage_healed":19,"gold_gain":0,"player_choice":"Offered Uncommon","damage_taken":0,"max_hp_gain":0,"max_hp_loss":0,"event_name":"Bonfire Elementals","floor":2,"gold_loss":0}],"is_beta":false,"boss_relics":[],"items_purged_floors":[],"is_endless":false,"potions_floor_spawned":[5,11],"killed_by":"Lots of Slimes","ascension_level":7}