{"gold_per_floor":[118,138,138,148,117,144,69,69,69,102,120,148,148,163,163,265,265,283,294,9,25,44,76,76,89,161,161,161,161,188,207,207,308,308,323,18,32,49,65,65,90,106,160,160,178,178],"floor_reached":46,"playtime":4623,"items_purged":["Defend_G","Defend_G"],"score":617,"play_id":"2d4bdffb-fd1d-4b5d-800b-9b7da65b1ce9","local_time":"20190530223643","is_ascension_mode":true,"campfire_choices":[{"floor":8,"key":"REST"},{"floor":15,"key":"REST"},{"floor":24,"key":"REST"},{"floor":27,"key":"REST"},{"floor":29,"key":"REST"},{"data":"Footwork","floor":32,"key":"SMITH"},{"data":"Riddle With Holes","floor":40,"key":"SMITH"},{"floor":44,"key":"REST"}],"neow_cost":"NONE","seed_source_timestamp":1219827731028110,"circlet_count":0,"master_deck":["Strike_G+1","Strike_G+1","Survivor","Footwork+1","Backflip","Leg Sweep","Predator","Leg Sweep","Riddle With Holes+1","Phantasmal Killer","Caltrops","Leg Sweep","The Bomb","Footwork","Expertise+1","Backflip","After Image","Dagger Spray+1","All Out Attack+1","Prepared+1","Backflip+1"],"relics":["Snecko Eye","Pantograph","Whetstone","Pen Nib","Snake Skull","Empty Cage","Bag of Preparation","Ornamental Fan","Omamori","Ancient Tea Set","Astrolabe","Gambling Chip","Incense Burner","Juzu Bracelet"],"potions_floor_usage":[10,18,31,33,41,46,46],"damage_taken":[{"damage":4,"enemies":"Small Slimes","floor":1,"turns":6},{"damage":2,"enemies":"Jaw Worm","floor":2,"turns":6},{"damage":0,"enemies":"Cultist","floor":4,"turns":4},{"damage":25,"enemies":"3 Sentries","floor":6,"turns":18},{"damage":11,"enemies":"Gremlin Nob","floor":10,"turns":5},{"damage":0,"enemies":"2 Fungi Beasts","floor":11,"turns":6},{"damage":2,"enemies":"Lagavulin","floor":12,"turns":7},{"damage":5,"enemies":"Lots of Slimes","floor":14,"turns":10},{"damage":1,"enemies":"The Guardian","floor":16,"turns":14},{"damage":0,"enemies":"3 Byrds","floor":18,"turns":7},{"damage":0,"enemies":"Chosen","floor":19,"turns":6},{"damage":8,"enemies":"Centurion and Healer","floor":21,"turns":5},{"damage":15,"enemies":"Shelled Parasite and Fungi","floor":22,"turns":6},{"damage":22,"enemies":"Gremlin Leader","floor":23,"turns":8},{"damage":12,"enemies":"Cultist and Chosen","floor":25,"turns":7},{"damage":11,"enemies":"Book of Stabbing","floor":30,"turns":5},{"damage":3,"enemies":"Centurion and Healer","floor":31,"turns":4},{"damage":29,"enemies":"Champ","floor":33,"turns":13},{"damage":0,"enemies":"Orb Walker","floor":35,"turns":3},{"damage":12,"enemies":"3 Darklings","floor":37,"turns":4},{"damage":0,"enemies":"Jaw Worm Horde","floor":38,"turns":3},{"damage":1,"enemies":"Writhing Mass","floor":39,"turns":10},{"damage":32,"enemies":"Giant Head","floor":41,"turns":7},{"damage":8,"enemies":"Maw","floor":42,"turns":8},{"damage":1,"enemies":"Jaw Worm Horde","floor":45,"turns":5},{"damage":48,"enemies":"Reptomancer","floor":46,"turns":4}],"seed_played":"4856268336075151683","potions_obtained":[{"floor":6,"key":"PowerPotion"},{"floor":10,"key":"SteroidPotion"},{"floor":11,"key":"Ancient Potion"},{"floor":14,"key":"GamblersBrew"},{"floor":23,"key":"Dexterity Potion"},{"floor":31,"key":"Fruit Juice"},{"floor":38,"key":"Dexterity Potion"},{"floor":39,"key":"Ancient Potion"},{"floor":42,"key":"Poison Potion"},{"floor":45,"key":"Strength Potion"}],"is_trial":false,"path_per_floor":["M","M","?","M","?","E","$","R","T","E","M","E","?","M","R","B",null,"M","M","$","M","M","E","R","M","T","R","?","R","E","M","R","B",null,"M","$","M","M","M","R","E","M","T","R","M","E"],"character_chosen":"THE_SILENT","items_purchased":["The Bomb","Gambling Chip"],"campfire_rested":6,"item_purchase_floors":[20,36],"current_hp_per_floor":[66,64,57,57,57,32,32,53,53,42,42,40,40,35,56,69,70,70,70,70,62,47,25,46,34,34,55,55,70,59,61,61,46,75,75,75,63,63,62,62,30,22,22,44,43,0],"gold":178,"neow_bonus":"BOSS_RELIC","is_prod":false,"is_daily":false,"chose_seed":false,"campfire_upgraded":2,"win_rate":0,"timestamp":1559270203,"path_taken":["M","M","?","M","?","E","$","R","T","E","M","E","?","M","R","BOSS","M","M","$","M","M","E","R","M","T","R","?","R","E","M","R","BOSS","M","$","M","M","M","R","E","?","T","R","M","E"],"build_version":"2019-01-23","purchased_purges":2,"victory":false,"max_hp_per_floor":[70,70,70,70,70,70,70,70,70,70,70,70,70,70,70,70,70,70,70,70,70,70,70,70,70,70,70,70,70,70,75,75,75,75,75,75,75,75,75,75,75,75,75,75,75,75],"card_choices":[{"not_picked":["Slice","Flying Knee","Cloak And Dagger"],"picked":"SKIP","floor":1},{"not_picked":["Distraction","Sucker Punch"],"picked":"Footwork","floor":2},{"not_picked":["Sucker Punch","Slice"],"picked":"Backflip","floor":4},{"not_picked":["Dagger Throw","Setup","Flying Knee"],"picked":"SKIP","floor":6},{"not_picked":["Backflip","All Out Attack"],"picked":"Leg Sweep","floor":10},{"not_picked":["Unload","Dodge and Roll"],"picked":"Predator","floor":11},{"not_picked":["Outmaneuver","Endless Agony"],"picked":"Leg Sweep","floor":12},{"not_picked":["Prepared","PiercingWail"],"picked":"Riddle With Holes","floor":14},{"not_picked":["Corpse Explosion","Grand Finale"],"picked":"Phantasmal Killer","floor":16},{"not_picked":["Skewer+1","Slice"],"picked":"Caltrops","floor":18},{"not_picked":["Sucker Punch","Escape Plan"],"picked":"Leg Sweep","floor":19},{"not_picked":["Quick Slash","Flying Knee","Cloak And Dagger+1"],"picked":"SKIP","floor":21},{"not_picked":["PiercingWail+1","Acrobatics+1","Deflect"],"picked":"SKIP","floor":22},{"not_picked":["All Out Attack","Slice"],"picked":"Footwork","floor":23},{"not_picked":["Dagger Throw","Distraction","Deadly Poison"],"picked":"SKIP","floor":25},{"not_picked":["Terror","Wraith Form v2"],"picked":"Expertise+1","floor":30},{"not_picked":["Heel Hook","Sucker Punch"],"picked":"Backflip","floor":31},{"not_picked":["Glass Knife","Malaise"],"picked":"After Image","floor":33},{"not_picked":["Bane","Dodge and Roll+1","Blade Dance+1"],"picked":"SKIP","floor":35},{"not_picked":["Underhanded Strike","Well Laid Plans+1","Noxious Fumes"],"picked":"SKIP","floor":37},{"not_picked":["Slice","Poisoned Stab","Deflect"],"picked":"SKIP","floor":38},{"not_picked":["Heel Hook","Eviscerate","Underhanded Strike+1"],"picked":"SKIP","floor":39},{"not_picked":["PiercingWail","Venomology","Acrobatics"],"picked":"SKIP","floor":41},{"not_picked":["Flying Knee","Masterful Stab","Underhanded Strike"],"picked":"SKIP","floor":42},{"not_picked":["Dagger Spray+1","Acrobatics"],"picked":"Backflip+1","floor":45}],"player_experience":331892,"relics_obtained":[{"floor":6,"key":"Pantograph"},{"floor":9,"key":"Whetstone"},{"floor":10,"key":"Pen Nib"},{"floor":12,"key":"Snake Skull"},{"floor":23,"key":"Bag of Preparation"},{"floor":26,"key":"Ornamental Fan"},{"floor":30,"key":"Ancient Tea Set"},{"floor":41,"key":"Incense Burner"},{"floor":43,"key":"Juzu Bracelet"}],"event_choices":[{"cards_removed":["Strike_G"],"damage_healed":0,"gold_gain":0,"player_choice":"Card Removal","damage_taken":7,"max_hp_gain":0,"max_hp_loss":0,"event_name":"Golden Wing","floor":3,"gold_loss":0},{"damage_healed":0,"gold_gain":0,"player_choice":"Left Gold","damage_taken":0,"max_hp_gain":0,"max_hp_loss":0,"event_name":"World of Goop","floor":5,"gold_loss":31},{"cards_removed":["Strike_G"],"damage_healed":0,"gold_gain":0,"player_choice":"Forget","damage_taken":0,"max_hp_gain":0,"max_hp_loss":0,"event_name":"Living Wall","floor":13,"gold_loss":0},{"damage_healed":0,"gold_gain":0,"player_choice":"Gave Potion","damage_taken":0,"relics_obtained":["Omamori"],"max_hp_gain":0,"max_hp_loss":0,"event_name":"WeMeetAgain","floor":28,"gold_loss":0}],"is_beta":false,"boss_relics":[{"not_picked":["Calling Bell","Cursed Key"],"picked":"Empty Cage"},{"not_picked":["Black Star","Runic Dome"],"picked":"Astrolabe"}],"items_purged_floors":[7,20],"is_endless":false,"potions_floor_spawned":[6,10,11,14,23,31,38,39,42,45],"killed_by":"Reptomancer","ascension_level":4}