{"gold_per_floor":[116,133,143,162,172,172,234,234,286,300,311,341,54,34,34,135,135,152,152,152,51,51,79,98,98,122,140,173,4,4,31,31,134,134,152,205,215,231,245,245,274,274,301,401,401,419,434,451,451,451,451,451,44,70,70],"floor_reached":55,"playtime":3232,"items_purged":["Strike_R","Strike_R"],"score":769,"play_id":"6551f3ad-2839-4d40-bb0f-abbfbf7e33cc","local_time":"20190202143125","is_ascension_mode":false,"campfire_choices":[{"data":"Armaments","floor":6.0,"key":"SMITH"},{"floor":8.0,"key":"RECALL"},{"data":"True Grit","floor":15.0,"key":"SMITH"},{"data":"True Grit","floor":25.0,"key":"SMITH"},{"data":"Spot Weakness","floor":30.0,"key":"SMITH"},{"data":"Bandage Up","floor":32.0,"key":"SMITH"},{"data":"Reaper","floor":40.0,"key":"SMITH"},{"data":"Flame Barrier","floor":42.0,"key":"SMITH"},{"data":"Shrug It Off","floor":45.0,"key":"SMITH"},{"data":"Pommel Strike","floor":49.0,"key":"SMITH"},{"data":"Heavy Blade","floor":52.0,"key":"SMITH"}],"neow_cost":"NONE","seed_source_timestamp":0,"circlet_count":0,"master_deck":["Bash","Pommel Strike+1","Armaments+1","Reaper+1","Whirlwind","Shrug It Off","Heavy Blade+1","Shrug It Off","True Grit+1","Bandage Up+1","Spot Weakness+1","Uppercut+1","Whirlwind+1","Offering","Body Slam+1","True Grit+1","Searing Blow+1","Flame Barrier+1","Corruption+1","Impervious","Warcry","Iron Wave+1","Flex","Shrug It Off+1","Body Slam+1","Whirlwind+1","Heavy Blade+1","Pommel Strike+1","Body Slam+1","Finesse"],"special_seed":0,"relics":["Burning Blood","Tiny Chest","Molten Egg 2","Busted Crown","Gambling Chip","Centennial Puzzle","Blood Vial","Art of War","Potion Belt","Pandora\u0027s Box","Incense Burner","Singing Bowl","Pen Nib","StoneCalendar","Nunchaku","Red Skull"],"potions_floor_usage":[55,55,55],"damage_taken":[{"damage":5.0,"enemies":"Small Slimes","floor":1.0,"turns":4.0},{"damage":0.0,"enemies":"Cultist","floor":2.0,"turns":2.0},{"damage":0.0,"enemies":"2 Louse","floor":3.0,"turns":3.0},{"damage":12.0,"enemies":"Looter","floor":4.0,"turns":4.0},{"damage":0.0,"enemies":"Exordium Wildlife","floor":5.0,"turns":3.0},{"damage":13.0,"enemies":"3 Sentries","floor":7.0,"turns":4.0},{"damage":10.0,"enemies":"2 Fungi Beasts","floor":10.0,"turns":3.0},{"damage":10.0,"enemies":"Looter","floor":11.0,"turns":4.0},{"damage":49.0,"enemies":"Lagavulin","floor":12.0,"turns":8.0},{"damage":23.0,"enemies":"Hexaghost","floor":16.0,"turns":13.0},{"damage":0.0,"enemies":"3 Byrds","floor":18.0,"turns":3.0},{"damage":12.0,"enemies":"Book of Stabbing","floor":23.0,"turns":4.0},{"damage":6.0,"enemies":"Chosen","floor":24.0,"turns":3.0},{"damage":12.0,"enemies":"Snake Plant","floor":27.0,"turns":4.0},{"damage":42.0,"enemies":"Gremlin Leader","floor":28.0,"turns":7.0},{"damage":31.0,"enemies":"Book of Stabbing","floor":31.0,"turns":6.0},{"damage":77.0,"enemies":"Collector","floor":33.0,"turns":10.0},{"damage":10.0,"enemies":"Orb Walker","floor":35.0,"turns":3.0},{"damage":47.0,"enemies":"2 Orb Walkers","floor":36.0,"turns":5.0},{"damage":10.0,"enemies":"3 Shapes","floor":37.0,"turns":3.0},{"damage":6.0,"enemies":"3 Darklings","floor":38.0,"turns":2.0},{"damage":34.0,"enemies":"Sphere and 2 Shapes","floor":39.0,"turns":4.0},{"damage":31.0,"enemies":"Nemesis","floor":41.0,"turns":7.0},{"damage":10.0,"enemies":"Mind Bloom Boss Battle","floor":44.0,"turns":7.0},{"damage":29.0,"enemies":"Transient","floor":46.0,"turns":5.0},{"damage":11.0,"enemies":"Writhing Mass","floor":47.0,"turns":5.0},{"damage":0.0,"enemies":"Sphere and 2 Shapes","floor":48.0,"turns":1.0},{"damage":55.0,"enemies":"Donu and Deca","floor":50.0,"turns":8.0},{"damage":92.0,"enemies":"Shield and Spear","floor":54.0,"turns":7.0},{"damage":25,"enemies":"The Heart","floor":55,"turns":2}],"seed_played":"-114683878248168371","potions_obtained":[{"floor":0.0,"key":"Poison Potion"},{"floor":0.0,"key":"Energy Potion"},{"floor":0.0,"key":"AttackPotion"},{"floor":3.0,"key":"PowerPotion"},{"floor":12.0,"key":"Ancient Potion"},{"floor":14.0,"key":"Fruit Juice"},{"floor":16.0,"key":"Strength Potion"},{"floor":18.0,"key":"Dexterity Potion"},{"floor":24.0,"key":"Fire Potion"},{"floor":28.0,"key":"Explosive Potion"},{"floor":36.0,"key":"SneckoOil"},{"floor":37.0,"key":"Strength Potion"},{"floor":44.0,"key":"SteroidPotion"},{"floor":46.0,"key":"SteroidPotion"},{"floor":48.0,"key":"Ancient Potion"},{"floor":54.0,"key":"Poison Potion"}],"is_trial":false,"path_per_floor":["M","M","M","M","M","R","E","R","T","M","M","E","$","?","R","B",null,"M","T","?","$","?","E","M","R","T","M","E","$","R","E","R","B",null,"M","?","M","M","M","R","E","R","T","?","R","M","M","M","R","B",null,"R","$","E","B"],"character_chosen":"IRONCLAD","items_purchased":["Bandage Up","Spot Weakness","Uppercut+1","Whirlwind+1","True Grit","Flame Barrier","Finesse","Nunchaku"],"campfire_rested":0,"item_purchase_floors":[13,13,13,13,21,29,53,53],"current_hp_per_floor":[80,80,80,74,80,80,76,76,76,75,75,38,38,43,43,40,85,85,85,85,85,85,79,85,85,85,83,53,53,53,46,46,7,85,81,63,81,83,57,57,42,42,42,61,61,61,84,94,94,65,95,95,95,17,0],"gold":70,"neow_bonus":"THREE_SMALL_POTIONS","is_prod":false,"is_daily":false,"chose_seed":false,"campfire_upgraded":10,"win_rate":0,"timestamp":1549117885,"path_taken":["M","M","M","M","M","R","E","R","T","M","M","E","$","?","R","BOSS","M","?","?","$","?","E","M","R","T","M","E","$","R","E","R","BOSS","M","?","M","M","M","R","E","R","T","?","R","M","M","M","R","BOSS","R","$","E","BOSS"],"build_version":"2019-01-23","purchased_purges":2,"victory":false,"max_hp_per_floor":[80,80,80,80,80,80,80,80,80,80,80,80,80,85,85,85,85,85,85,85,85,85,85,85,85,85,85,85,85,85,85,85,85,85,85,85,85,85,85,85,87,87,87,89,89,91,93,95,95,95,95,95,95,97,97],"card_choices":[{"not_picked":["Flex","True Grit"],"picked":"Pommel Strike","floor":1.0},{"not_picked":["Body Slam","Sword Boomerang"],"picked":"Armaments","floor":2.0},{"not_picked":["Clothesline","Rupture"],"picked":"Reaper","floor":3.0},{"not_picked":["True Grit","Sword Boomerang"],"picked":"Whirlwind","floor":4.0},{"not_picked":["Body Slam","Wild Strike"],"picked":"Shrug It Off","floor":5.0},{"not_picked":["Limit Break","Blood for Blood"],"picked":"Heavy Blade","floor":7.0},{"not_picked":["Spot Weakness","Dual Wield"],"picked":"Shrug It Off","floor":10.0},{"not_picked":["Clash","Perfected Strike","Hemokinesis"],"picked":"SKIP","floor":11.0},{"not_picked":["Cleave","Wild Strike"],"picked":"True Grit","floor":12.0},{"not_picked":["Juggernaut","Dark Embrace"],"picked":"Offering","floor":16.0},{"not_picked":[],"picked":"Body Slam+1","floor":18.0},{"not_picked":["Perfected Strike+1"],"picked":"SKIP","floor":23.0},{"not_picked":["Intimidate"],"picked":"SKIP","floor":24.0},{"not_picked":[],"picked":"Searing Blow+1","floor":27.0},{"not_picked":["Second Wind"],"picked":"SKIP","floor":28.0},{"not_picked":[],"picked":"Corruption+1","floor":31.0},{"not_picked":[],"picked":"Impervious","floor":33.0},{"not_picked":["Anger+1"],"picked":"SKIP","floor":35.0},{"not_picked":[],"picked":"Pommel Strike+1","floor":36.0},{"not_picked":[],"picked":"Body Slam+1","floor":37.0},{"not_picked":["Dual Wield+1"],"picked":"SKIP","floor":38.0},{"not_picked":["Power Through"],"picked":"SKIP","floor":39.0},{"not_picked":["Clash+1"],"picked":"Singing Bowl","floor":41.0},{"not_picked":["Perfected Strike+1"],"picked":"Singing Bowl","floor":44.0},{"not_picked":["Headbutt+1"],"picked":"Singing Bowl","floor":46.0},{"not_picked":["Warcry+1"],"picked":"Singing Bowl","floor":47.0},{"not_picked":["Thunderclap+1"],"picked":"Singing Bowl","floor":48.0},{"not_picked":["Warcry"],"picked":"Singing Bowl","floor":54.0}],"player_experience":718218,"relics_obtained":[{"floor":7.0,"key":"Tiny Chest"},{"floor":12.0,"key":"Molten Egg 2"},{"floor":19.0,"key":"Gambling Chip"},{"floor":23.0,"key":"Centennial Puzzle"},{"floor":26.0,"key":"Blood Vial"},{"floor":28.0,"key":"Art of War"},{"floor":31.0,"key":"Potion Belt"},{"floor":36.0,"key":"Incense Burner"},{"floor":41.0,"key":"Singing Bowl"},{"floor":43.0,"key":"Pen Nib"},{"floor":44.0,"key":"StoneCalendar"},{"floor":54.0,"key":"Red Skull"}],"event_choices":[{"damage_healed":0.0,"max_hp_gain":0.0,"max_hp_loss":0.0,"gold_gain":0.0,"event_name":"The Woman in Blue","player_choice":"Bought 1 Potion","floor":14.0,"gold_loss":0.0,"damage_taken":0.0},{"damage_healed":0.0,"max_hp_gain":0.0,"max_hp_loss":0.0,"gold_gain":0.0,"event_name":"Ghosts","player_choice":"Ignored","floor":20.0,"gold_loss":0.0,"damage_taken":0.0},{"damage_healed":0.0,"max_hp_gain":0.0,"max_hp_loss":0.0,"gold_gain":0.0,"event_name":"Vampires","player_choice":"Ignored","floor":22.0,"gold_loss":0.0,"damage_taken":0.0},{"damage_healed":0.0,"max_hp_gain":0.0,"max_hp_loss":0.0,"gold_gain":0.0,"event_name":"Mysterious Sphere","player_choice":"Fight","floor":36.0,"gold_loss":0.0,"damage_taken":0.0},{"damage_healed":0.0,"max_hp_gain":0.0,"max_hp_loss":0.0,"gold_gain":0.0,"event_name":"MindBloom","player_choice":"Fight","floor":44.0,"gold_loss":0.0,"damage_taken":0.0}],"is_beta":false,"boss_relics":[{"not_picked":["Mark of Pain","Tiny House"],"picked":"Busted Crown"},{"not_picked":["Eternal Feather","Runic Cube"],"picked":"Pandora\u0027s Box"}],"items_purged_floors":[21,29],"is_endless":false,"potions_floor_spawned":[1,3,12,16,18,24,28,36,37,44,46,48,54],"killed_by":"The Heart","ascension_level":0}