{"path_per_floor":["M","?","$","?","M","R","E","R","T","R","?","R","E","M","R"],"character_chosen":"DEFECT","items_purchased":[],"gold_per_floor":[118,118,43,43,64,64,105,105,105,105,180,180,220,233,233,233],"floor_reached":16,"campfire_rested":2,"playtime":496,"item_purchase_floors":[],"current_hp_per_floor":[74,74,74,79,72,72,47,47,47,47,36,60,28,24,48,0],"items_purged":["Injury"],"gold":233,"score":122,"play_id":"df1fbae0-3f25-438d-91dc-ae4c74711603","local_time":"20180609192902","is_prod":false,"is_daily":false,"chose_seed":false,"is_ascension_mode":true,"campfire_upgraded":2,"win_rate":0,"timestamp":1528590542,"campfire_choices":[{"data":"Zap","floor":6,"key":"SMITH"},{"data":"Self Repair","floor":8,"key":"SMITH"},{"floor":10,"key":"DIG"},{"floor":12,"key":"REST"},{"floor":15,"key":"REST"}],"path_taken":["M","?","?","?","M","R","E","R","T","R","?","R","E","M","R","BOSS"],"build_version":"2018-06-07v3","seed_source_timestamp":46767563556329,"purchased_purges":1,"victory":false,"master_deck":["Strike_B","Strike_B","Strike_B","Strike_B","Defend_B","Defend_B","Defend_B","Defend_B","Zap+1","Dualcast","Sweeping Beam","Barrage","Self Repair+1","Scrape","Genetic Algorithm"],"max_hp_per_floor":[75,75,75,80,80,80,80,80,80,80,80,80,80,80,80,80],"relics":["Cracked Core","Golden Idol","Smiling Mask","Shovel","Oddly Smooth Stone","Juzu Bracelet"],"card_choices":[{"not_picked":["Turbo","Coolheaded"],"picked":"Sweeping Beam","floor":1},{"not_picked":["Gash","Consume"],"picked":"Barrage","floor":5},{"not_picked":["Rainbow","Fission"],"picked":"Self Repair","floor":7},{"not_picked":["Coolheaded","Hologram"],"picked":"Scrape","floor":13},{"not_picked":["Auto Shields","Sweeping Beam"],"picked":"Genetic Algorithm","floor":14}],"player_experience":248389,"potions_floor_usage":[16,16],"damage_taken":[{"damage":1,"enemies":"Cultist","floor":1,"turns":3},{"damage":7,"enemies":"Jaw Worm","floor":5,"turns":2},{"damage":25,"enemies":"Gremlin Nob","floor":7,"turns":4},{"damage":42,"enemies":"3 Sentries","floor":13,"turns":6},{"damage":4,"enemies":"Small Slimes","floor":14,"turns":3},{"damage":55,"enemies":"Slime Boss","floor":16,"turns":7}],"relics_obtained":[{"floor":7,"key":"Smiling Mask"},{"floor":9,"key":"Shovel"},{"floor":10,"key":"Oddly Smooth Stone"},{"floor":13,"key":"Juzu Bracelet"}],"event_choices":[{"event_name":"Golden Idol","player_choice":"Take Wound","floor":2,"damage_taken":0},{"event_name":"Big Fish","player_choice":"Donut","floor":4,"damage_taken":0},{"event_name":"World of Goop","player_choice":"Gather Gold","floor":11,"damage_taken":0}],"boss_relics":[],"items_purged_floors":[3],"potions_floor_spawned":[5,13,14],"seed_played":"-1140199461746772389","killed_by":"Slime Boss","ascension_level":3,"potions_obtained":[{"floor":5,"key":"SkillPotion"},{"floor":13,"key":"LiquidBronze"},{"floor":14,"key":"GamblersBrew"}],"is_trial":false}