{"gold_per_floor":[16,35,46,62,81,110,110,35,35,50,64,79,109,119,119,193,193,203,203,203,216,141,141,141],"floor_reached":24,"playtime":2022,"items_purged":[],"score":413,"play_id":"cff76a42-f1f9-4479-9aad-6582f4814aa6","local_time":"20190102233701","is_ascension_mode":true,"campfire_choices":[{"data":"Glass Knife","floor":7,"key":"SMITH"},{"floor":15,"key":"REST"},{"floor":23,"key":"REST"}],"neow_cost":"NO_GOLD","seed_source_timestamp":1581385465126376,"circlet_count":0,"master_deck":["AscendersBane","Defend_G","Defend_G","Defend_G","Defend_G","Defend_G","Strike_G","Strike_G","Strike_G","Survivor","Neutralize","Glass Knife+1","Dagger Spray","Dodge and Roll","Terror+1","Leg Sweep","Dagger Throw","Blade Dance","Dagger Throw","Cloak And Dagger","Well Laid Plans","A Thousand Cuts","Malaise","Backflip"],"relics":["Ring of the Serpent","The Specimen","Paper Crane","Bottled Lightning"],"potions_floor_usage":[11,11,13,21],"damage_taken":[{"damage":0,"enemies":"2 Louse","floor":1,"turns":2},{"damage":1,"enemies":"Jaw Worm","floor":2,"turns":4},{"damage":0,"enemies":"Cultist","floor":3,"turns":3},{"damage":1,"enemies":"Large Slime","floor":4,"turns":5},{"damage":15,"enemies":"Exordium Thugs","floor":5,"turns":4},{"damage":27,"enemies":"Gremlin Nob","floor":6,"turns":4},{"damage":0,"enemies":"Looter","floor":10,"turns":1},{"damage":31,"enemies":"Gremlin Gang","floor":11,"turns":11},{"damage":0,"enemies":"Blue Slaver","floor":12,"turns":4},{"damage":20,"enemies":"Lagavulin","floor":13,"turns":10},{"damage":0,"enemies":"Red Slaver","floor":14,"turns":3},{"damage":21,"enemies":"Slime Boss","floor":16,"turns":8},{"damage":12,"enemies":"Spheric Guardian","floor":18,"turns":8},{"damage":25,"enemies":"Colosseum Slavers","floor":19,"turns":7},{"damage":13,"enemies":"3 Byrds","floor":21,"turns":7},{"damage":44,"enemies":"3 Cultists","floor":24,"turns":4}],"seed_played":"-332286419424995348","potions_obtained":[{"floor":2,"key":"Regen Potion"},{"floor":5,"key":"Regen Potion"},{"floor":11,"key":"FairyPotion"},{"floor":12,"key":"EssenceOfSteel"},{"floor":14,"key":"SpeedPotion"}],"is_trial":false,"path_per_floor":["M","M","M","M","M","E","R","?","T","M","M","M","E","M","R","B",null,"M","?","?","M","?","R","M"],"character_chosen":"THE_SILENT","items_purchased":[],"campfire_rested":2,"item_purchase_floors":[],"current_hp_per_floor":[59,58,58,57,42,15,15,15,15,15,39,39,19,19,38,17,54,42,17,17,4,4,23,0],"gold":141,"neow_bonus":"THREE_RARE_CARDS","is_prod":false,"is_daily":false,"chose_seed":false,"campfire_upgraded":1,"win_rate":0,"timestamp":1546501021,"path_taken":["M","M","M","M","M","E","R","?","T","M","M","M","E","M","R","BOSS","M","?","?","?","?","R","M"],"build_version":"2019-01-01v2","purchased_purges":0,"victory":false,"max_hp_per_floor":[66,66,66,66,66,66,66,66,66,66,66,66,66,66,66,66,66,66,66,66,66,66,66,66],"card_choices":[{"not_picked":["Storm of Steel","Corpse Explosion"],"picked":"Glass Knife","floor":0},{"not_picked":["PiercingWail","Underhanded Strike"],"picked":"Dagger Spray","floor":1},{"not_picked":["Prepared","Tactician"],"picked":"Dodge and Roll","floor":2},{"not_picked":["Escape Plan","Reflex"],"picked":"Terror","floor":3},{"not_picked":["Blade Dance","Sucker Punch"],"picked":"Leg Sweep","floor":4},{"not_picked":["Acrobatics","Dagger Spray"],"picked":"Dagger Throw","floor":5},{"not_picked":["Distraction","Grand Finale","Slice"],"picked":"SKIP","floor":6},{"not_picked":["Tactician","Deflect"],"picked":"Blade Dance","floor":10},{"not_picked":["Skewer","Flying Knee"],"picked":"Dagger Throw","floor":11},{"not_picked":["Finisher","Acrobatics"],"picked":"Cloak And Dagger","floor":12},{"not_picked":["Quick Slash","Poisoned Stab"],"picked":"Well Laid Plans","floor":13},{"not_picked":["Concentrate","Calculated Gamble"],"picked":"A Thousand Cuts","floor":14},{"not_picked":["Venomology","Burst"],"picked":"Malaise","floor":16},{"not_picked":["Slice","Deflect","Endless Agony"],"picked":"SKIP","floor":18},{"not_picked":["Sucker Punch","Poisoned Stab"],"picked":"Backflip","floor":21}],"player_experience":978203,"relics_obtained":[{"floor":6,"key":"The Specimen"},{"floor":9,"key":"Paper Crane"},{"floor":13,"key":"Bottled Lightning"}],"event_choices":[{"cards_removed":["Strike_G"],"damage_healed":0,"gold_gain":0,"player_choice":"Card Removal","damage_taken":0,"max_hp_gain":0,"max_hp_loss":0,"event_name":"The Cleric","floor":8,"gold_loss":75},{"damage_healed":0,"gold_gain":0,"player_choice":"Fight","damage_taken":0,"max_hp_gain":0,"max_hp_loss":0,"event_name":"Colosseum","floor":19,"gold_loss":0},{"damage_healed":0,"gold_gain":0,"player_choice":"Fled From Nobs","damage_taken":0,"max_hp_gain":0,"max_hp_loss":0,"event_name":"Colosseum","floor":19,"gold_loss":0},{"damage_healed":0,"gold_gain":0,"player_choice":"Upgraded","damage_taken":0,"max_hp_gain":0,"max_hp_loss":0,"event_name":"Upgrade Shrine","floor":20,"gold_loss":0,"cards_upgraded":["Terror"]},{"cards_removed":["Strike_G"],"damage_healed":0,"gold_gain":0,"player_choice":"Gave Gold","damage_taken":0,"max_hp_gain":0,"max_hp_loss":0,"event_name":"Beggar","floor":22,"gold_loss":75}],"is_beta":true,"boss_relics":[{"not_picked":["Orrery","Fusion Hammer"],"picked":"Ring of the Serpent"}],"items_purged_floors":[],"is_endless":false,"potions_floor_spawned":[2,5,10,11,12,14],"killed_by":"3 Cultists","ascension_level":19}