{"gold_per_floor":[114,127,127,77,77,77,118,138,138,138,152,252,34,67,67,193,193,208,208,64,64,88,122,122,160,237,278,278,203,223,34,34,163,163,183,183,32,51,65,101,101,139,166,166,166,166,201,215,215,215],"floor_reached":51,"playtime":2717,"items_purged":[],"score":1580,"play_id":"9b53fc38-70e1-428a-82ac-8e6df6f7abcd","local_time":"20181215154158","is_ascension_mode":true,"campfire_choices":[{"data":"Zap","floor":6.0,"key":"SMITH"},{"data":"Defragment","floor":15.0,"key":"SMITH"},{"data":"Consume","floor":24.0,"key":"SMITH"},{"floor":28.0,"key":"REST"},{"data":"Apotheosis","floor":32.0,"key":"SMITH"},{"floor":44.0,"key":"RECALL"},{"data":"Madness","floor":49,"key":"SMITH"}],"neow_cost":"NONE","seed_source_timestamp":57319119451332,"circlet_count":0,"master_deck":["AscendersBane","Defend_B","Defend_B","Defend_B","Zap+1","Dualcast","Undo","Buffer","Defragment+1","Capacitor","Coolheaded","Bandage Up","Cold Snap","Reboot","Consume+1","FTL","Heatsinks","Electrodynamics","Steam+1","Leap","Hologram","Creative AI","Tempest+1","Apotheosis+1","Seek","BootSequence+1","Compile Driver+1","Madness+1","Madness","Mind Blast","Glacier","Chaos+1"],"special_seed":0,"relics":["Cracked Core","NeowsBlessing","Golden Idol","Blood Vial","Darkstone Periapt","FossilizedHelix","Inserter","Art of War","Bag of Marbles","Nunchaku","Matryoshka","Anchor","Nuclear Battery","Bronze Scales","Unceasing Top","Pocketwatch","Boot","Omamori","Ancient Tea Set"],"potions_floor_usage":[50,50],"damage_taken":[{"damage":0.0,"enemies":"Jaw Worm","floor":1.0,"turns":1.0},{"damage":0.0,"enemies":"Small Slimes","floor":2.0,"turns":1.0},{"damage":0.0,"enemies":"3 Sentries","floor":7.0,"turns":1.0},{"damage":0.0,"enemies":"Cultist","floor":8.0,"turns":4.0},{"damage":8.0,"enemies":"Exordium Wildlife","floor":11.0,"turns":4.0},{"damage":0.0,"enemies":"Lagavulin","floor":14.0,"turns":7.0},{"damage":0.0,"enemies":"The Guardian","floor":16.0,"turns":12.0},{"damage":0.0,"enemies":"Chosen","floor":18.0,"turns":6.0},{"damage":11.0,"enemies":"3 Byrds","floor":22.0,"turns":3.0},{"damage":1.0,"enemies":"Gremlin Leader","floor":23.0,"turns":5.0},{"damage":16.0,"enemies":"Book of Stabbing","floor":25.0,"turns":7.0},{"damage":46.0,"enemies":"Gremlin Leader","floor":27.0,"turns":6.0},{"damage":2.0,"enemies":"Snecko","floor":30.0,"turns":6.0},{"damage":0.0,"enemies":"Automaton","floor":33.0,"turns":9.0},{"damage":0.0,"enemies":"3 Shapes","floor":35.0,"turns":4.0},{"damage":0.0,"enemies":"Orb Walker","floor":38.0,"turns":5.0},{"damage":0.0,"enemies":"Spire Growth","floor":39.0,"turns":5.0},{"damage":0.0,"enemies":"Reptomancer","floor":40.0,"turns":8.0},{"damage":0.0,"enemies":"Nemesis","floor":42.0,"turns":7.0},{"damage":0.0,"enemies":"Giant Head","floor":47.0,"turns":11.0},{"damage":0,"enemies":"3 Darklings","floor":48,"turns":5},{"damage":36,"enemies":"Time Eater","floor":50,"turns":7}],"seed_played":"-1622198541227647019","potions_obtained":[{"floor":8.0,"key":"Fire Potion"},{"floor":14.0,"key":"PowerPotion"},{"floor":22.0,"key":"FocusPotion"},{"floor":23.0,"key":"PowerPotion"},{"floor":33.0,"key":"FocusPotion"},{"floor":39.0,"key":"Swift Potion"},{"floor":48,"key":"PowerPotion"}],"is_trial":false,"path_per_floor":["M","M","?","?","?","R","E","M","T","$","M","?","$","E","R","B",null,"M","?","$","?","M","E","R","E","T","E","R","?","M","$","R","B",null,"M","?","$","M","M","E","?","E","T","R","?","?","E","M","R","B",null],"character_chosen":"DEFECT","items_purchased":["Capacitor","Coolheaded","Bandage Up","Art of War","Apotheosis","Bronze Scales"],"campfire_rested":1,"item_purchase_floors":[13,13,13,20,31,37],"current_hp_per_floor":[68,68,68,68,68,68,68,69,69,69,61,61,61,67,67,69,69,69,69,69,69,62,67,67,57,57,17,37,37,41,41,41,49,64,66,66,66,69,69,69,60,68,68,68,68,68,69,69,69,33],"gold":215,"neow_bonus":"THREE_ENEMY_KILL","is_prod":false,"is_daily":false,"chose_seed":false,"campfire_upgraded":5,"win_rate":0,"timestamp":1544913718,"path_taken":["M","M","?","?","?","R","E","M","T","$","?","?","?","E","R","BOSS","M","?","$","?","M","E","R","E","T","E","R","?","M","$","R","BOSS","M","?","$","M","M","E","?","E","T","R","?","?","E","?","R","BOSS"],"build_version":"2018-12-13","purchased_purges":0,"victory":true,"max_hp_per_floor":[75,75,69,69,69,69,69,69,69,69,69,69,69,69,69,69,69,69,69,69,69,69,69,69,69,69,69,69,69,69,69,69,69,69,69,69,69,69,69,69,69,69,69,69,69,69,69,69,69,69],"card_choices":[{"not_picked":["Rebound","Redo"],"picked":"Sweeping Beam","floor":1.0},{"not_picked":["Lockon","Barrage"],"picked":"Undo","floor":2.0},{"not_picked":["Aggregate","Steam"],"picked":"Buffer","floor":7.0},{"not_picked":["Barrage","Streamline"],"picked":"Compile Driver","floor":8.0},{"not_picked":["Steam","Barrage"],"picked":"Defragment","floor":11.0},{"not_picked":["Hologram","Static Discharge"],"picked":"Cold Snap","floor":14.0},{"not_picked":["Amplify","Multi-Cast"],"picked":"Reboot","floor":16.0},{"not_picked":["Redo","Self Repair"],"picked":"Consume","floor":18.0},{"not_picked":["Streamline","Rebound"],"picked":"Steam+1","floor":22.0},{"not_picked":["Consume","Reprogram"],"picked":"Leap","floor":23.0},{"not_picked":["Go for the Eyes","Force Field"],"picked":"Hologram","floor":25.0},{"not_picked":["Lockon+1","Recycle"],"picked":"Creative AI","floor":27.0},{"not_picked":["Genetic Algorithm","Sweeping Beam"],"picked":"Tempest+1","floor":30.0},{"not_picked":["All For One","Buffer"],"picked":"Seek","floor":33.0},{"not_picked":["Streamline","Rip and Tear"],"picked":"BootSequence+1","floor":35.0},{"not_picked":["Coolheaded","Stack"],"picked":"Compile Driver+1","floor":38.0},{"not_picked":["Ball Lightning+1","Double Energy+1","Multi-Cast"],"picked":"SKIP","floor":39.0},{"not_picked":["Gash+1","Self Repair","Rip and Tear"],"picked":"SKIP","floor":40.0},{"not_picked":["Tempest","BootSequence","Go for the Eyes"],"picked":"SKIP","floor":42.0},{"not_picked":["Dark Shackles","Dramatic Entrance"],"picked":"Mind Blast","floor":45.0},{"not_picked":["Reprogram","Lockon"],"picked":"Glacier","floor":47.0},{"not_picked":["Steam+1","Compile Driver"],"picked":"Chaos+1","floor":48}],"player_experience":702320,"relics_obtained":[{"floor":7.0,"key":"Blood Vial"},{"floor":9.0,"key":"Darkstone Periapt"},{"floor":14.0,"key":"FossilizedHelix"},{"floor":23.0,"key":"Bag of Marbles"},{"floor":25.0,"key":"Nunchaku"},{"floor":26.0,"key":"Matryoshka"},{"floor":27.0,"key":"Anchor"},{"floor":40.0,"key":"Unceasing Top"},{"floor":42.0,"key":"Pocketwatch"},{"floor":43.0,"key":"Boot"},{"floor":43.0,"key":"Omamori"},{"floor":47.0,"key":"Ancient Tea Set"}],"event_choices":[{"damage_healed":0.0,"max_hp_gain":0.0,"max_hp_loss":6.0,"gold_gain":0.0,"event_name":"Golden Idol","player_choice":"Lose Max HP","floor":3.0,"gold_loss":0.0,"damage_taken":0.0,"relics_obtained":["Golden Idol"]},{"cards_removed":["Strike_B"],"damage_healed":0.0,"max_hp_gain":0.0,"max_hp_loss":0.0,"gold_gain":0.0,"event_name":"The Cleric","player_choice":"Card Removal","floor":4.0,"gold_loss":50.0,"damage_taken":0.0},{"cards_removed":["Strike_B"],"damage_healed":0.0,"max_hp_gain":0.0,"max_hp_loss":0.0,"gold_gain":0.0,"event_name":"Wheel of Change","player_choice":"Card Removal","floor":5.0,"gold_loss":0.0,"damage_taken":0.0},{"damage_healed":0.0,"max_hp_gain":0.0,"max_hp_loss":0.0,"gold_gain":100.0,"event_name":"Golden Shrine","player_choice":"Pray","floor":12.0,"gold_loss":0.0,"damage_taken":0.0},{"damage_healed":0.0,"max_hp_gain":0.0,"max_hp_loss":0.0,"gold_gain":0.0,"event_name":"The Library","player_choice":"Read","floor":19.0,"gold_loss":0.0,"damage_taken":0.0,"cards_obtained":["FTL"]},{"damage_healed":0.0,"max_hp_gain":0.0,"max_hp_loss":0.0,"gold_gain":0.0,"cards_transformed":["Strike_B","Strike_B"],"event_name":"Drug Dealer","player_choice":"Became Test Subject","floor":21.0,"gold_loss":0.0,"damage_taken":0.0,"cards_obtained":["Heatsinks","Electrodynamics"]},{"cards_removed":["Sweeping Beam"],"damage_healed":0.0,"max_hp_gain":0.0,"max_hp_loss":0.0,"gold_gain":0.0,"event_name":"Beggar","player_choice":"Gave Gold","floor":29.0,"gold_loss":75.0,"damage_taken":0.0},{"cards_removed":["Compile Driver"],"damage_healed":0.0,"max_hp_gain":0.0,"max_hp_loss":0.0,"gold_gain":0.0,"event_name":"Falling","player_choice":"Removed Attack","floor":36.0,"gold_loss":0.0,"damage_taken":0.0},{"damage_healed":0.0,"max_hp_gain":0.0,"max_hp_loss":0.0,"gold_gain":0.0,"event_name":"Winding Halls","player_choice":"Embrace Madness","floor":41.0,"gold_loss":0.0,"damage_taken":9.0,"cards_obtained":["Madness","Madness"]},{"damage_healed":0.0,"max_hp_gain":0.0,"max_hp_loss":0.0,"gold_gain":0.0,"event_name":"SensoryStone","player_choice":"Memory 1","floor":45.0,"gold_loss":0.0,"damage_taken":0.0},{"cards_removed":["Defend_B"],"damage_healed":0.0,"max_hp_gain":0.0,"max_hp_loss":0.0,"gold_gain":0.0,"event_name":"Bonfire Elementals","player_choice":"Offered Basic","floor":46.0,"gold_loss":0.0,"damage_taken":0.0}],"is_beta":false,"boss_relics":[{"not_picked":["Cursed Key","Velvet Choker"],"picked":"Inserter"},{"not_picked":["FrozenCore","Runic Pyramid"],"picked":"Nuclear Battery"}],"items_purged_floors":[],"is_endless":false,"potions_floor_spawned":[8,14,22,23,33,39,47,48],"ascension_level":12}