{"gold_per_floor":[119,135,153,131,142,171,44,107,107,107,119,149,168,179,179,283,283,299,314,16,27,27,58,58,392,417,516,516,550,550,21,21,116,116,131,142,195,205,59,59,59],"floor_reached":41,"playtime":2960,"items_purged":["Strike_B","Strike_B","Decay"],"score":615,"play_id":"9f1c3656-f945-47e1-8dff-15be4420f90f","local_time":"20190207162428","is_ascension_mode":true,"campfire_choices":[{"floor":10,"key":"REST"},{"floor":15,"key":"REST"},{"data":"Zap","floor":24,"key":"SMITH"},{"data":"Loop","floor":28,"key":"SMITH"},{"data":"Dualcast","floor":32,"key":"SMITH"},{"data":"Fission","floor":40,"key":"SMITH"}],"neow_cost":"NONE","seed_source_timestamp":2336531558196170,"circlet_count":0,"master_deck":["Strike_B+1","Strike_B","Defend_B","Defend_B","Defend_B","Defend_B","Zap+1","Dualcast+1","Ball Lightning+1","Streamline","Genetic Algorithm","Sweeping Beam","Cold Snap","Loop+1","Coolheaded","BootSequence","Go for the Eyes","Compile Driver","Conserve Battery","Rebound+1","Ball Lightning+1","Stack","Glacier","Stack","Fission+1"],"relics":["Cracked Core","Singing Bowl","Tiny Chest","PreservedInsect","Meat on the Bone","Runic Pyramid","Regal Pillow","Mummified Hand","Old Coin","Whetstone","Oddly Smooth Stone","Bronze Scales","Lee\u0027s Waffle","Busted Crown","Lantern","Dream Catcher"],"potions_floor_usage":[8,12,16,16,23,23,29,33,41],"damage_taken":[{"damage":0,"enemies":"Cultist","floor":1,"turns":4},{"damage":4,"enemies":"2 Louse","floor":2,"turns":2},{"damage":0,"enemies":"Small Slimes","floor":3,"turns":3},{"damage":7,"enemies":"2 Fungi Beasts","floor":5,"turns":2},{"damage":33,"enemies":"Lagavulin","floor":6,"turns":5},{"damage":26,"enemies":"3 Sentries","floor":8,"turns":5},{"damage":7,"enemies":"Exordium Thugs","floor":11,"turns":5},{"damage":11,"enemies":"Gremlin Nob","floor":12,"turns":3},{"damage":4,"enemies":"Looter","floor":13,"turns":3},{"damage":0,"enemies":"Large Slime","floor":14,"turns":3},{"damage":19,"enemies":"Hexaghost","floor":16,"turns":10},{"damage":2,"enemies":"Chosen","floor":18,"turns":5},{"damage":21,"enemies":"3 Byrds","floor":19,"turns":6},{"damage":12,"enemies":"Cultist and Chosen","floor":21,"turns":6},{"damage":13,"enemies":"Book of Stabbing","floor":23,"turns":6},{"damage":17,"enemies":"Slavers","floor":25,"turns":5},{"damage":32,"enemies":"Gremlin Leader","floor":29,"turns":7},{"damage":79,"enemies":"Automaton","floor":33,"turns":15},{"damage":5,"enemies":"Orb Walker","floor":35,"turns":4},{"damage":0,"enemies":"3 Darklings","floor":36,"turns":5},{"damage":41,"enemies":"Writhing Mass","floor":38,"turns":6},{"damage":63,"enemies":"Giant Head","floor":41,"turns":9}],"seed_played":"-6388161289167188547","potions_obtained":[{"floor":5,"key":"PowerPotion"},{"floor":8,"key":"SteroidPotion"},{"floor":12,"key":"PowerPotion"},{"floor":13,"key":"SpeedPotion"},{"floor":16,"key":"Explosive Potion"},{"floor":18,"key":"LiquidBronze"},{"floor":19,"key":"SpeedPotion"},{"floor":33,"key":"Strength Potion"},{"floor":36,"key":"SpeedPotion"}],"is_trial":false,"path_per_floor":["M","M","M","$","M","E","$","E","T","R","M","E","M","M","R","B",null,"M","M","$","M","?","E","R","E","T","?","R","E","?","$","R","B",null,"M","M","T","M","$","R","E"],"character_chosen":"DEFECT","items_purchased":["Sweeping Beam","Coolheaded","Regal Pillow","Stack","Bronze Scales","Lee\u0027s Waffle","Dexterity Potion","Dream Catcher"],"campfire_rested":2,"item_purchase_floors":[4,7,20,20,31,31,31,39],"current_hp_per_floor":[82,78,78,78,71,38,38,12,12,36,29,18,26,40,65,48,86,84,63,63,53,82,71,71,54,54,54,54,34,34,97,97,30,97,94,96,96,57,57,57,0],"gold":59,"neow_bonus":"TEN_PERCENT_HP_BONUS","is_prod":false,"is_daily":false,"chose_seed":false,"campfire_upgraded":4,"win_rate":0,"timestamp":1549517068,"path_taken":["M","?","M","?","M","E","$","E","T","R","M","E","?","M","R","BOSS","M","M","$","M","?","E","R","E","T","?","R","E","?","$","R","BOSS","M","M","?","M","?","R","E"],"build_version":"2019-01-23","purchased_purges":3,"victory":false,"max_hp_per_floor":[82,82,82,82,82,82,82,82,82,82,82,82,82,84,84,86,86,86,86,86,88,88,90,90,90,90,90,90,90,90,97,97,97,97,99,101,101,103,103,103,103],"card_choices":[{"not_picked":["Redo","Leap"],"picked":"Ball Lightning","floor":1},{"not_picked":["Force Field","Double Energy"],"picked":"Streamline","floor":2},{"not_picked":["Melter","Gash"],"picked":"Genetic Algorithm","floor":3},{"not_picked":["Chill","FTL"],"picked":"Cold Snap","floor":5},{"not_picked":["Beam Cell","Seek"],"picked":"Loop","floor":6},{"not_picked":["Steam","Reinforced Body"],"picked":"BootSequence","floor":8},{"not_picked":["Hologram","Cold Snap"],"picked":"Go for the Eyes","floor":11},{"not_picked":["Steam","Coolheaded"],"picked":"Compile Driver","floor":12},{"not_picked":["Leap","Gash"],"picked":"Conserve Battery","floor":13},{"not_picked":["Hologram","Coolheaded","Heatsinks"],"picked":"Singing Bowl","floor":14},{"not_picked":["Rainbow","Fission","Meteor Strike"],"picked":"Singing Bowl","floor":16},{"not_picked":["Recycle","Hologram"],"picked":"Rebound+1","floor":18},{"not_picked":["Beam Cell","Loop+1"],"picked":"Ball Lightning+1","floor":19},{"not_picked":["Beam Cell","Turbo+1","Ball Lightning"],"picked":"Singing Bowl","floor":21},{"not_picked":["Blizzard","Doom and Gloom","Compile Driver"],"picked":"Singing Bowl","floor":23},{"not_picked":["Compile Driver","Reprogram"],"picked":"Glacier","floor":25},{"not_picked":["Hyperbeam","Turbo+1"],"picked":"Stack","floor":29},{"not_picked":["Seek","Reboot"],"picked":"Fission","floor":33},{"not_picked":["Redo+1"],"picked":"Singing Bowl","floor":35},{"not_picked":["Turbo"],"picked":"Singing Bowl","floor":36},{"not_picked":["Go for the Eyes"],"picked":"Singing Bowl","floor":38}],"player_experience":301036,"relics_obtained":[{"floor":6,"key":"Singing Bowl"},{"floor":8,"key":"Tiny Chest"},{"floor":9,"key":"PreservedInsect"},{"floor":12,"key":"Meat on the Bone"},{"floor":23,"key":"Mummified Hand"},{"floor":25,"key":"Old Coin"},{"floor":26,"key":"Whetstone"},{"floor":29,"key":"Oddly Smooth Stone"},{"floor":37,"key":"Lantern"}],"event_choices":[{"damage_healed":29,"gold_gain":0,"player_choice":"Heal","damage_taken":0,"max_hp_gain":0,"max_hp_loss":0,"event_name":"The Library","floor":22,"gold_loss":0},{"damage_healed":0,"gold_gain":99,"player_choice":"Stole From Cult","damage_taken":0,"max_hp_gain":0,"max_hp_loss":0,"event_name":"Nest","floor":27,"gold_loss":0},{"damage_healed":0,"gold_gain":0,"player_choice":"Cursed","damage_taken":0,"max_hp_gain":0,"max_hp_loss":0,"event_name":"Wheel of Change","floor":30,"gold_loss":0,"cards_obtained":["Decay"]}],"is_beta":false,"boss_relics":[{"not_picked":["Empty Cage","White Beast Statue"],"picked":"Runic Pyramid"},{"not_picked":["Runic Dome","Eternal Feather"],"picked":"Busted Crown"}],"items_purged_floors":[7,20,31],"is_endless":false,"potions_floor_spawned":[5,8,12,13,16,18,19,33,36],"killed_by":"Giant Head","ascension_level":4}