{"gold_per_floor":[116,191,191,202,213,238,238,265,333,349,349],"floor_reached":11,"playtime":478,"items_purged":[],"score":100,"play_id":"0b650127-72ba-44f8-980e-0a058f1d22c5","local_time":"20181209172006","is_ascension_mode":true,"campfire_choices":[{"floor":7,"key":"REST"}],"neow_cost":"NONE","seed_source_timestamp":1965457952615697,"circlet_count":0,"master_deck":["Strike_B","Strike_B","Strike_B","Strike_B","Defend_B","Defend_B","Defend_B","Defend_B","Zap","Fusion","Conserve Battery","Ball Lightning","Heatsinks","Machine Learning","Double Energy"],"relics":["Cracked Core","Juzu Bracelet","Torii","Anchor","Molten Egg 2"],"potions_floor_usage":[6,8],"damage_taken":[{"damage":9,"enemies":"Jaw Worm","floor":1,"turns":4},{"damage":1,"enemies":"Cultist","floor":4,"turns":4},{"damage":0,"enemies":"2 Louse","floor":5,"turns":3},{"damage":45,"enemies":"3 Sentries","floor":6,"turns":7},{"damage":24,"enemies":"Gremlin Nob","floor":8,"turns":4},{"damage":11,"enemies":"Exordium Wildlife","floor":10,"turns":4},{"damage":3,"enemies":"Gremlin Gang","floor":11,"turns":2}],"seed_played":"-7825244464423836111","potions_obtained":[{"floor":4,"key":"Block Potion"},{"floor":5,"key":"Fruit Juice"}],"is_trial":false,"path_per_floor":["M","?","?","M","M","E","R","E","T","M","M"],"character_chosen":"DEFECT","items_purchased":[],"campfire_rested":1,"item_purchase_floors":[],"current_hp_per_floor":[66,55,55,54,54,14,38,14,14,3,0],"gold":349,"neow_bonus":"RANDOM_COMMON_RELIC","is_prod":false,"is_daily":false,"chose_seed":false,"campfire_upgraded":0,"win_rate":0,"timestamp":1544397606,"path_taken":["M","?","?","M","M","E","R","E","T","M","M"],"build_version":"2018-12-06","purchased_purges":0,"victory":false,"max_hp_per_floor":[75,75,75,75,75,80,80,80,80,80,80],"card_choices":[{"not_picked":["Compile Driver","Recycle"],"picked":"Fusion","floor":1},{"not_picked":["FTL","Hologram"],"picked":"Conserve Battery","floor":4},{"not_picked":["Rebound","Hologram"],"picked":"Ball Lightning","floor":5},{"not_picked":["White Noise","Auto Shields"],"picked":"Heatsinks","floor":6},{"not_picked":["Force Field","Cold Snap"],"picked":"Machine Learning","floor":8},{"not_picked":["Cold Snap+1","Leap"],"picked":"Double Energy","floor":10}],"player_experience":290860,"relics_obtained":[{"floor":6,"key":"Torii"},{"floor":8,"key":"Anchor"},{"floor":9,"key":"Molten Egg 2"}],"event_choices":[{"damage_healed":0,"gold_gain":75,"player_choice":"Gather Gold","damage_taken":11,"max_hp_gain":0,"max_hp_loss":0,"event_name":"World of Goop","floor":2,"gold_loss":0},{"cards_removed":["Dualcast"],"damage_healed":0,"gold_gain":0,"player_choice":"Offered Basic","damage_taken":0,"max_hp_gain":0,"max_hp_loss":0,"event_name":"Bonfire Elementals","floor":3,"gold_loss":0}],"is_beta":false,"boss_relics":[],"items_purged_floors":[],"is_endless":false,"potions_floor_spawned":[4,5],"killed_by":"Gremlin Gang","ascension_level":4}