{"gold_per_floor":[113,113,124,141,158,158,158,158,158,169,169,94,119,135,135,212,212,232,242,142,155,155,155,175,186,186,111,126,151,161,161,161,235,235,247,160,160,179,179,179,179,199,199,199,210,210,210,221,221,221],"floor_reached":51,"playtime":2823,"items_purged":["Strike_R","Strike_R"],"score":1193,"play_id":"52555147-eb0b-4852-8ec1-84fba94ce6d0","local_time":"20180926004000","is_ascension_mode":true,"campfire_choices":[{"data":"Barricade","floor":6,"key":"SMITH"},{"data":"Clothesline","floor":11,"key":"SMITH"},{"floor":15,"key":"REST"},{"data":"Demon Form","floor":23,"key":"SMITH"},{"data":"Shockwave","floor":32,"key":"SMITH"},{"data":"Metallicize","floor":40,"key":"SMITH"},{"data":"Power Through","floor":44,"key":"SMITH"},{"data":"Flame Barrier","floor":46,"key":"SMITH"},{"data":"Disarm","floor":47,"key":"SMITH"},{"floor":49,"key":"REST"}],"neow_cost":"TEN_PERCENT_HP_LOSS","seed_source_timestamp":111009961309845,"circlet_count":0,"master_deck":["Defend_R","Defend_R","Defend_R","Bash","AscendersBane","Barricade+1","Clothesline+1","Metallicize+1","Headbutt","Shockwave+1","Shrug It Off","Disarm+1","Feed","Demon Form+1","Body Slam+1","Carnage","Uppercut+1","Bludgeon+1","Shrug It Off","Bludgeon+1","Entrench","Uppercut+1","Power Through+1","Flame Barrier+1"],"relics":["Burning Blood","WingedGreaves","Gambling Chip","Snecko Eye","Molten Egg 2","Boot","Lizard Tail","Torii","Bronze Scales"],"potions_floor_usage":[13,14,19,21,29,30,33,42,48],"damage_taken":[{"damage":2,"enemies":"Small Slimes","floor":1,"turns":4},{"damage":4,"enemies":"Jaw Worm","floor":3,"turns":3},{"damage":4,"enemies":"Cultist","floor":4,"turns":4},{"damage":30,"enemies":"Lots of Slimes","floor":5,"turns":5},{"damage":5,"enemies":"2 Fungi Beasts","floor":10,"turns":5},{"damage":30,"enemies":"Gremlin Nob","floor":13,"turns":5},{"damage":2,"enemies":"Gremlin Gang","floor":14,"turns":9},{"damage":14,"enemies":"The Guardian","floor":16,"turns":17},{"damage":0,"enemies":"3 Byrds","floor":18,"turns":6},{"damage":15,"enemies":"Spheric Guardian","floor":19,"turns":8},{"damage":0,"enemies":"Snake Plant","floor":21,"turns":5},{"damage":0,"enemies":"Snecko","floor":24,"turns":6},{"damage":0,"enemies":"Chosen and Byrds","floor":25,"turns":6},{"damage":3,"enemies":"Centurion and Healer","floor":28,"turns":6},{"damage":14,"enemies":"Book of Stabbing","floor":29,"turns":5},{"damage":6,"enemies":"Snake Plant","floor":30,"turns":3},{"damage":2,"enemies":"Colosseum Slavers","floor":31,"turns":9},{"damage":20,"enemies":"Automaton","floor":33,"turns":7},{"damage":13,"enemies":"Orb Walker","floor":35,"turns":2},{"damage":3,"enemies":"3 Darklings","floor":38,"turns":4},{"damage":0,"enemies":"Mind Bloom Boss Battle","floor":41,"turns":9},{"damage":20,"enemies":"Jaw Worm Horde","floor":42,"turns":5},{"damage":50,"enemies":"Reptomancer","floor":45,"turns":11},{"damage":1,"enemies":"3 Darklings","floor":48,"turns":9},{"damage":7,"enemies":"Awakened One","floor":50,"turns":18}],"seed_played":"9065980084839182135","potions_obtained":[{"floor":5,"key":"Weak Potion"},{"floor":10,"key":"Explosive Potion"},{"floor":13,"key":"Swift Potion"},{"floor":14,"key":"FearPotion"},{"floor":19,"key":"Energy Potion"},{"floor":21,"key":"Dexterity Potion"},{"floor":29,"key":"Block Potion"},{"floor":30,"key":"Strength Potion"},{"floor":38,"key":"Energy Potion"}],"is_trial":false,"path_per_floor":["M","?","M","M","M","R","?","?","T","M","R","$","E","M","R","B",null,"M","M","$","M","?","R","M","M","T","?","M","E","M","?","R","B",null,"M","$","$","M","$","R","?","M","T","R","M","R","R","M","R","B"],"character_chosen":"IRONCLAD","items_purchased":["Entrench"],"campfire_rested":2,"item_purchase_floors":[36],"current_hp_per_floor":[68,68,68,68,44,44,44,44,44,45,45,45,21,28,49,44,67,76,70,70,79,55,55,64,73,73,73,79,71,74,81,81,70,97,93,93,93,96,96,96,105,94,94,94,53,53,53,58,93,92],"gold":221,"neow_bonus":"THREE_RARE_CARDS","is_prod":false,"is_daily":false,"chose_seed":false,"campfire_upgraded":8,"win_rate":0,"timestamp":1537947600,"path_taken":["M","?","M","M","M","R","?","?","T","?","R","$","E","M","R","BOSS","M","?","$","M","?","R","M","M","T","?","M","E","M","?","R","BOSS","M","?","$","?","$","R","?","M","T","R","M","R","R","?","R","BOSS"],"build_version":"2018-09-24","purchased_purges":2,"victory":true,"max_hp_per_floor":[68,68,68,68,68,68,68,68,68,68,68,68,68,71,71,74,74,77,80,80,83,88,88,91,94,94,94,97,97,100,103,103,106,106,109,109,109,109,109,109,112,115,115,115,118,118,118,118,118,118],"card_choices":[{"not_picked":["Impervious","Double Tap"],"picked":"Barricade","floor":0},{"not_picked":["Shrug It Off","Sword Boomerang"],"picked":"Clothesline","floor":1},{"not_picked":["Corruption","Second Wind"],"picked":"Headbutt","floor":3},{"not_picked":["Flex","Rage"],"picked":"Shockwave","floor":4},{"not_picked":["Headbutt","Thunderclap"],"picked":"Shrug It Off","floor":5},{"not_picked":["Armaments","Warcry"],"picked":"Disarm","floor":10},{"not_picked":["Armaments","Cleave"],"picked":"Feed","floor":13},{"not_picked":["Heavy Blade","Thunderclap","Combust"],"picked":"SKIP","floor":14},{"not_picked":["Barricade","Reaper"],"picked":"Demon Form","floor":16},{"not_picked":["Havoc","Warcry"],"picked":"Body Slam+1","floor":18},{"not_picked":["Headbutt","Clash","Rage"],"picked":"SKIP","floor":19},{"not_picked":["True Grit","Thunderclap+1","Twin Strike"],"picked":"SKIP","floor":21},{"not_picked":["Hemokinesis","Twin Strike+1","Bloodletting"],"picked":"SKIP","floor":24},{"not_picked":["Perfected Strike+1","Warcry"],"picked":"Carnage","floor":25},{"not_picked":["Metallicize","Sword Boomerang+1"],"picked":"Uppercut+1","floor":28},{"not_picked":["Havoc","Evolve"],"picked":"Bludgeon+1","floor":29},{"not_picked":["Perfected Strike+1","Clash+1"],"picked":"Shrug It Off","floor":30},{"not_picked":["Offering","Dark Embrace"],"picked":"Bludgeon+1","floor":33},{"not_picked":["Thunderclap+1","Anger+1","Armaments"],"picked":"SKIP","floor":35},{"not_picked":["Wild Strike+1","Heavy Blade+1"],"picked":"Uppercut+1","floor":38},{"not_picked":["True Grit","Pommel Strike+1"],"picked":"Power Through","floor":42},{"not_picked":["Anger+1","Immolate+1"],"picked":"Flame Barrier","floor":45},{"not_picked":["True Grit+1","Anger+1","Body Slam+1"],"picked":"SKIP","floor":48}],"player_experience":838082,"relics_obtained":[{"floor":9,"key":"WingedGreaves"},{"floor":13,"key":"Gambling Chip"},{"floor":26,"key":"Molten Egg 2"},{"floor":29,"key":"Boot"},{"floor":41,"key":"Torii"},{"floor":43,"key":"Bronze Scales"}],"event_choices":[{"event_name":"Living Wall","player_choice":"Change","floor":2,"damage_taken":0},{"event_name":"Purifier","player_choice":"One Purge","floor":7,"damage_taken":0},{"event_name":"Bonfire Elementals","player_choice":"BASIC","floor":8,"damage_taken":0},{"event_name":"Forgotten Altar","player_choice":"Shed Blood","floor":22,"damage_taken":0},{"event_name":"Beggar","player_choice":"Gave Gold","floor":27,"damage_taken":0},{"event_name":"Colosseum","player_choice":"Fight","floor":31,"damage_taken":0},{"event_name":"Colosseum","player_choice":"Fled From Nobs","floor":31,"damage_taken":0},{"event_name":"MindBloom","player_choice":"Fight","floor":41,"damage_taken":0}],"is_beta":true,"boss_relics":[{"not_picked":["Philosopher\u0027s Stone","Eternal Feather"],"picked":"Snecko Eye"},{"not_picked":["Orrery","Pandora\u0027s Box"],"picked":"Lizard Tail"}],"items_purged_floors":[12,20],"is_endless":false,"potions_floor_spawned":[5,10,13,14,19,21,29,30,38],"ascension_level":16}