{"gold_per_floor":[114,124,124,3,3,3,31,31,57,57,91,91,11,0,0,104,104,114,37,37,217,132,160,160,194,194,205,219,318,318,329,329,432,432,449,449,467,255,271,271,271,291,318,318],"floor_reached":44,"playtime":2854,"items_purged":["Normality","Strike_B","Writhe"],"score":498,"play_id":"103c8dc8-f7fb-4f58-bc9b-2655ca42efe1","local_time":"20180703124101","is_ascension_mode":true,"campfire_choices":[{"data":"Gash","floor":6,"key":"SMITH"},{"data":"Rebound","floor":8,"key":"SMITH"},{"data":"Gash","floor":10,"key":"SMITH"},{"floor":15,"key":"REST"},{"data":"Gash","floor":24,"key":"SMITH"},{"data":"Coolheaded","floor":32,"key":"SMITH"},{"data":"1","floor":41,"key":"LIFT"}],"neow_cost":"NONE","seed_source_timestamp":536902927587275,"circlet_count":0,"master_deck":["Strike_B","Strike_B","Strike_B","Defend_B","Defend_B","Defend_B","Defend_B","Zap+1","Dualcast","Rebound+1","Gash+1","Gash+1","Gash+1","Coolheaded+1","Reboot","Purity","Hologram+1","Writhe","Hologram+1","Gash","Echo Form","Clumsy","Doubt","Gash+1","Compile Driver+1","Good Instincts+1","Go for the Eyes","Hologram+1","Go for the Eyes","Pain"],"relics":["Cracked Core","Bronze Scales","Oddly Smooth Stone","Juzu Bracelet","Unceasing Top","The Courier","Cursed Key","Centennial Puzzle","Pantograph","Kunai","Meat on the Bone","Calling Bell","Anchor","Toxic Egg 2","Girya","Happy Flower"],"potions_floor_usage":[16,31,31,33],"damage_taken":[{"damage":1,"enemies":"Jaw Worm","floor":1,"turns":3},{"damage":6,"enemies":"Cultist","floor":2,"turns":3},{"damage":22,"enemies":"3 Sentries","floor":7,"turns":5},{"damage":14,"enemies":"Gremlin Nob","floor":11,"turns":3},{"damage":15,"enemies":"Hexaghost","floor":16,"turns":7},{"damage":0,"enemies":"3 Byrds","floor":18,"turns":2},{"damage":28,"enemies":"Gremlin Leader","floor":23,"turns":6},{"damage":21,"enemies":"Book of Stabbing","floor":25,"turns":4},{"damage":0,"enemies":"Spheric Guardian","floor":27,"turns":3},{"damage":11,"enemies":"Snake Plant","floor":28,"turns":3},{"damage":0,"enemies":"Chosen and Byrds","floor":31,"turns":3},{"damage":32,"enemies":"Collector","floor":33,"turns":5},{"damage":19,"enemies":"3 Shapes","floor":35,"turns":2},{"damage":18,"enemies":"3 Darklings","floor":37,"turns":4},{"damage":24,"enemies":"4 Shapes","floor":39,"turns":5},{"damage":26,"enemies":"Maw","floor":42,"turns":7},{"damage":47,"enemies":"Nemesis","floor":44,"turns":4}],"seed_played":"-8156444530463862473","potions_obtained":[{"floor":2,"key":"Fire Potion"},{"floor":11,"key":"Strength Potion"},{"floor":28,"key":"Fire Potion"},{"floor":31,"key":"PowerPotion"},{"floor":33,"key":"Dexterity Potion"},{"floor":35,"key":"Energy Potion"},{"floor":37,"key":"SteroidPotion"}],"is_trial":false,"path_per_floor":["M","M","?","$","$","R","E","R","T","R","E","?","$","?","R","B",null,"M","$","?","?","?","E","R","E","T","M","M","?","?","M","R","B",null,"M","?","M","$","M","?","R","M","T"],"character_chosen":"DEFECT","items_purchased":["Gash","Purity","Good Instincts+1","Go for the Eyes"],"campfire_rested":1,"item_purchase_floors":[4,19,38,38],"current_hp_per_floor":[74,68,68,68,68,68,46,46,46,46,32,14,14,14,36,21,75,75,75,75,54,54,26,26,5,5,17,18,18,18,30,30,35,75,56,56,38,38,26,66,66,40,40,0],"gold":318,"neow_bonus":"UPGRADE_CARD","is_prod":false,"is_daily":false,"chose_seed":false,"campfire_upgraded":5,"win_rate":0,"timestamp":1530585661,"path_taken":["M","M","?","?","$","R","E","R","T","R","E","?","?","?","R","BOSS","M","$","?","?","?","E","R","E","T","M","M","?","?","M","R","BOSS","M","?","M","$","M","?","R","M","T","E"],"build_version":"2018-06-28","purchased_purges":3,"victory":false,"max_hp_per_floor":[75,75,75,75,75,75,75,75,75,75,75,75,75,75,75,75,75,75,75,75,75,75,75,75,75,75,75,75,75,75,75,75,75,75,75,75,75,75,75,66,66,66,66,66],"card_choices":[{"not_picked":["Go for the Eyes","Melter"],"picked":"Rebound","floor":1},{"not_picked":["Redo","Go for the Eyes"],"picked":"Gash","floor":2},{"not_picked":["Conserve Battery","Barrage"],"picked":"Gash","floor":7},{"not_picked":["Core Surge","Stack"],"picked":"Coolheaded","floor":11},{"not_picked":["Multi-Cast","Thunder Strike"],"picked":"Reboot","floor":16},{"not_picked":["Barrage","Capacitor","Streamline"],"picked":"SKIP","floor":18},{"not_picked":["Compile Driver+1","Defragment","Coolheaded+1"],"picked":"SKIP","floor":23},{"not_picked":["Turbo+1","Leap"],"picked":"Hologram+1","floor":25},{"not_picked":["Streamline+1","Redo"],"picked":"Hologram+1","floor":27},{"not_picked":["Rebound","Capacitor+1","Glacier"],"picked":"SKIP","floor":28},{"not_picked":["Go for the Eyes","Hello World"],"picked":"Gash","floor":31},{"not_picked":["Fission","Rainbow"],"picked":"Echo Form","floor":33},{"not_picked":["Ball Lightning","Turbo+1","Cold Snap"],"picked":"SKIP","floor":35},{"not_picked":["Stack+1","Turbo+1"],"picked":"Compile Driver+1","floor":37},{"not_picked":["Leap+1","Darkness+1"],"picked":"Hologram+1","floor":39},{"not_picked":["Leap+1","Melter+1"],"picked":"Go for the Eyes","floor":42}],"player_experience":442727,"relics_obtained":[{"floor":7,"key":"Oddly Smooth Stone"},{"floor":9,"key":"Juzu Bracelet"},{"floor":11,"key":"Unceasing Top"},{"floor":23,"key":"Pantograph"},{"floor":25,"key":"Kunai"},{"floor":26,"key":"Meat on the Bone"},{"floor":34,"key":"Anchor"},{"floor":34,"key":"Toxic Egg 2"},{"floor":34,"key":"Girya"},{"floor":43,"key":"Happy Flower"}],"event_choices":[{"event_name":"Accursed Blacksmith","player_choice":"Rummage","floor":3,"damage_taken":0},{"event_name":"Scrap Ooze","player_choice":"success","floor":12,"damage_taken":18},{"event_name":"World of Goop","player_choice":"Left","floor":14,"damage_taken":0},{"event_name":"Drug Dealer","player_choice":"Ignored","floor":20,"damage_taken":0},{"event_name":"Knowing Skull","player_choice":"GOLD GOLD ","floor":21,"damage_taken":0},{"event_name":"Addict","player_choice":"Obtained Relic","floor":22,"damage_taken":0},{"event_name":"Nest","player_choice":"Stole From Cult","floor":29,"damage_taken":0},{"event_name":"Ghosts","player_choice":"Ignored","floor":30,"damage_taken":0},{"event_name":"Duplicator","player_choice":"One dupe","floor":36,"damage_taken":0},{"event_name":"The Moai Head","player_choice":"Heal","floor":40,"damage_taken":0}],"boss_relics":[{"not_picked":["Velvet Choker","Inserter"],"picked":"Cursed Key"},{"not_picked":["Eternal Feather","White Beast Statue"],"picked":"Calling Bell"}],"items_purged_floors":[4,13,38],"is_endless":false,"potions_floor_spawned":[2,11,28,31,33,35,37,42],"killed_by":"Nemesis","ascension_level":1}