{"gold_per_floor":[112,112,31,50,100,126,126,153,180,180,213,223,239,251,251,251],"floor_reached":16,"playtime":354,"items_purged":[],"score":290,"play_id":"2972863f-25b2-4478-92bc-f3fd5f882b13","local_time":"20181208233158","is_ascension_mode":true,"campfire_choices":[{"data":"Inflame","floor":7.0,"key":"SMITH"},{"data":"Bash","floor":10.0,"key":"SMITH"},{"floor":15.0,"key":"REST"}],"neow_cost":"NONE","seed_source_timestamp":0,"circlet_count":0,"master_deck":["AscendersBane","Strike_R","Strike_R","Strike_R","Strike_R","Strike_R","Defend_R","Defend_R","Defend_R","Defend_R","Bash+1","Carnage","Decay","Inflame+1","Iron Wave","Bludgeon","Warcry","Seeing Red","Seeing Red","True Grit","Feed"],"special_seed":0,"relics":["Burning Blood","NeowsBlessing","Dream Catcher","Question Card","Blood Vial"],"potions_floor_usage":[16],"damage_taken":[{"damage":0.0,"enemies":"2 Louse","floor":1.0,"turns":1.0},{"damage":0.0,"enemies":"Cultist","floor":4.0,"turns":1.0},{"damage":0.0,"enemies":"Lagavulin","floor":6.0,"turns":1.0},{"damage":32.0,"enemies":"Gremlin Nob","floor":8.0,"turns":4.0},{"damage":32.0,"enemies":"Lagavulin","floor":11.0,"turns":5.0},{"damage":0.0,"enemies":"Small Slimes","floor":12.0,"turns":2.0},{"damage":0.0,"enemies":"Blue Slaver","floor":13.0,"turns":2.0},{"damage":25.0,"enemies":"Lots of Slimes","floor":14.0,"turns":4.0},{"damage":54,"enemies":"The Guardian","floor":16,"turns":8}],"seed_played":"2228245114568252103","potions_obtained":[{"floor":4.0,"key":"Block Potion"},{"floor":8.0,"key":"Energy Potion"},{"floor":12.0,"key":"BloodPotion"},{"floor":14.0,"key":"Poison Potion"}],"is_trial":false,"path_per_floor":["M","?","$","M","?","E","R","E","T","R","E","M","M","M","R","B"],"character_chosen":"IRONCLAD","items_purchased":["Inflame"],"campfire_rested":1,"item_purchase_floors":[3],"current_hp_per_floor":[74,74,74,75,68,74,74,48,48,48,22,30,45,28,50,0],"gold":251,"neow_bonus":"THREE_ENEMY_KILL","is_prod":false,"is_daily":false,"chose_seed":false,"campfire_upgraded":2,"win_rate":0,"timestamp":1544337118,"path_taken":["M","?","$","?","?","E","R","E","T","R","E","M","?","M","R","BOSS"],"build_version":"2018-12-06","purchased_purges":0,"victory":false,"max_hp_per_floor":[75,75,75,75,75,75,75,75,75,75,75,75,75,75,75,75],"card_choices":[{"not_picked":["Sword Boomerang","Wild Strike"],"picked":"Carnage","floor":1.0},{"not_picked":["Ghostly Armor","Wild Strike"],"picked":"Iron Wave","floor":4.0},{"not_picked":["Ghostly Armor","Bloodletting"],"picked":"Bludgeon","floor":6.0},{"not_picked":["Corruption","Iron Wave"],"picked":"Warcry","floor":8.0},{"not_picked":["Cleave","Hemokinesis","Spot Weakness"],"picked":"Seeing Red","floor":11.0},{"not_picked":["Anger","Corruption","Evolve"],"picked":"Seeing Red","floor":12.0},{"not_picked":["Corruption","Perfected Strike","Thunderclap"],"picked":"True Grit","floor":13.0},{"not_picked":["Ghostly Armor","Shockwave","Body Slam"],"picked":"Feed","floor":14.0}],"player_experience":552058,"relics_obtained":[{"floor":6.0,"key":"Dream Catcher"},{"floor":8.0,"key":"Question Card"},{"floor":11.0,"key":"Blood Vial"}],"event_choices":[{"damage_healed":0.0,"max_hp_gain":0.0,"max_hp_loss":0.0,"gold_gain":0.0,"event_name":"Wheel of Change","player_choice":"Cursed","floor":2.0,"gold_loss":0.0,"damage_taken":0.0,"cards_obtained":["Decay"]},{"damage_healed":0.0,"max_hp_gain":0.0,"max_hp_loss":0.0,"gold_gain":50.0,"event_name":"FaceTrader","player_choice":"Touch","floor":5.0,"gold_loss":0.0,"damage_taken":7.0}],"is_beta":false,"boss_relics":[],"items_purged_floors":[],"is_endless":false,"potions_floor_spawned":[4,8,12,14],"killed_by":"The Guardian","ascension_level":20}