{"gold_per_floor":[109,109,120,295,314,23,38,38,91,91,101,7,21,21],"floor_reached":14,"playtime":395,"items_purged":[],"score":98,"play_id":"3e907f52-2edb-4f71-a7fd-7b8865368193","local_time":"20180805164256","is_ascension_mode":true,"campfire_choices":[{"data":"Choke","floor":10,"key":"SMITH"}],"neow_cost":"NONE","seed_source_timestamp":28667781342704,"circlet_count":0,"master_deck":["Defend_G","Defend_G","Defend_G","Strike_G","Strike_G","Strike_G","Strike_G+1","Survivor","Choke+1","Doubt","Dagger Spray","Meteor Strike+1","Adrenaline","Finesse","Quick Slash"],"relics":["Empty Cage","ClockworkSouvenir","Whetstone"],"potions_floor_usage":[7,7,7,11],"damage_taken":[{"damage":5,"enemies":"Small Slimes","floor":1,"turns":5},{"damage":2,"enemies":"Jaw Worm","floor":3,"turns":3},{"damage":1,"enemies":"2 Louse","floor":5,"turns":3},{"damage":20,"enemies":"Gremlin Gang","floor":7,"turns":4},{"damage":12,"enemies":"3 Louse","floor":11,"turns":2},{"damage":10,"enemies":"Exordium Wildlife","floor":13,"turns":3},{"damage":14,"enemies":"Lagavulin","floor":14,"turns":3}],"seed_played":"-4707921817978091547","potions_obtained":[{"floor":5,"key":"Fire Potion"},{"floor":7,"key":"Weak Potion"}],"is_trial":false,"path_per_floor":["M","?","M","?","M","$","M","?","T","R","M","$","M"],"character_chosen":"THE_SILENT","items_purchased":["ClockworkSouvenir","PowerPotion","AttackPotion","Finesse"],"campfire_rested":0,"item_purchase_floors":[6,6,6,12],"current_hp_per_floor":[65,58,56,56,55,55,35,35,35,35,23,23,13,0],"gold":21,"neow_bonus":"BOSS_RELIC","is_prod":false,"is_daily":false,"chose_seed":false,"campfire_upgraded":1,"win_rate":0,"timestamp":1533480176,"path_taken":["M","?","?","?","?","$","M","?","T","R","?","$","M","E"],"build_version":"2018-08-01","purchased_purges":0,"victory":false,"max_hp_per_floor":[70,70,70,70,70,70,70,70,70,70,70,70,70,70],"card_choices":[{"not_picked":["Quick Slash","Sucker Punch"],"picked":"Choke","floor":1},{"not_picked":["Dagger Spray","Dodge and Roll","Grand Finale"],"picked":"SKIP","floor":3},{"not_picked":["Quick Slash","Dodge and Roll","Eviscerate"],"picked":"SKIP","floor":5},{"not_picked":["Deadly Poison","Blur"],"picked":"Dagger Spray","floor":7},{"not_picked":["Masterful Stab","Footwork"],"picked":"Adrenaline","floor":11},{"not_picked":["Acrobatics","Flechettes"],"picked":"Quick Slash","floor":13}],"player_experience":375520,"relics_obtained":[{"floor":9,"key":"Whetstone"}],"event_choices":[{"event_name":"Golden Wing","player_choice":"Card Removal","floor":2,"damage_taken":0},{"event_name":"Liars Game","player_choice":"agreed","floor":4,"damage_taken":0},{"event_name":"NoteForYourself","player_choice":"Took Card","floor":8,"damage_taken":0}],"is_beta":true,"boss_relics":[],"items_purged_floors":[],"is_endless":false,"potions_floor_spawned":[5,7],"killed_by":"Lagavulin","ascension_level":4}