{"gold_per_floor":[19,19,30,30,46,46,74,74,101,120,133,133,1,13,13,85,85,98,112,112,112,27,27,27],"floor_reached":24,"playtime":4624,"items_purged":["Strike_G"],"score":382,"play_id":"a4364a8f-08e3-4624-ae00-68e8444330a0","local_time":"20190118140124","is_ascension_mode":true,"campfire_choices":[{"data":"Neutralize","floor":6.0,"key":"SMITH"},{"data":"Die Die Die","floor":8.0,"key":"SMITH"},{"floor":12.0,"key":"REST"},{"floor":15.0,"key":"REST"},{"floor":23,"key":"REST"}],"neow_cost":"NO_GOLD","seed_source_timestamp":0,"circlet_count":0,"master_deck":["AscendersBane","Defend_G","Defend_G","Defend_G","Defend_G","Defend_G","Strike_G","Strike_G","Strike_G","Survivor","Neutralize+1","Deadly Poison+1","Poisoned Stab","Die Die Die+1","Dodge and Roll","Heel Hook","PiercingWail","Dash","A Thousand Cuts","Terror","Blade Dance"],"special_seed":0,"relics":["Ring of the Serpent","Dead Branch","Orichalcum","Juzu Bracelet","Incense Burner"],"potions_floor_usage":[16,16,24,24],"damage_taken":[{"damage":2.0,"enemies":"Small Slimes","floor":1.0,"turns":3.0},{"damage":4.0,"enemies":"2 Louse","floor":3.0,"turns":3.0},{"damage":0.0,"enemies":"Cultist","floor":5.0,"turns":4.0},{"damage":21.0,"enemies":"Lagavulin","floor":7.0,"turns":6.0},{"damage":2.0,"enemies":"Gremlin Gang","floor":10.0,"turns":3.0},{"damage":0.0,"enemies":"3 Louse","floor":11.0,"turns":1.0},{"damage":0.0,"enemies":"2 Fungi Beasts","floor":14.0,"turns":3.0},{"damage":39,"enemies":"Slime Boss","floor":16,"turns":14},{"damage":9,"enemies":"Chosen","floor":18,"turns":5},{"damage":24,"enemies":"Shell Parasite","floor":19,"turns":5},{"damage":43,"enemies":"Book of Stabbing","floor":24,"turns":7}],"seed_played":"1422862971069659737","potions_obtained":[{"floor":1.0,"key":"SpeedPotion"},{"floor":10.0,"key":"Explosive Potion"},{"floor":16,"key":"FearPotion"},{"floor":20,"key":"Dexterity Potion"}],"is_trial":false,"path_per_floor":["M","?","M","?","M","R","E","R","T","M","M","R","$","M","R","B",null,"M","M","?","?","?","R","E"],"character_chosen":"THE_SILENT","items_purchased":["PiercingWail"],"campfire_rested":3,"item_purchase_floors":[13],"current_hp_per_floor":[57,50,46,46,46,46,25,25,25,23,23,42,42,42,61,22,55,46,22,22,22,22,41,0],"gold":27,"neow_bonus":"ONE_RARE_RELIC","is_prod":false,"is_daily":false,"chose_seed":false,"campfire_upgraded":2,"win_rate":0,"timestamp":1547848884,"path_taken":["M","?","M","?","M","R","E","R","T","M","M","R","$","M","R","BOSS","M","M","?","?","?","R","E"],"build_version":"2019-01-17v2","purchased_purges":1,"victory":false,"max_hp_per_floor":[66,66,66,66,66,66,66,66,66,66,66,66,66,66,66,66,66,66,66,66,66,66,66,66],"card_choices":[{"not_picked":["Dagger Throw","Concentrate"],"picked":"Deadly Poison","floor":1.0},{"not_picked":["Finisher","Deflect","Choke"],"picked":"SKIP","floor":3.0},{"not_picked":["Dagger Throw","Outmaneuver"],"picked":"Poisoned Stab","floor":5.0},{"not_picked":["Quick Slash","Prepared"],"picked":"Die Die Die","floor":7.0},{"not_picked":["Poisoned Stab","Deadly Poison"],"picked":"Dodge and Roll","floor":10.0},{"not_picked":["Flying Knee","Sucker Punch"],"picked":"Heel Hook","floor":11.0},{"not_picked":["Riddle With Holes","Prepared"],"picked":"Dash","floor":14.0},{"not_picked":["Bullet Time","Doppelganger"],"picked":"A Thousand Cuts","floor":16},{"not_picked":["Deflect","Outmaneuver+1"],"picked":"Terror","floor":18},{"not_picked":["Masterful Stab+1","Predator+1"],"picked":"Blade Dance","floor":19}],"player_experience":1703676,"relics_obtained":[{"floor":7.0,"key":"Orichalcum"},{"floor":9.0,"key":"Juzu Bracelet"}],"event_choices":[{"cards_removed":["Strike_G"],"damage_healed":0.0,"max_hp_gain":0.0,"max_hp_loss":0.0,"gold_gain":0.0,"event_name":"Golden Wing","player_choice":"Card Removal","floor":2.0,"gold_loss":0.0,"damage_taken":7.0},{"damage_healed":0.0,"max_hp_gain":0.0,"max_hp_loss":0.0,"gold_gain":0.0,"event_name":"Living Wall","player_choice":"Grow","floor":4.0,"gold_loss":0.0,"damage_taken":0.0,"cards_upgraded":["Deadly Poison"]},{"damage_healed":0,"gold_gain":0,"player_choice":"Got Potions","damage_taken":0,"max_hp_gain":0,"max_hp_loss":0,"event_name":"Lab","floor":20,"gold_loss":0},{"damage_healed":0,"gold_gain":0,"player_choice":"Ignored","damage_taken":0,"max_hp_gain":0,"max_hp_loss":0,"event_name":"N\u0027loth","floor":21,"gold_loss":0},{"damage_healed":0,"gold_gain":0,"player_choice":"Obtained Relic","damage_taken":0,"relics_obtained":["Incense Burner"],"max_hp_gain":0,"max_hp_loss":0,"event_name":"Addict","floor":22,"gold_loss":85}],"is_beta":false,"boss_relics":[{"not_picked":["Runic Dome","Philosopher\u0027s Stone"],"picked":"Ring of the Serpent"}],"items_purged_floors":[13],"is_endless":false,"potions_floor_spawned":[1,10,16],"killed_by":"Book of Stabbing","ascension_level":19}