{"gold_per_floor":[114,114,128,197,247,281,331,331,355,405,405,474,486,612,612,689,689,706,756,806,171,185,185,160,187,187,187,198,212,212,277,277,353,353,365,385,39,109,207,236,236,269,320,320],"floor_reached":44,"playtime":1653,"items_purged":["Writhe","Strike_B+1"],"score":920,"play_id":"6bb88684-0c2f-453a-a4c0-73227edee0c9","local_time":"20190207141404","is_ascension_mode":true,"campfire_choices":[{"data":"Loop","floor":8.0,"key":"SMITH"},{"data":"Dualcast","floor":11.0,"key":"SMITH"},{"data":"Defragment","floor":15.0,"key":"SMITH"},{"floor":23.0,"key":"REST"},{"floor":27.0,"key":"REST"},{"floor":30.0,"key":"REST"},{"data":"Electrodynamics","floor":32.0,"key":"SMITH"},{"floor":41.0,"key":"REST"}],"neow_cost":"NONE","seed_source_timestamp":0,"circlet_count":0,"master_deck":["AscendersBane","Strike_B+1","Strike_B+1","Defend_B+1","Defend_B+1","Defend_B+1","Defend_B+1","Zap+1","Dualcast+1","Ball Lightning","FTL","Conserve Battery","Loop+1","Defragment+1","Creative AI","Glacier+1","Electrodynamics+1","Thunder Strike","Zap+1","Auto Shields+1","Leap+1","Electrodynamics","White Noise+1","Defragment","Hologram+1","Leap+1","Chaos+1"],"special_seed":0,"relics":["Cracked Core","NeowsBlessing","SsserpentHead","Bronze Scales","Blood Vial","Vajra","Toxic Egg 2","Runic Pyramid","Ancient Tea Set","DollysMirror","Cables","Mercury Hourglass","Inserter","Oddly Smooth Stone","Girya","Unceasing Top","Art of War","Lantern"],"potions_floor_usage":[],"damage_taken":[{"damage":0.0,"enemies":"Small Slimes","floor":1.0,"turns":1.0},{"damage":0.0,"enemies":"Cultist","floor":3.0,"turns":1.0},{"damage":0.0,"enemies":"2 Louse","floor":4.0,"turns":1.0},{"damage":27.0,"enemies":"Lagavulin","floor":6.0,"turns":6.0},{"damage":0.0,"enemies":"2 Fungi Beasts","floor":12.0,"turns":2.0},{"damage":11.0,"enemies":"Looter","floor":13.0,"turns":2.0},{"damage":37.0,"enemies":"Hexaghost","floor":16.0,"turns":5.0},{"damage":32.0,"enemies":"Shell Parasite","floor":18.0,"turns":4.0},{"damage":18.0,"enemies":"Chosen","floor":22.0,"turns":6.0},{"damage":15.0,"enemies":"Gremlin Leader","floor":25.0,"turns":4.0},{"damage":7.0,"enemies":"Shelled Parasite and Fungi","floor":28.0,"turns":5.0},{"damage":0.0,"enemies":"Cultist and Chosen","floor":29.0,"turns":5.0},{"damage":13.0,"enemies":"Centurion and Healer","floor":31.0,"turns":5.0},{"damage":10.0,"enemies":"Automaton","floor":33.0,"turns":7.0},{"damage":0.0,"enemies":"Orb Walker","floor":35.0,"turns":4.0},{"damage":4.0,"enemies":"3 Shapes","floor":38.0,"turns":3.0},{"damage":50.0,"enemies":"2 Orb Walkers","floor":39.0,"turns":4.0},{"damage":7.0,"enemies":"Giant Head","floor":40.0,"turns":9.0},{"damage":24.0,"enemies":"Nemesis","floor":42.0,"turns":5.0},{"damage":0,"enemies":"Writhing Mass","floor":44,"turns":1}],"seed_played":"-5684213829048534755","potions_obtained":[{"floor":3.0,"key":"LiquidBronze"},{"floor":4.0,"key":"SkillPotion"},{"floor":12.0,"key":"FearPotion"},{"floor":13.0,"key":"FocusPotion"},{"floor":16.0,"key":"Ancient Potion"},{"floor":22.0,"key":"FocusPotion"},{"floor":25.0,"key":"FearPotion"},{"floor":29.0,"key":"PowerPotion"},{"floor":36.0,"key":"EntropicBrew"},{"floor":36.0,"key":"Poison Potion"},{"floor":42.0,"key":"EssenceOfSteel"}],"is_trial":false,"path_per_floor":["M","?","M","M","?","E","?","R","T","?","R","M","M","T","R","B",null,"M","?","?","$","M","R","?","E","T","R","M","M","R","M","R","B",null,"M","?","$","M","?","E","R","E","T","M"],"character_chosen":"DEFECT","items_purchased":["Electrodynamics","Thunder Strike","DollysMirror","Defragment","Oddly Smooth Stone"],"campfire_rested":4,"item_purchase_floors":[21,21,21,37,37],"current_hp_per_floor":[64,64,64,64,64,37,60,60,60,60,60,62,53,53,53,18,58,28,28,28,28,12,33,33,20,20,41,36,38,59,48,48,40,63,65,65,65,63,15,10,31,9,9,11],"gold":320,"neow_bonus":"THREE_ENEMY_KILL","is_prod":false,"is_daily":false,"chose_seed":false,"campfire_upgraded":4,"win_rate":0,"timestamp":1549574044,"path_taken":["M","?","M","?","?","E","?","R","T","?","R","?","M","?","R","BOSS","M","?","?","$","M","R","?","E","T","R","M","M","R","?","R","BOSS","M","?","$","?","?","E","R","E","T","M"],"build_version":"2019-01-23","purchased_purges":2,"victory":false,"max_hp_per_floor":[71,71,71,71,71,71,71,71,71,71,71,71,71,71,71,71,71,71,71,71,71,71,71,71,71,71,71,71,71,71,71,71,71,71,71,71,71,71,71,71,71,71,71,71],"card_choices":[{"not_picked":["Beam Cell","Auto Shields"],"picked":"Ball Lightning","floor":1.0},{"not_picked":["Ball Lightning","Auto Shields"],"picked":"FTL","floor":3.0},{"not_picked":["Aggregate","Go for the Eyes"],"picked":"Conserve Battery","floor":4.0},{"not_picked":["Rebound","Scrape"],"picked":"Loop","floor":6.0},{"not_picked":["Coolheaded","Stack"],"picked":"Defragment","floor":12.0},{"not_picked":["Blizzard","Steam Power","Stack"],"picked":"SKIP","floor":13.0},{"not_picked":["Reboot+1","Rainbow+1"],"picked":"Creative AI","floor":16.0},{"not_picked":["Doom and Gloom","Barrage"],"picked":"Glacier+1","floor":18.0},{"not_picked":["Recycle+1","Conserve Battery+1"],"picked":"Auto Shields+1","floor":22.0},{"not_picked":["Consume+1","Darkness+1"],"picked":"Leap+1","floor":25.0},{"not_picked":["Glacier+1","Stack+1","Heatsinks"],"picked":"SKIP","floor":28.0},{"not_picked":["Loop","Leap+1","Reprogram+1"],"picked":"SKIP","floor":29.0},{"not_picked":["Recycle+1","Barrage+1","Undo+1"],"picked":"SKIP","floor":31.0},{"not_picked":["Meteor Strike","Core Surge"],"picked":"Electrodynamics","floor":33.0},{"not_picked":["Aggregate+1","Beam Cell"],"picked":"White Noise+1","floor":35.0},{"not_picked":["Conserve Battery+1","Rebound"],"picked":"Hologram+1","floor":38.0},{"not_picked":["Hologram+1","Reinforced Body+1"],"picked":"Leap+1","floor":39.0},{"not_picked":["Sweeping Beam","Storm","Creative AI"],"picked":"SKIP","floor":40.0},{"not_picked":["Hologram+1","Compile Driver"],"picked":"Chaos+1","floor":42.0}],"player_experience":780029,"relics_obtained":[{"floor":6.0,"key":"Bronze Scales"},{"floor":9.0,"key":"Blood Vial"},{"floor":14.0,"key":"Toxic Egg 2"},{"floor":25.0,"key":"Cables"},{"floor":26.0,"key":"Mercury Hourglass"},{"floor":39.0,"key":"Girya"},{"floor":40.0,"key":"Unceasing Top"},{"floor":42.0,"key":"Art of War"},{"floor":43.0,"key":"Lantern"}],"event_choices":[{"damage_healed":0.0,"max_hp_gain":0.0,"max_hp_loss":0.0,"gold_gain":0.0,"event_name":"FaceTrader","player_choice":"Trade","floor":2.0,"gold_loss":0.0,"damage_taken":0.0,"relics_obtained":["SsserpentHead"]},{"damage_healed":0.0,"max_hp_gain":0.0,"max_hp_loss":0.0,"gold_gain":0.0,"event_name":"Living Wall","player_choice":"Grow","floor":5.0,"gold_loss":0.0,"damage_taken":0.0,"cards_upgraded":["Zap"]},{"damage_healed":23.0,"max_hp_gain":0.0,"max_hp_loss":0.0,"gold_gain":0.0,"event_name":"Big Fish","player_choice":"Banana","floor":7.0,"gold_loss":0.0,"damage_taken":0.0},{"damage_healed":0.0,"max_hp_gain":0.0,"max_hp_loss":0.0,"gold_gain":0.0,"event_name":"WeMeetAgain","player_choice":"Gave Potion","floor":10.0,"gold_loss":0.0,"damage_taken":0.0,"relics_obtained":["Vajra"]},{"damage_healed":0.0,"max_hp_gain":0.0,"max_hp_loss":0.0,"gold_gain":0.0,"event_name":"The Mausoleum","player_choice":"Opened","floor":19.0,"gold_loss":0.0,"damage_taken":0.0,"relics_obtained":["Ancient Tea Set"],"cards_obtained":["Writhe"]},{"damage_healed":0.0,"max_hp_gain":0.0,"max_hp_loss":0.0,"gold_gain":0.0,"event_name":"Back to Basics","player_choice":"Simplicity","floor":20.0,"gold_loss":0.0,"damage_taken":0.0,"cards_upgraded":["Strike_B","Strike_B","Strike_B","Strike_B","Defend_B","Defend_B","Defend_B","Defend_B"]},{"cards_removed":["Strike_B"],"damage_healed":0.0,"max_hp_gain":0.0,"max_hp_loss":0.0,"gold_gain":0.0,"event_name":"Beggar","player_choice":"Gave Gold","floor":24.0,"gold_loss":75.0,"damage_taken":0.0},{"damage_healed":0.0,"max_hp_gain":0.0,"max_hp_loss":0.0,"gold_gain":0.0,"event_name":"The Woman in Blue","player_choice":"Bought 2 Potions","floor":36.0,"gold_loss":0.0,"damage_taken":0.0},{"damage_healed":0.0,"max_hp_gain":0.0,"max_hp_loss":0.0,"gold_gain":0.0,"event_name":"Mysterious Sphere","player_choice":"Fight","floor":39.0,"gold_loss":0.0,"damage_taken":0.0}],"is_beta":false,"boss_relics":[{"not_picked":["Runic Dome","Coffee Dripper"],"picked":"Runic Pyramid"},{"not_picked":["Astrolabe","Orrery"],"picked":"Inserter"}],"items_purged_floors":[21,37],"is_endless":false,"potions_floor_spawned":[3,4,12,13,16,22,25,29,39,42],"killed_by":"Writhing Mass","ascension_level":17}