{"gold_per_floor":[117,132,132,8,24,24,52,52,52,52,69,69,82,113,113,210,210,220,220,70,81,6,6,32,32,32,43,70,70,70,103,103,207,207,224,240,250,350,350,382,382,414,414,414,449,469,480,491,491,491],"floor_reached":50,"playtime":3727,"items_purged":["Pain"],"score":810,"play_id":"15d6362a-36f8-4ea0-8743-7f30c2c8a407","local_time":"20190105030121","is_ascension_mode":true,"campfire_choices":[{"data":"Glass Knife","floor":6.0,"key":"SMITH"},{"data":"Noxious Fumes","floor":8.0,"key":"SMITH"},{"floor":10.0,"key":"REST"},{"floor":15.0,"key":"REST"},{"data":"After Image","floor":23.0,"key":"SMITH"},{"floor":25.0,"key":"REST"},{"floor":29.0,"key":"REST"},{"floor":32.0,"key":"REST"},{"floor":41,"key":"REST"},{"floor":44,"key":"RECALL"},{"data":"Neutralize","floor":49,"key":"SMITH"}],"neow_cost":"CURSE","seed_source_timestamp":1490931826125947,"circlet_count":0,"master_deck":["Defend_G","Defend_G","Defend_G+1","Defend_G","Strike_G+1","Strike_G+1","Survivor","Neutralize+1","Glass Knife+1","Backflip","Accuracy","PiercingWail","Noxious Fumes+1","Cloak And Dagger+1","Cloak And Dagger","After Image+1","Poisoned Stab+1","Die Die Die+1","Dash+1","Sucker Punch+1","A Thousand Cuts","Leg Sweep","Storm of Steel","Bouncing Flask+1","Eviscerate+1","Malaise+1","Catalyst","Parasite","Adrenaline","Dodge and Roll+1","Endless Agony","Bouncing Flask+1","Slice+1","Cloak And Dagger+1"],"special_seed":0,"relics":["Ring of the Snake","StoneCalendar","Ice Cream","PreservedInsect","War Paint","Sozu","Enchiridion","Snake Skull","Bottled Flame","Letter Opener","Shuriken","Dream Catcher","Astrolabe","Mango","Whetstone","Bag of Marbles","Bird Faced Urn"],"potions_floor_usage":[],"damage_taken":[{"damage":4.0,"enemies":"Small Slimes","floor":1.0,"turns":3.0},{"damage":6.0,"enemies":"2 Louse","floor":2.0,"turns":3.0},{"damage":4.0,"enemies":"Jaw Worm","floor":5.0,"turns":4.0},{"damage":4.0,"enemies":"3 Sentries","floor":7.0,"turns":8.0},{"damage":0.0,"enemies":"Blue Slaver","floor":11.0,"turns":3.0},{"damage":2.0,"enemies":"Exordium Wildlife","floor":13.0,"turns":4.0},{"damage":5.0,"enemies":"Lagavulin","floor":14.0,"turns":6.0},{"damage":7.0,"enemies":"Slime Boss","floor":16.0,"turns":7.0},{"damage":7.0,"enemies":"Shell Parasite","floor":18.0,"turns":5.0},{"damage":0.0,"enemies":"Chosen","floor":21.0,"turns":3.0},{"damage":4.0,"enemies":"Book of Stabbing","floor":24.0,"turns":4.0},{"damage":1.0,"enemies":"Centurion and Healer","floor":27.0,"turns":6.0},{"damage":23.0,"enemies":"Gremlin Leader","floor":28.0,"turns":6.0},{"damage":25.0,"enemies":"Slavers","floor":31.0,"turns":3.0},{"damage":30.0,"enemies":"Collector","floor":33.0,"turns":8.0},{"damage":0.0,"enemies":"3 Shapes","floor":35.0,"turns":6.0},{"damage":0.0,"enemies":"Orb Walker","floor":36.0,"turns":3.0},{"damage":1.0,"enemies":"Writhing Mass","floor":37.0,"turns":6.0},{"damage":11.0,"enemies":"Mind Bloom Boss Battle","floor":38.0,"turns":6.0},{"damage":0,"enemies":"Nemesis","floor":40,"turns":5},{"damage":20,"enemies":"Reptomancer","floor":42,"turns":6},{"damage":9,"enemies":"Nemesis","floor":45,"turns":5},{"damage":5,"enemies":"Maw","floor":46,"turns":6},{"damage":0,"enemies":"3 Darklings","floor":47,"turns":4},{"damage":0,"enemies":"Sphere and 2 Shapes","floor":48,"turns":5},{"damage":84,"enemies":"Awakened One","floor":50,"turns":11}],"seed_played":"-8035454171889041568","potions_obtained":[{"floor":1.0,"key":"Ancient Potion"},{"floor":5.0,"key":"LiquidBronze"},{"floor":11.0,"key":"EssenceOfSteel"}],"is_trial":false,"path_per_floor":["M","M","?","$","M","R","E","R","T","R","M","?","M","E","R","B",null,"M","?","$","M","?","R","E","R","T","M","E","R","T","E","R","B",null,"M","M","M","?","?","E","R","E","T","R","E","M","M","M","R","B"],"character_chosen":"THE_SILENT","items_purchased":["Strength Potion","Die Die Die","Dash"],"campfire_rested":6,"item_purchase_floors":[4,20,20],"current_hp_per_floor":[59,53,39,39,35,35,31,31,31,52,52,34,32,27,48,41,63,56,40,40,40,40,40,36,57,57,56,33,54,54,29,50,20,58,58,58,57,60,60,60,84,64,64,64,55,56,64,74,74,0],"gold":491,"neow_bonus":"THREE_RARE_CARDS","is_prod":false,"is_daily":false,"chose_seed":false,"campfire_upgraded":4,"win_rate":0,"timestamp":1546675281,"path_taken":["M","M","?","$","M","R","E","R","T","R","M","?","M","E","R","BOSS","M","?","$","M","?","R","E","R","T","?","E","R","?","E","R","BOSS","M","M","M","?","?","E","R","E","T","R","E","M","M","?","R","BOSS"],"build_version":"2019-01-03v4","purchased_purges":1,"victory":false,"max_hp_per_floor":[70,70,70,70,70,70,70,70,70,70,70,70,70,70,70,70,70,70,70,70,70,70,70,70,70,70,70,70,70,70,70,70,70,70,70,70,70,84,84,84,84,84,84,84,84,84,84,84,84,84],"card_choices":[{"not_picked":["Venomology","Burst"],"picked":"Glass Knife","floor":0.0},{"not_picked":["Blade Dance","Deadly Poison"],"picked":"Backflip","floor":1.0},{"not_picked":["Calculated Gamble","Catalyst"],"picked":"Accuracy","floor":2.0},{"not_picked":["Bane","Terror"],"picked":"PiercingWail","floor":5.0},{"not_picked":["Bouncing Flask","Cloak And Dagger"],"picked":"Noxious Fumes","floor":7.0},{"not_picked":["Poisoned Stab","PiercingWail"],"picked":"Cloak And Dagger","floor":11.0},{"not_picked":["Prepared","Backflip","Poisoned Stab"],"picked":"SKIP","floor":13.0},{"not_picked":["Bouncing Flask","Storm of Steel"],"picked":"Cloak And Dagger","floor":14.0},{"not_picked":["Night Terror","Envenom"],"picked":"After Image","floor":16.0},{"not_picked":["Bouncing Flask","Eviscerate+1"],"picked":"Poisoned Stab+1","floor":18.0},{"not_picked":["Dodge and Roll","Finisher","Dagger Spray"],"picked":"SKIP","floor":21.0},{"not_picked":["Outmaneuver","Underhanded Strike","Bane"],"picked":"SKIP","floor":24.0},{"not_picked":["Skewer","Dagger Throw"],"picked":"Sucker Punch+1","floor":27.0},{"not_picked":["Riddle With Holes+1","Noxious Fumes"],"picked":"A Thousand Cuts","floor":28.0},{"not_picked":["Bouncing Flask","Reflex"],"picked":"Leg Sweep","floor":31.0},{"not_picked":["Venomology","Doppelganger"],"picked":"Storm of Steel","floor":33.0},{"not_picked":["Reflex","Underhanded Strike","Sucker Punch"],"picked":"SKIP","floor":35.0},{"not_picked":["Dagger Throw+1","Expertise"],"picked":"Catalyst","floor":36.0},{"not_picked":["Predator+1","Underhanded Strike"],"picked":"Adrenaline","floor":37.0},{"not_picked":["Deflect","Catalyst"],"picked":"Dodge and Roll+1","floor":38.0},{"not_picked":["Finisher","Underhanded Strike+1"],"picked":"Endless Agony","floor":40},{"not_picked":["Cloak And Dagger","Slice"],"picked":"Bouncing Flask+1","floor":42},{"not_picked":["Well Laid Plans","Doppelganger"],"picked":"Slice+1","floor":45},{"not_picked":["Prepared","Dagger Throw+1"],"picked":"Cloak And Dagger+1","floor":46},{"not_picked":["Dodge and Roll","Slice","Blade Dance"],"picked":"SKIP","floor":47},{"not_picked":["Flying Knee","Bane+1","Underhanded Strike"],"picked":"SKIP","floor":48}],"player_experience":342772,"relics_obtained":[{"floor":7.0,"key":"StoneCalendar"},{"floor":9.0,"key":"Ice Cream"},{"floor":14.0,"key":"War Paint"},{"floor":19.0,"key":"Enchiridion"},{"floor":24.0,"key":"Snake Skull"},{"floor":26.0,"key":"Bottled Flame"},{"floor":28.0,"key":"Letter Opener"},{"floor":30.0,"key":"Shuriken"},{"floor":31.0,"key":"Dream Catcher"},{"floor":38.0,"key":"Mango"},{"floor":40,"key":"Whetstone"},{"floor":42,"key":"Bag of Marbles"},{"floor":45,"key":"Bird Faced Urn"}],"event_choices":[{"damage_healed":0.0,"max_hp_gain":0.0,"max_hp_loss":0.0,"gold_gain":0.0,"event_name":"Shining Light","player_choice":"Entered Light","floor":3.0,"gold_loss":0.0,"damage_taken":14.0,"cards_upgraded":["Strike_G","Strike_G"]},{"damage_healed":0.0,"max_hp_gain":0.0,"max_hp_loss":0.0,"gold_gain":0.0,"event_name":"Scrap Ooze","player_choice":"Success","floor":12.0,"gold_loss":0.0,"damage_taken":18.0,"relics_obtained":["PreservedInsect"]},{"damage_healed":0.0,"max_hp_gain":0.0,"max_hp_loss":0.0,"gold_gain":0.0,"event_name":"Cursed Tome","player_choice":"Obtained Book","floor":19.0,"gold_loss":0.0,"damage_taken":16.0},{"cards_removed":["Strike_G"],"damage_healed":0.0,"max_hp_gain":0.0,"max_hp_loss":0.0,"gold_gain":0.0,"event_name":"Beggar","player_choice":"Gave Gold","floor":22.0,"gold_loss":75.0,"damage_taken":0.0},{"damage_healed":0.0,"max_hp_gain":0.0,"max_hp_loss":0.0,"gold_gain":0.0,"event_name":"MindBloom","player_choice":"Fight","floor":38.0,"gold_loss":0.0,"damage_taken":0.0},{"damage_healed":0,"gold_gain":0,"player_choice":"Ignored","damage_taken":0,"max_hp_gain":0,"max_hp_loss":0,"event_name":"Mysterious Sphere","floor":39,"gold_loss":0}],"is_beta":false,"boss_relics":[{"not_picked":["Orrery","Lizard Tail"],"picked":"Sozu"},{"not_picked":["Tiny House","Fusion Hammer"],"picked":"Astrolabe"}],"items_purged_floors":[4],"is_endless":false,"potions_floor_spawned":[1,5,11,21,24,28,37,38,40,42,48],"killed_by":"Awakened One","ascension_level":6}