{"gold_per_floor":[111,111,124,43,43,43,76,76,76,100,170,170,145,180,180,275,275,293,312,362,84,84,84,159,197,197,197,268,342,27,52,52,52],"floor_reached":33,"playtime":998,"items_purged":["Blood for Blood"],"score":550,"play_id":"610020cd-9fb8-4a7c-a584-890b79fd68fa","local_time":"20181212122021","is_ascension_mode":true,"campfire_choices":[{"data":"Feed","floor":6.0,"key":"SMITH"},{"data":"Armaments","floor":12.0,"key":"SMITH"},{"data":"Uppercut","floor":15.0,"key":"SMITH"},{"floor":23.0,"key":"REST"},{"floor":27.0,"key":"REST"},{"floor":32.0,"key":"REST"}],"neow_cost":"NONE","seed_source_timestamp":144982431150304,"circlet_count":0,"master_deck":["AscendersBane","Strike_R","Strike_R","Strike_R","Defend_R","Bash","Immolate","Thunderclap","Infernal Blade","Feed+1","Armaments+1","Whirlwind","Dropkick","Uppercut+1","Exhume","Havoc+1","Body Slam","True Grit","Inflame","Pummel+1","Intimidate","Pommel Strike"],"special_seed":0,"relics":["Burning Blood","Self Forming Clay","Golden Idol","Kunai","SsserpentHead","Paper Frog","The Courier","Empty Cage","Letter Opener","Ancient Tea Set","Pear","Unceasing Top"],"potions_floor_usage":[33],"damage_taken":[{"damage":0.0,"enemies":"2 Louse","floor":1.0,"turns":1.0},{"damage":7.0,"enemies":"Jaw Worm","floor":3.0,"turns":2.0},{"damage":11.0,"enemies":"Gremlin Nob","floor":7.0,"turns":3.0},{"damage":0.0,"enemies":"Cultist","floor":10.0,"turns":2.0},{"damage":25.0,"enemies":"Large Slime","floor":11.0,"turns":5.0},{"damage":17.0,"enemies":"3 Sentries","floor":14.0,"turns":5.0},{"damage":48.0,"enemies":"The Guardian","floor":16.0,"turns":10.0},{"damage":13.0,"enemies":"3 Byrds","floor":18.0,"turns":4.0},{"damage":22.0,"enemies":"2 Thieves","floor":19.0,"turns":4.0},{"damage":21.0,"enemies":"Snake Plant","floor":24.0,"turns":3.0},{"damage":43.0,"enemies":"Book of Stabbing","floor":25.0,"turns":5.0},{"damage":14.0,"enemies":"Snecko","floor":28.0,"turns":4.0},{"damage":23.0,"enemies":"3 Cultists","floor":29.0,"turns":4.0},{"damage":18.0,"enemies":"Chosen and Byrds","floor":31.0,"turns":4.0},{"damage":110,"enemies":"Automaton","floor":33,"turns":8}],"seed_played":"6024553628238453538","potions_obtained":[{"floor":3.0,"key":"Explosive Potion"},{"floor":7.0,"key":"EssenceOfSteel"},{"floor":14.0,"key":"FearPotion"},{"floor":16.0,"key":"EssenceOfSteel"},{"floor":18.0,"key":"FairyPotion"},{"floor":25.0,"key":"BloodPotion"},{"floor":29.0,"key":"Ancient Potion"}],"is_trial":false,"path_per_floor":["M","?","M","$","?","R","E","?","T","M","M","R","?","E","R","B",null,"M","M","?","$","?","R","M","E","T","R","M","M","$","M","R","B"],"character_chosen":"IRONCLAD","items_purchased":["Feed","Letter Opener","Unceasing Top","Intimidate"],"campfire_rested":3,"item_purchase_floors":[4,21,30,30],"current_hp_per_floor":[74,69,68,68,68,68,63,63,63,72,57,57,57,50,50,8,62,55,39,39,39,39,63,48,11,21,48,49,36,36,24,52,0],"gold":52,"neow_bonus":"ONE_RANDOM_RARE_CARD","is_prod":false,"is_daily":false,"chose_seed":false,"campfire_upgraded":3,"win_rate":0,"timestamp":1544642421,"path_taken":["M","?","M","$","?","R","E","?","T","M","?","R","?","E","R","BOSS","M","M","?","$","?","R","?","E","T","R","?","?","$","M","R","BOSS"],"build_version":"2018-12-06","purchased_purges":1,"victory":false,"max_hp_per_floor":[75,75,75,75,68,68,68,68,68,72,76,76,76,80,80,80,80,80,80,80,80,80,80,80,80,90,90,90,94,94,94,94,94],"card_choices":[{"not_picked":["Warcry","Clothesline"],"picked":"Thunderclap","floor":1.0},{"not_picked":["Reckless Charge","Body Slam"],"picked":"Infernal Blade","floor":3.0},{"not_picked":["Body Slam","Headbutt"],"picked":"Armaments","floor":7.0},{"not_picked":["Combust","Power Through"],"picked":"Whirlwind","floor":10.0},{"not_picked":["Cleave","Limit Break"],"picked":"Dropkick","floor":11.0},{"not_picked":["Fire Breathing","Clash"],"picked":"Uppercut","floor":14.0},{"not_picked":["Fiend Fire","Bludgeon"],"picked":"Exhume","floor":16.0},{"not_picked":["Armaments+1","Thunderclap","Perfected Strike"],"picked":"SKIP","floor":18.0},{"not_picked":["Heavy Blade","Twin Strike"],"picked":"Havoc+1","floor":19.0},{"not_picked":["Hemokinesis+1","Pummel"],"picked":"True Grit","floor":24.0},{"not_picked":["Second Wind","Evolve","Heavy Blade"],"picked":"SKIP","floor":25.0},{"not_picked":["Thunderclap","Clothesline"],"picked":"Inflame","floor":28.0},{"not_picked":["Warcry","Havoc"],"picked":"Pummel+1","floor":29.0},{"not_picked":["Anger","Havoc+1"],"picked":"Pommel Strike","floor":31.0}],"player_experience":613597,"relics_obtained":[{"floor":7.0,"key":"Kunai"},{"floor":9.0,"key":"Paper Frog"},{"floor":14.0,"key":"The Courier"},{"floor":25.0,"key":"Ancient Tea Set"},{"floor":26.0,"key":"Pear"}],"event_choices":[{"damage_healed":0.0,"max_hp_gain":0.0,"max_hp_loss":0.0,"gold_gain":0.0,"event_name":"Scrap Ooze","player_choice":"Success","floor":2.0,"gold_loss":0.0,"damage_taken":5.0,"relics_obtained":["Self Forming Clay"]},{"damage_healed":0.0,"max_hp_gain":0.0,"max_hp_loss":7.0,"gold_gain":0.0,"event_name":"Golden Idol","player_choice":"Lose Max HP","floor":5.0,"gold_loss":0.0,"damage_taken":0.0,"relics_obtained":["Golden Idol"]},{"damage_healed":0.0,"max_hp_gain":0.0,"max_hp_loss":0.0,"gold_gain":0.0,"event_name":"FaceTrader","player_choice":"Trade","floor":8.0,"gold_loss":0.0,"damage_taken":0.0,"relics_obtained":["SsserpentHead"]},{"cards_removed":["Defend_R"],"damage_healed":0.0,"max_hp_gain":0.0,"max_hp_loss":0.0,"gold_gain":0.0,"event_name":"The Cleric","player_choice":"Card Removal","floor":13.0,"gold_loss":75.0,"damage_taken":0.0},{"damage_healed":0.0,"max_hp_gain":0.0,"max_hp_loss":0.0,"gold_gain":0.0,"cards_transformed":["Strike_R","Defend_R"],"event_name":"Drug Dealer","player_choice":"Became Test Subject","floor":20.0,"gold_loss":0.0,"damage_taken":0.0,"cards_obtained":["Blood for Blood","Body Slam"]},{"damage_healed":0.0,"max_hp_gain":0.0,"max_hp_loss":0.0,"gold_gain":0.0,"event_name":"The Joust","player_choice":"Bet on Owner","floor":22.0,"gold_loss":50.0,"damage_taken":0.0}],"is_beta":false,"boss_relics":[{"not_picked":["Velvet Choker","Busted Crown"],"picked":"Empty Cage"}],"items_purged_floors":[21],"is_endless":false,"potions_floor_spawned":[3,7,14,16,18,24,25,29],"killed_by":"Automaton","ascension_level":20}