{"gold_per_floor":[119,137,137,156,331,331,331,331,331,308,308,328,12,22,22,118,118,136,156,175,192,211,211,211,211],"floor_reached":25,"playtime":1815,"items_purged":["Doubt"],"score":312,"play_id":"46f85b73-67ed-4612-b6d6-6a53e2be80e5","local_time":"20180924095728","is_ascension_mode":true,"campfire_choices":[{"data":"Uppercut","floor":6.0,"key":"SMITH"},{"data":"Shrug It Off","floor":8.0,"key":"SMITH"},{"data":"Bash","floor":11.0,"key":"SMITH"},{"data":"Discovery","floor":15.0,"key":"SMITH"},{"data":"Barricade","floor":23,"key":"SMITH"}],"neow_cost":"NONE","seed_source_timestamp":870925649692454,"circlet_count":0,"master_deck":["Strike_R","Strike_R","Strike_R","Defend_R","Defend_R","Defend_R","Defend_R","Bash+1","AscendersBane","Pommel Strike","Uppercut+1","Shrug It Off+1","Shrug It Off","Clothesline","Flame Barrier","Impervious","Discovery+1","Dropkick","Barricade+1","Body Slam+1","Iron Wave+1","Warcry","Shrug It Off"],"special_seed":0,"relics":["Black Blood","FaceOfCleric","Nunchaku"],"potions_floor_usage":[22,24],"damage_taken":[{"damage":0.0,"enemies":"2 Louse","floor":1.0,"turns":4.0},{"damage":1.0,"enemies":"Cultist","floor":2.0,"turns":3.0},{"damage":7.0,"enemies":"Small Slimes","floor":4.0,"turns":3.0},{"damage":2.0,"enemies":"3 Louse","floor":12.0,"turns":6.0},{"damage":11.0,"enemies":"Red Slaver","floor":14.0,"turns":7.0},{"damage":32.0,"enemies":"The Guardian","floor":16.0,"turns":15.0},{"damage":3.0,"enemies":"3 Byrds","floor":18.0,"turns":7.0},{"damage":10.0,"enemies":"Shell Parasite","floor":19.0,"turns":7.0},{"damage":27.0,"enemies":"Cultist and Chosen","floor":20.0,"turns":7.0},{"damage":12,"enemies":"Snake Plant","floor":21,"turns":3},{"damage":29,"enemies":"Shelled Parasite and Fungi","floor":22,"turns":9},{"damage":23,"enemies":"Colosseum Slavers","floor":24,"turns":3},{"damage":49,"enemies":"Chosen and Byrds","floor":25,"turns":7}],"seed_played":"-3686492543683556343","potions_obtained":[{"floor":14.0,"key":"Ancient Potion"},{"floor":16.0,"key":"Energy Potion"},{"floor":20.0,"key":"PowerPotion"},{"floor":21,"key":"PowerPotion"}],"is_trial":false,"path_per_floor":["M","M","?","M","?","R","?","R","T","$","R","M","$","M","R","B",null,"M","M","M","M","M","R","?"],"character_chosen":"IRONCLAD","items_purchased":["Shrug It Off","Flame Barrier","Impervious","Discovery"],"campfire_rested":0,"item_purchase_floors":[10,13,13,13],"current_hp_per_floor":[78,80,80,80,80,80,80,80,80,80,80,82,82,81,81,60,80,88,89,73,72,54,54,42,0],"gold":211,"neow_bonus":"REMOVE_CARD","is_prod":false,"is_daily":false,"chose_seed":false,"campfire_upgraded":5,"win_rate":0,"timestamp":1537808248,"path_taken":["M","M","?","M","?","R","?","R","T","?","R","M","$","M","R","BOSS","M","M","M","M","M","R","?","M"],"build_version":"2018-09-20","purchased_purges":1,"victory":false,"max_hp_per_floor":[80,80,80,81,81,81,81,81,81,81,81,82,82,86,86,87,87,88,89,90,91,92,92,93,93],"card_choices":[{"not_picked":["Heavy Blade","Havoc"],"picked":"Pommel Strike","floor":1.0},{"not_picked":["Flame Barrier","Twin Strike"],"picked":"Uppercut","floor":2.0},{"not_picked":["Warcry","Armaments"],"picked":"Shrug It Off","floor":4.0},{"not_picked":["Perfected Strike","Searing Blow"],"picked":"Clothesline","floor":12.0},{"not_picked":["Armaments","Exhume"],"picked":"Dropkick","floor":14.0},{"not_picked":["Exhume","Immolate"],"picked":"Barricade","floor":16.0},{"not_picked":["Heavy Blade","Clash"],"picked":"Body Slam+1","floor":18.0},{"not_picked":["Thunderclap","Clothesline"],"picked":"Iron Wave+1","floor":19.0},{"not_picked":["Infernal Blade","Dual Wield"],"picked":"Warcry","floor":20.0},{"not_picked":["Cleave","Thunderclap+1"],"picked":"Shrug It Off","floor":21},{"not_picked":["Sword Boomerang","Infernal Blade","Clash"],"picked":"SKIP","floor":22}],"player_experience":1073268,"relics_obtained":[{"floor":9.0,"key":"Nunchaku"}],"event_choices":[{"event_name":"FaceTrader","player_choice":"Trade","floor":3.0,"damage_taken":0.0},{"event_name":"Liars Game","player_choice":"agreed","floor":5.0,"damage_taken":0.0},{"event_name":"Purifier","player_choice":"One Purge","floor":7.0,"damage_taken":0.0},{"event_name":"Colosseum","player_choice":"Fight","floor":24,"damage_taken":0},{"event_name":"Colosseum","player_choice":"Fled From Nobs","floor":24,"damage_taken":0}],"is_beta":false,"boss_relics":[{"not_picked":["Pandora\u0027s Box","Busted Crown"],"picked":"Black Blood"}],"items_purged_floors":[13],"is_endless":false,"potions_floor_spawned":[14,16,19,20,21],"killed_by":"Chosen and Byrds","ascension_level":12}