{"gold_per_floor":[116,191,205,222,232,232,264,277,331,256,271,271,59,59,59,59],"floor_reached":16,"playtime":409,"items_purged":["Strike_R","Strike_R"],"score":204,"play_id":"943962b9-414e-466c-9c67-da984480b87c","local_time":"20181011162534","is_ascension_mode":true,"campfire_choices":[{"floor":6,"key":"REST"},{"data":"Uppercut","floor":12,"key":"SMITH"},{"data":"Disarm","floor":15,"key":"SMITH"}],"neow_cost":"NONE","seed_source_timestamp":283579106309364,"circlet_count":0,"master_deck":["Strike_R","Strike_R","Strike_R","Defend_R","Defend_R","Defend_R","Defend_R","Bash","AscendersBane","Pommel Strike","Uppercut+1","Pommel Strike","Headbutt","Offering","Feel No Pain","Disarm+1","Shrug It Off","Regret"],"relics":["Burning Blood","Potion Belt","Magic Flower","Oddly Smooth Stone","Frozen Egg 2"],"potions_floor_usage":[16,16],"damage_taken":[{"damage":12,"enemies":"Jaw Worm","floor":1,"turns":2},{"damage":15,"enemies":"Small Slimes","floor":3,"turns":6},{"damage":3,"enemies":"2 Louse","floor":4,"turns":2},{"damage":29,"enemies":"Exordium Thugs","floor":5,"turns":5},{"damage":26,"enemies":"Gremlin Nob","floor":7,"turns":4},{"damage":9,"enemies":"3 Louse","floor":8,"turns":4},{"damage":9,"enemies":"2 Fungi Beasts","floor":11,"turns":3},{"damage":28,"enemies":"The Guardian","floor":16,"turns":7}],"seed_played":"-4929472304838278221","potions_obtained":[{"floor":5,"key":"GamblersBrew"},{"floor":11,"key":"Weak Potion"}],"is_trial":false,"path_per_floor":["M","?","M","M","M","R","E","M","T","$","M","R","$","?","R"],"character_chosen":"IRONCLAD","items_purchased":["Shrug It Off","PowerPotion"],"campfire_rested":1,"item_purchase_floors":[13,13],"current_hp_per_floor":[62,51,42,45,22,44,24,24,24,24,24,24,24,24,24,0],"gold":59,"neow_bonus":"RANDOM_COMMON_RELIC","is_prod":false,"is_daily":false,"chose_seed":false,"campfire_upgraded":2,"win_rate":0,"timestamp":1539300334,"path_taken":["M","?","M","M","M","R","E","M","T","$","M","R","$","?","R","BOSS"],"build_version":"2018-10-10","purchased_purges":2,"victory":false,"max_hp_per_floor":[75,75,75,75,75,75,75,75,75,75,75,75,75,75,75,75],"card_choices":[{"not_picked":["Twin Strike","Anger"],"picked":"Pommel Strike","floor":1},{"not_picked":["Rupture","Headbutt"],"picked":"Uppercut","floor":3},{"not_picked":["Cleave","Seeing Red"],"picked":"Pommel Strike","floor":4},{"not_picked":["Body Slam","Twin Strike"],"picked":"Headbutt","floor":5},{"not_picked":["Combust","Anger"],"picked":"Offering","floor":7},{"not_picked":["Carnage","Flex"],"picked":"Feel No Pain","floor":8},{"not_picked":["Carnage","Inflame"],"picked":"Disarm","floor":11}],"player_experience":885518,"relics_obtained":[{"floor":7,"key":"Magic Flower"},{"floor":9,"key":"Oddly Smooth Stone"}],"event_choices":[{"event_name":"World of Goop","player_choice":"Gather Gold","floor":2,"damage_taken":0},{"event_name":"Big Fish","player_choice":"Box","floor":14,"damage_taken":0}],"is_beta":true,"boss_relics":[],"items_purged_floors":[10,13],"is_endless":false,"potions_floor_spawned":[5,11],"killed_by":"The Guardian","ascension_level":20}