{"gold_per_floor":[411,109,109,122,138,138,153,189,215,15,190,234,83,83,83,206,206,226,249,249,270,193,193],"floor_reached":23,"playtime":1004,"items_purged":[],"score":219,"play_id":"b4d52d9c-ce72-41f3-98f7-0b4dc4f7bb9b","local_time":"20181213002840","is_ascension_mode":true,"campfire_choices":[{"data":"Loop","floor":6.0,"key":"SMITH"},{"floor":15.0,"key":"REST"}],"neow_cost":"TEN_PERCENT_HP_LOSS","seed_source_timestamp":437386541732453,"circlet_count":0,"master_deck":["Strike_B+1","Strike_B+1","Strike_B+1","Strike_B+1","Defend_B+1","Defend_B+1","Defend_B+1","Defend_B+1","Zap","Dualcast","Storm","Loop+1","Sweeping Beam","Self Repair","Leap","Ball Lightning","Doom and Gloom","Self Repair","Fusion","Creative AI","Electrodynamics+1","Loop+1","Static Discharge+1","White Noise+1"],"special_seed":0,"relics":["Cracked Core","Old Coin","Membership Card","Golden Idol","Omamori","Matryoshka","Bag of Marbles","FossilizedHelix","Frozen Egg 2","Fusion Hammer","Boot"],"potions_floor_usage":[23,23],"damage_taken":[{"damage":0.0,"enemies":"Small Slimes","floor":1.0,"turns":3.0},{"damage":8.0,"enemies":"2 Louse","floor":4.0,"turns":2.0},{"damage":1.0,"enemies":"Cultist","floor":5.0,"turns":3.0},{"damage":9.0,"enemies":"Red Slaver","floor":7.0,"turns":4.0},{"damage":28.0,"enemies":"Lagavulin","floor":8.0,"turns":6.0},{"damage":22.0,"enemies":"3 Sentries","floor":12.0,"turns":4.0},{"damage":22.0,"enemies":"The Guardian","floor":16.0,"turns":7.0},{"damage":17.0,"enemies":"2 Thieves","floor":18.0,"turns":3.0},{"damage":29.0,"enemies":"3 Byrds","floor":19.0,"turns":3.0},{"damage":40.0,"enemies":"Snake Plant","floor":21.0,"turns":4.0},{"damage":18,"enemies":"Gremlin Leader","floor":23,"turns":2}],"seed_played":"1418686365571370644","potions_obtained":[{"floor":5.0,"key":"Strength Potion"},{"floor":7.0,"key":"SpeedPotion"},{"floor":16.0,"key":"GamblersBrew"},{"floor":18.0,"key":"Explosive Potion"}],"is_trial":false,"path_per_floor":["M","$","?","M","M","R","M","E","T","$","?","E","$","?","R","B",null,"M","M","?","M","$","E"],"character_chosen":"DEFECT","items_purchased":["Loop","Membership Card","Sweeping Beam","Self Repair","Matryoshka","Fusion","FossilizedHelix","Boot"],"campfire_rested":1,"item_purchase_floors":[2,2,2,10,10,10,13,22],"current_hp_per_floor":[68,68,51,43,49,49,47,26,26,26,26,18,18,6,26,11,68,58,43,43,17,17,0],"gold":193,"neow_bonus":"ONE_RARE_RELIC","is_prod":false,"is_daily":false,"chose_seed":false,"campfire_upgraded":1,"win_rate":0,"timestamp":1544678920,"path_taken":["M","$","?","M","M","R","M","E","T","$","?","E","$","?","R","BOSS","M","M","?","M","$","E"],"build_version":"2018-12-06","purchased_purges":0,"victory":false,"max_hp_per_floor":[68,68,68,68,68,68,68,68,68,68,68,68,68,68,68,68,68,68,68,68,68,68,68],"card_choices":[{"not_picked":["Leap","Rebound"],"picked":"Storm","floor":1.0},{"not_picked":["Compile Driver","Sweeping Beam"],"picked":"Self Repair","floor":4.0},{"not_picked":["Compile Driver","Turbo"],"picked":"Leap","floor":5.0},{"not_picked":["Stack","Undo"],"picked":"Ball Lightning","floor":7.0},{"not_picked":["Sweeping Beam","Hologram"],"picked":"Doom and Gloom","floor":8.0},{"not_picked":["Rip and Tear","Rebound"],"picked":"Creative AI","floor":12.0},{"not_picked":["Multi-Cast","All For One"],"picked":"Electrodynamics+1","floor":16.0},{"not_picked":["Cold Snap","Skim"],"picked":"Loop+1","floor":18.0},{"not_picked":["Steam+1","Darkness+1"],"picked":"Static Discharge+1","floor":19.0},{"not_picked":["Conserve Battery","Stack"],"picked":"White Noise+1","floor":21.0}],"player_experience":188126,"relics_obtained":[{"floor":8.0,"key":"Omamori"},{"floor":12.0,"key":"Bag of Marbles"}],"event_choices":[{"damage_healed":0.0,"max_hp_gain":0.0,"max_hp_loss":0.0,"gold_gain":0.0,"event_name":"Golden Idol","player_choice":"Take Damage","floor":3.0,"gold_loss":0.0,"damage_taken":17.0,"relics_obtained":["Golden Idol"]},{"damage_healed":0.0,"max_hp_gain":0.0,"max_hp_loss":0.0,"gold_gain":175.0,"event_name":"Liars Game","player_choice":"AGREE","floor":11.0,"gold_loss":0.0,"damage_taken":0.0,"cards_obtained":["Doubt"]},{"damage_healed":0.0,"max_hp_gain":0.0,"max_hp_loss":0.0,"gold_gain":0.0,"event_name":"Scrap Ooze","player_choice":"Success","floor":14.0,"gold_loss":0.0,"damage_taken":12.0,"relics_obtained":["Frozen Egg 2"]},{"damage_healed":0.0,"max_hp_gain":0.0,"max_hp_loss":0.0,"gold_gain":0.0,"event_name":"Back to Basics","player_choice":"Simplicity","floor":20.0,"gold_loss":0.0,"damage_taken":0.0,"cards_upgraded":["Strike_B","Strike_B","Strike_B","Strike_B","Defend_B","Defend_B","Defend_B","Defend_B"]}],"is_beta":false,"boss_relics":[{"not_picked":["White Beast Statue","Runic Dome"],"picked":"Fusion Hammer"}],"items_purged_floors":[],"is_endless":false,"potions_floor_spawned":[5,7,16,18],"killed_by":"Gremlin Leader","ascension_level":2}