{"gold_per_floor":[113,126,126,201,219,219,234,234,234,234,250,250,260,271,271,348,348,363,376,376,40,40,40,67,67,67,78,97,12,26,26,26,26],"floor_reached":33,"playtime":3206,"items_purged":[],"score":505,"play_id":"38f3069d-ff96-471b-8995-a28b7d40c04d","local_time":"20190124113702","is_ascension_mode":true,"campfire_choices":[{"data":"Poisoned Stab","floor":6.0,"key":"SMITH"},{"data":"Skewer","floor":10.0,"key":"SMITH"},{"floor":12.0,"key":"REST"},{"data":"Malaise","floor":15.0,"key":"SMITH"},{"floor":23.0,"key":"REST"},{"data":"After Image","floor":25,"key":"SMITH"},{"floor":32,"key":"REST"}],"neow_cost":"NONE","seed_source_timestamp":671895818105190,"circlet_count":0,"master_deck":["AscendersBane","Defend_G","Defend_G","Defend_G","Defend_G","Defend_G","Strike_G","Strike_G","Survivor","Neutralize","Poisoned Stab+1","Dagger Throw","Well Laid Plans","Skewer+1","Clumsy","Malaise+1","Dodge and Roll","Venomology","Blur","After Image+1","Blade Dance+1","Corpse Explosion+1","Noxious Fumes+1","Blur","Predator","Deadly Poison+1","Sucker Punch"],"special_seed":0,"relics":["Ring of the Snake","The Courier","Mercury Hourglass","Astrolabe","MutagenicStrength","Ninja Scroll","Regal Pillow","Tingsha","Potion Belt","Paper Crane"],"potions_floor_usage":[24,24,30],"damage_taken":[{"damage":2.0,"enemies":"2 Louse","floor":1.0,"turns":4.0},{"damage":4.0,"enemies":"Jaw Worm","floor":2.0,"turns":6.0},{"damage":7.0,"enemies":"Small Slimes","floor":5.0,"turns":4.0},{"damage":9.0,"enemies":"Exordium Thugs","floor":7.0,"turns":4.0},{"damage":3.0,"enemies":"Looter","floor":11.0,"turns":3.0},{"damage":8.0,"enemies":"2 Fungi Beasts","floor":13.0,"turns":3.0},{"damage":0.0,"enemies":"3 Louse","floor":14.0,"turns":2.0},{"damage":29.0,"enemies":"The Guardian","floor":16.0,"turns":14.0},{"damage":26.0,"enemies":"2 Thieves","floor":18.0,"turns":4.0},{"damage":10.0,"enemies":"Spheric Guardian","floor":19.0,"turns":6.0},{"damage":21,"enemies":"Book of Stabbing","floor":24,"turns":3},{"damage":3,"enemies":"Snecko","floor":27,"turns":4},{"damage":5,"enemies":"Cultist and Chosen","floor":28,"turns":5},{"damage":19,"enemies":"Shelled Parasite and Fungi","floor":30,"turns":6},{"damage":78,"enemies":"Collector","floor":33,"turns":9}],"seed_played":"-2558474034296186901","potions_obtained":[{"floor":5.0,"key":"AttackPotion"},{"floor":11.0,"key":"SteroidPotion"},{"floor":18.0,"key":"FearPotion"},{"floor":28,"key":"Regen Potion"}],"is_trial":false,"path_per_floor":["M","M","?","?","M","R","M","?","T","R","M","R","M","M","R","B",null,"M","M","?","$","?","R","E","R","T","M","M","?","M","?","R","B"],"character_chosen":"THE_SILENT","items_purchased":["Ninja Scroll","Regal Pillow"],"campfire_rested":3,"item_purchase_floors":[21,21],"current_hp_per_floor":[63,59,48,37,30,30,21,21,21,21,18,39,31,31,31,2,55,29,19,19,19,19,55,34,34,34,31,26,26,22,36,72,0],"gold":26,"neow_bonus":"TEN_PERCENT_HP_BONUS","is_prod":false,"is_daily":false,"chose_seed":false,"campfire_upgraded":4,"win_rate":0,"timestamp":1548358622,"path_taken":["M","M","?","?","M","R","M","?","T","R","M","R","M","M","R","BOSS","M","M","?","$","?","R","E","R","T","M","M","?","M","?","R","BOSS"],"build_version":"2019-01-23","purchased_purges":0,"victory":false,"max_hp_per_floor":[72,72,72,72,72,72,72,72,72,72,72,72,72,72,72,72,72,72,72,72,72,72,72,72,72,72,72,72,72,72,72,72,72],"card_choices":[{"not_picked":["Masterful Stab","Slice"],"picked":"Poisoned Stab","floor":1.0},{"not_picked":["Concentrate","Sucker Punch"],"picked":"Dagger Throw","floor":2.0},{"not_picked":["Deadly Poison","Bane"],"picked":"Well Laid Plans","floor":5.0},{"not_picked":["Acrobatics","Dagger Throw"],"picked":"Skewer","floor":7.0},{"not_picked":["Eviscerate","Dagger Throw"],"picked":"Dodge and Roll","floor":11.0},{"not_picked":["Infinite Blades","Quick Slash"],"picked":"Venomology","floor":13.0},{"not_picked":["Quick Slash","Finisher"],"picked":"Blur","floor":14.0},{"not_picked":["Tools of the Trade","Night Terror"],"picked":"After Image","floor":16.0},{"not_picked":["Infinite Blades","Reflex"],"picked":"Blur","floor":18.0},{"not_picked":["Crippling Poison","Slice"],"picked":"Predator","floor":19.0},{"not_picked":["Deadly Poison","PiercingWail","Flying Knee"],"picked":"SKIP","floor":24},{"not_picked":["Acrobatics","Bane","Outmaneuver"],"picked":"SKIP","floor":27},{"not_picked":["Quick Slash","Reflex+1"],"picked":"Deadly Poison+1","floor":28},{"not_picked":["Blur","Choke"],"picked":"Sucker Punch","floor":30}],"player_experience":1746327,"relics_obtained":[{"floor":9.0,"key":"Mercury Hourglass"},{"floor":24,"key":"Tingsha"},{"floor":26,"key":"Potion Belt"}],"event_choices":[{"damage_healed":0.0,"max_hp_gain":0.0,"max_hp_loss":0.0,"gold_gain":0.0,"event_name":"Scrap Ooze","player_choice":"Success","floor":3.0,"gold_loss":0.0,"damage_taken":11.0,"relics_obtained":["The Courier"]},{"damage_healed":0.0,"max_hp_gain":0.0,"max_hp_loss":0.0,"gold_gain":75.0,"event_name":"World of Goop","player_choice":"Gather Gold","floor":4.0,"gold_loss":0.0,"damage_taken":11.0},{"damage_healed":0.0,"max_hp_gain":0.0,"max_hp_loss":0.0,"gold_gain":0.0,"event_name":"Match and Keep!","player_choice":"2 cards matched","floor":8.0,"gold_loss":0.0,"damage_taken":0.0,"cards_obtained":["Clumsy","Malaise"]},{"damage_healed":0.0,"max_hp_gain":0.0,"max_hp_loss":0.0,"gold_gain":0.0,"event_name":"Drug Dealer","player_choice":"Inject Mutagens","floor":20.0,"gold_loss":0.0,"damage_taken":0.0,"relics_obtained":["MutagenicStrength"]},{"damage_healed":0.0,"max_hp_gain":0.0,"max_hp_loss":0.0,"gold_gain":0.0,"event_name":"Beggar","player_choice":"Ignored","floor":22.0,"gold_loss":0.0,"damage_taken":0.0},{"damage_healed":0,"gold_gain":0,"player_choice":"Obtained Relic","damage_taken":0,"relics_obtained":["Paper Crane"],"max_hp_gain":0,"max_hp_loss":0,"event_name":"Addict","floor":29,"gold_loss":85},{"damage_healed":14,"gold_gain":0,"player_choice":"Heal","damage_taken":0,"max_hp_gain":0,"max_hp_loss":0,"event_name":"The Library","floor":31,"gold_loss":0}],"is_beta":false,"boss_relics":[{"not_picked":["Sozu","Black Star"],"picked":"Astrolabe"}],"items_purged_floors":[],"is_endless":false,"potions_floor_spawned":[5,11,18,28],"killed_by":"Collector","ascension_level":19}