{"gold_per_floor":[117,117,129,49,49,76,76,107,107,120,132,18,44,58,58,163,163,177,196,211,211,222,252,252,252],"floor_reached":25,"playtime":1461,"items_purged":["Defend_B"],"score":427,"play_id":"4e29c60e-28df-4373-b795-02046a8606d2","local_time":"20190112185525","is_ascension_mode":true,"campfire_choices":[{"data":"Self Repair","floor":7.0,"key":"SMITH"},{"data":"Buffer","floor":15,"key":"SMITH"},{"data":"Creative AI","floor":24,"key":"SMITH"}],"neow_cost":"NONE","seed_source_timestamp":0,"circlet_count":0,"master_deck":["AscendersBane","Strike_B","Strike_B","Strike_B+1","Defend_B","Defend_B","Defend_B","Zap+1","Dualcast","Defragment+1","Conserve Battery","Self Repair+1","Cold Snap","Conserve Battery","Leap","Conserve Battery","Capacitor","Genetic Algorithm","Buffer+1","Creative AI+1","Blizzard+1","Self Repair","Conserve Battery+1","Heatsinks"],"special_seed":0,"relics":["Cracked Core","NeowsBlessing","Singing Bowl","Question Card","Dodecahedron","The Courier","Velvet Choker","Darkstone Periapt"],"potions_floor_usage":[13,22,23],"damage_taken":[{"damage":0.0,"enemies":"2 Louse","floor":1.0,"turns":1.0},{"damage":0.0,"enemies":"Small Slimes","floor":3.0,"turns":1.0},{"damage":0.0,"enemies":"Gremlin Nob","floor":6.0,"turns":1.0},{"damage":8.0,"enemies":"3 Sentries","floor":8.0,"turns":8.0},{"damage":0.0,"enemies":"Cultist","floor":10.0,"turns":4.0},{"damage":18.0,"enemies":"Gremlin Gang","floor":11.0,"turns":7.0},{"damage":23,"enemies":"Gremlin Nob","floor":13,"turns":5},{"damage":7,"enemies":"3 Louse","floor":14,"turns":5},{"damage":41,"enemies":"Hexaghost","floor":16,"turns":14},{"damage":17,"enemies":"2 Thieves","floor":18,"turns":4},{"damage":2,"enemies":"Spheric Guardian","floor":19,"turns":6},{"damage":0,"enemies":"Snecko","floor":20,"turns":7},{"damage":22,"enemies":"Centurion and Healer","floor":22,"turns":11},{"damage":79,"enemies":"Gremlin Leader","floor":23,"turns":9},{"damage":25,"enemies":"Snake Plant","floor":25,"turns":3}],"seed_played":"2352490595901301603","potions_obtained":[{"floor":3.0,"key":"PowerPotion"},{"floor":6.0,"key":"Block Potion"},{"floor":8.0,"key":"FairyPotion"},{"floor":11.0,"key":"EssenceOfSteel"},{"floor":16,"key":"Weak Potion"},{"floor":23,"key":"Fire Potion"}],"is_trial":false,"path_per_floor":["M","?","M","$","?","E","R","E","T","M","M","$","E","M","R","B",null,"M","M","M","?","M","E","R","M"],"character_chosen":"DEFECT","items_purchased":["Self Repair","Capacitor"],"campfire_rested":0,"item_purchase_floors":[4,12],"current_hp_per_floor":[68,53,53,53,53,60,60,62,62,72,64,64,51,54,54,23,62,47,57,67,67,72,24,24,0],"gold":252,"neow_bonus":"THREE_ENEMY_KILL","is_prod":false,"is_daily":false,"chose_seed":false,"campfire_upgraded":3,"win_rate":0,"timestamp":1547340925,"path_taken":["M","?","M","$","?","E","R","E","T","?","M","$","E","M","R","BOSS","M","?","M","?","M","E","R","M"],"build_version":"2019-01-10","purchased_purges":1,"victory":false,"max_hp_per_floor":[75,75,75,75,75,75,75,75,75,75,75,75,75,75,75,75,75,77,79,79,79,79,79,79,79],"card_choices":[{"not_picked":["Turbo","Melter"],"picked":"Defragment","floor":1.0},{"not_picked":["Gash","Streamline"],"picked":"Conserve Battery","floor":3.0},{"not_picked":["Rebound","Undo"],"picked":"Cold Snap","floor":6.0},{"not_picked":["Tempest","Coolheaded"],"picked":"Conserve Battery","floor":8.0},{"not_picked":["White Noise","Scrape","Barrage"],"picked":"Leap","floor":10.0},{"not_picked":["BootSequence","Double Energy","Lockon"],"picked":"Conserve Battery","floor":11.0},{"not_picked":["Steam","Doom and Gloom","Coolheaded"],"picked":"Genetic Algorithm","floor":13},{"not_picked":["Scrape","Cold Snap","Capacitor"],"picked":"Buffer","floor":14},{"not_picked":["Rainbow","Amplify","Multi-Cast"],"picked":"Creative AI","floor":16},{"not_picked":["Aggregate+1","Barrage","Go for the Eyes+1","Steam+1"],"picked":"Singing Bowl","floor":18},{"not_picked":["Sunder","Sweeping Beam","Streamline","Steam"],"picked":"Singing Bowl","floor":19},{"not_picked":["Reinforced Body","Thunder Strike","Conserve Battery"],"picked":"Blizzard+1","floor":20},{"not_picked":["Aggregate+1","Consume","Leap+1"],"picked":"Conserve Battery+1","floor":22},{"not_picked":["BootSequence","Loop","Go for the Eyes"],"picked":"Heatsinks","floor":23}],"player_experience":448836,"relics_obtained":[{"floor":6.0,"key":"Singing Bowl"},{"floor":8.0,"key":"Question Card"},{"floor":9.0,"key":"Dodecahedron"},{"floor":13,"key":"The Courier"},{"floor":23,"key":"Darkstone Periapt"}],"event_choices":[{"damage_healed":0.0,"max_hp_gain":0.0,"max_hp_loss":0.0,"gold_gain":0.0,"event_name":"Shining Light","player_choice":"Entered Light","floor":2.0,"gold_loss":0.0,"damage_taken":15.0,"cards_upgraded":["Strike_B","Zap"]},{"damage_healed":0.0,"max_hp_gain":0.0,"max_hp_loss":0.0,"gold_gain":0.0,"event_name":"Accursed Blacksmith","player_choice":"Forge","floor":5.0,"gold_loss":0.0,"damage_taken":0.0,"cards_upgraded":["Defragment"]},{"damage_healed":0,"gold_gain":0,"cards_transformed":["Strike_B"],"player_choice":"Transformed","damage_taken":0,"max_hp_gain":0,"max_hp_loss":0,"event_name":"Transmorgrifier","floor":21,"gold_loss":0,"cards_obtained":["Self Repair"]}],"is_beta":false,"boss_relics":[{"not_picked":["Lizard Tail","Pandora\u0027s Box"],"picked":"Velvet Choker"}],"items_purged_floors":[12],"is_endless":false,"potions_floor_spawned":[3,6,8,11,16,18,20,23],"killed_by":"Snake Plant","ascension_level":10}