{"path_per_floor":["M","$","?","M","$","R","M","R","T","R","$","?","T","M","R","B",null,"M","M","M","M","M","R","?","$","T","M","T","?","R","M","R","B",null,"M","M","?","?","M","R","E","$","T","M","M","R","?","M","R"],"character_chosen":"DEFECT","items_purchased":["Ball Lightning","Capacitor","Orichalcum"],"gold_per_floor":[114,14,14,39,39,39,64,64,64,64,40,40,67,91,91,220,220,240,265,279,298,313,313,313,213,213,231,281,281,281,301,301,421,421,437,451,451,451,469,469,503,234,234,259,280,280,280,298,298,298],"floor_reached":50,"campfire_rested":5,"playtime":2289,"current_hp_per_floor":[75,75,75,74,74,74,72,72,72,72,72,72,72,74,74,40,75,72,74,50,16,16,38,38,38,38,22,22,22,44,33,33,36,75,59,30,49,49,55,75,32,32,32,36,29,51,51,38,60,0],"items_purged":["Strike_B","Writhe","Injury"],"gold":298,"score":514,"play_id":"c304e6a8-84f3-4265-b92a-fb7deb9b6b39","local_time":"20180506191711","is_prod":false,"is_daily":false,"chose_seed":false,"is_ascension_mode":false,"campfire_upgraded":5,"timestamp":1525627031,"path_taken":["M","$","?","M","?","R","M","R","T","R","?","?","?","M","R","BOSS","M","?","M","M","M","R","?","?","T","M","?","?","R","M","R","BOSS","M","M","?","?","?","R","E","$","T","M","M","R","?","M","R","BOSS"],"build_version":"2018-05-03","seed_source_timestamp":35684597010682,"purchased_purges":3,"victory":false,"master_deck":["Defend_B","Defend_B","Defend_B","Zap+1","Dualcast+1","Ball Lightning+1","Ball Lightning+1","Ball Lightning","BootSequence","Capacitor+1","Lockon+1","Fusion+1","Hologram+1","Prime+1","Rainbow+1","White Noise+1","Barrage","Sweeping Beam+1","Auto Shields","FTL+1","Axe Kick+1","BootSequence","Glacier","Rainbow","Ball Lightning+1","White Noise+1","Writhe","Impulse+1","Sweeping Beam+1","Buffer","Defragment","Cold Snap+1","Doom and Gloom+1","Jack Of All Trades","Loop+1","Capacitor+1"],"max_hp_per_floor":[75,75,75,75,75,75,75,75,75,75,75,75,75,75,75,75,75,75,75,75,75,75,75,75,75,75,75,75,75,75,75,75,75,75,75,75,75,75,75,75,75,75,75,75,75,75,75,75,75,75],"relics":["Cracked Core","Blood Vial","Golden Idol","Pantograph","Happy Flower","Astrolabe","Prayer Wheel","Bird Faced Urn","Dream Catcher","Sozu","Bag of Marbles","Orichalcum","Whetstone"],"card_choices":[{"not_picked":["Skim","Stack"],"picked":"Ball Lightning","floor":1},{"not_picked":["Undo","Coolheaded"],"picked":"Ball Lightning","floor":4},{"not_picked":["Cold Snap","Auto Shields"],"picked":"BootSequence","floor":7},{"not_picked":["Coolheaded","Self Repair"],"picked":"Lockon","floor":14},{"not_picked":["All For One","Meteor Strike"],"picked":"Fusion","floor":16},{"not_picked":["Undo","Genetic Algorithm"],"picked":"White Noise","floor":18},{"not_picked":["Recycle","Go for the Eyes"],"picked":"Barrage","floor":19},{"not_picked":["Stack","Blizzard"],"picked":"Sweeping Beam","floor":20},{"not_picked":["Hello World","Recycle"],"picked":"Auto Shields","floor":21},{"not_picked":["Axe Kick","All For One"],"picked":"FTL","floor":22},{"not_picked":["Skim","Stack"],"picked":"Axe Kick","floor":28},{"not_picked":["Blizzard","Streamline"],"picked":"BootSequence","floor":30},{"not_picked":["Consume","Double Energy"],"picked":"Glacier","floor":31},{"not_picked":["Creative AI","Hyperbeam"],"picked":"Rainbow","floor":33},{"not_picked":["Leap","Beam Cell"],"picked":"Ball Lightning","floor":35},{"not_picked":["Turbo","Lockon"],"picked":"White Noise","floor":36},{"not_picked":["Recycle","Ball Lightning"],"picked":"Impulse","floor":39},{"not_picked":["BootSequence","Impulse"],"picked":"Sweeping Beam","floor":40},{"not_picked":["Meteor Strike","Beam Cell"],"picked":"Buffer","floor":41},{"not_picked":["Axe Kick","Loop"],"picked":"Defragment","floor":43},{"not_picked":["Impulse","Axe Kick"],"picked":"Cold Snap","floor":44},{"not_picked":["Leap","Skim"],"picked":"Doom and Gloom","floor":46},{"not_picked":["Panacea","Deep Breath"],"picked":"Jack Of All Trades","floor":47},{"not_picked":["Prime","Skim"],"picked":"Loop","floor":48},{"not_picked":["Aggregate","Impulse"],"picked":"Capacitor","floor":49}],"player_experience":43725,"potions_floor_usage":[],"damage_taken":[{"damage":0,"enemies":"2 Louse","floor":1,"turns":3},{"damage":1,"enemies":"Cultist","floor":4,"turns":3},{"damage":3,"enemies":"Jaw Worm","floor":7,"turns":3},{"damage":0,"enemies":"Large Slime","floor":14,"turns":2},{"damage":35,"enemies":"The Guardian","floor":16,"turns":9},{"damage":3,"enemies":"Chosen","floor":18,"turns":5},{"damage":0,"enemies":"Spheric Guardian","floor":19,"turns":3},{"damage":25,"enemies":"Centurion and Healer","floor":20,"turns":4},{"damage":36,"enemies":"Snake Plant","floor":21,"turns":4},{"damage":2,"enemies":"Snecko","floor":22,"turns":3},{"damage":24,"enemies":"Centurion and Healer","floor":27,"turns":5},{"damage":19,"enemies":"Cultist and Chosen","floor":31,"turns":5},{"damage":30,"enemies":"Automaton","floor":33,"turns":10},{"damage":18,"enemies":"Orb Walker","floor":35,"turns":4},{"damage":35,"enemies":"3 Darklings","floor":36,"turns":4},{"damage":4,"enemies":"Flame Bruiser 2 Orb","floor":39,"turns":6},{"damage":58,"enemies":"Nemesis","floor":41,"turns":7},{"damage":10,"enemies":"Maw","floor":44,"turns":8},{"damage":23,"enemies":"Spire Growth","floor":45,"turns":4},{"damage":21,"enemies":"4 Shapes","floor":48,"turns":4},{"damage":89,"enemies":"Time Eater","floor":50,"turns":7}],"event_choices":[{"event_name":"Golden Idol","player_choice":"Take Wound","floor":3,"damage_taken":0},{"event_name":"Liars Game","player_choice":"disagreed","floor":12,"damage_taken":0},{"event_name":"The Mausoleum","player_choice":"Yes","floor":24,"damage_taken":0},{"event_name":"Ghosts","player_choice":"Ignored","floor":29,"damage_taken":0},{"event_name":"Winding Halls","player_choice":"Writhe","floor":37,"damage_taken":0},{"event_name":"SensoryStone","player_choice":"Memory 1","floor":47,"damage_taken":0}],"boss_relics":[{"not_picked":["Black Star","Runic Pyramid"],"picked":"Astrolabe"},{"not_picked":["Snecko Eye","Velvet Choker"],"picked":"Sozu"}],"potions_floor_spawned":[16,21,22,27,39,44],"seed_played":"6199219799926181350","killed_by":"Time Eater","ascension_level":0,"is_trial":false}