{"gold_per_floor":[32,65,113,146,146,146,188,188,213,213,244,147,205,222,222,325,325,344,382,481,174,216,249,249,279,303,354,371,371,384,42,42,138,138,150,98,141,53,53,81,81,106,106,106,149,149,177,177,177,177],"floor_reached":50,"playtime":3332,"items_purged":[],"score":944,"play_id":"e38e731a-eea4-49f1-9dd1-63e3b8013c93","local_time":"20190115200228","is_ascension_mode":true,"campfire_choices":[{"data":"HandOfGreed","floor":6.0,"key":"SMITH"},{"data":"Zap","floor":8.0,"key":"SMITH"},{"data":"Redo","floor":10.0,"key":"SMITH"},{"floor":15.0,"key":"REST"},{"floor":24.0,"key":"REST"},{"floor":29.0,"key":"REST"},{"floor":32.0,"key":"REST"},{"floor":41.0,"key":"RECALL"},{"floor":46.0,"key":"REST"},{"floor":49.0,"key":"REST"}],"neow_cost":"NO_GOLD","seed_source_timestamp":74434631359898,"circlet_count":0,"master_deck":["AscendersBane","Strike_B","Strike_B","Defend_B","Defend_B","Defend_B","Defend_B","Zap+1","Dualcast","HandOfGreed+1","Thinking Ahead","Conserve Battery","Redo+1","Doom and Gloom","Electrodynamics","Beam Cell","Leap","Glacier","Steam","Creative AI","Capacitor","Steam","Go for the Eyes","Go for the Eyes","Core Surge","Streamline+1","Seek","Seek","Static Discharge+1","Rip and Tear+1","Self Repair","Sunder+1","Beam Cell+1","Loop+1"],"special_seed":0,"relics":["Cracked Core","Strawberry","Happy Flower","Dodecahedron","Omamori","Nuclear Battery","Bird Faced Urn","PreservedInsect","Art of War","Vajra","Bottled Flame","Potion Belt","White Beast Statue","Gambling Chip","Shuriken","Pear"],"potions_floor_usage":[50,50,50,50],"damage_taken":[{"damage":0.0,"enemies":"Cultist","floor":1.0,"turns":3.0},{"damage":0.0,"enemies":"Small Slimes","floor":2.0,"turns":2.0},{"damage":0.0,"enemies":"2 Louse","floor":4.0,"turns":2.0},{"damage":12.0,"enemies":"Exordium Wildlife","floor":7.0,"turns":3.0},{"damage":28.0,"enemies":"Lagavulin","floor":11.0,"turns":5.0},{"damage":8.0,"enemies":"Gremlin Nob","floor":13.0,"turns":3.0},{"damage":0.0,"enemies":"3 Louse","floor":14.0,"turns":1.0},{"damage":24.0,"enemies":"Hexaghost","floor":16.0,"turns":14.0},{"damage":0.0,"enemies":"3 Byrds","floor":18.0,"turns":2.0},{"damage":6.0,"enemies":"2 Thieves","floor":19.0,"turns":4.0},{"damage":5.0,"enemies":"Centurion and Healer","floor":22.0,"turns":6.0},{"damage":31.0,"enemies":"Gremlin Leader","floor":23.0,"turns":8.0},{"damage":26.0,"enemies":"Slavers","floor":25.0,"turns":4.0},{"damage":29.0,"enemies":"Gremlin Leader","floor":27.0,"turns":5.0},{"damage":1.0,"enemies":"3 Cultists","floor":28.0,"turns":4.0},{"damage":4.0,"enemies":"Cultist and Chosen","floor":30.0,"turns":6.0},{"damage":46.0,"enemies":"Collector","floor":33.0,"turns":7.0},{"damage":18.0,"enemies":"3 Darklings","floor":35.0,"turns":6.0},{"damage":4.0,"enemies":"3 Shapes","floor":37.0,"turns":4.0},{"damage":25.0,"enemies":"Reptomancer","floor":40.0,"turns":5.0},{"damage":81.0,"enemies":"Giant Head","floor":42.0,"turns":8.0},{"damage":11.0,"enemies":"Sphere and 2 Shapes","floor":45.0,"turns":4.0},{"damage":45.0,"enemies":"Nemesis","floor":47.0,"turns":7.0},{"damage":67,"enemies":"Time Eater","floor":50,"turns":4}],"seed_played":"-7538202844697815141","potions_obtained":[{"floor":7.0,"key":"Explosive Potion"},{"floor":11.0,"key":"Weak Potion"},{"floor":13.0,"key":"SkillPotion"},{"floor":16.0,"key":"SteroidPotion"},{"floor":18.0,"key":"Regen Potion"},{"floor":25.0,"key":"Poison Potion"},{"floor":27.0,"key":"Explosive Potion"},{"floor":30.0,"key":"Strength Potion"},{"floor":35.0,"key":"SteroidPotion"},{"floor":37.0,"key":"Strength Potion"},{"floor":40.0,"key":"LiquidBronze"},{"floor":42.0,"key":"PowerPotion"},{"floor":45.0,"key":"Fruit Juice"},{"floor":47.0,"key":"Fire Potion"}],"is_trial":false,"path_per_floor":["M","M","T","M","?","R","M","R","T","R","E","$","E","M","R","B",null,"M","M","?","$","M","E","R","E","T","E","M","R","M","$","R","B",null,"M","$","M","$","?","E","R","E","T","?","M","R","E","?","R","B"],"character_chosen":"DEFECT","items_purchased":["Beam Cell","Leap","Bird Faced Urn","Seek","Potion Belt","PowerPotion","PowerPotion","Self Repair","Poison Potion"],"campfire_rested":6,"item_purchase_floors":[12,12,21,31,31,31,36,38,38],"current_hp_per_floor":[68,68,75,75,75,75,63,63,63,63,35,35,27,27,51,27,68,68,62,62,62,61,44,68,64,64,39,42,66,70,70,82,44,73,63,63,69,69,69,67,67,13,13,13,8,31,34,34,61,0],"gold":177,"neow_bonus":"RANDOM_COLORLESS_2","is_prod":false,"is_daily":false,"chose_seed":false,"campfire_upgraded":3,"win_rate":0,"timestamp":1547600548,"path_taken":["M","M","?","M","?","R","M","R","T","R","E","$","E","M","R","BOSS","M","?","?","$","M","E","R","E","T","E","M","R","M","$","R","BOSS","M","$","M","$","?","E","R","E","T","?","M","R","E","?","R","BOSS"],"build_version":"2019-01-10","purchased_purges":0,"victory":false,"max_hp_per_floor":[75,75,82,82,82,82,82,82,82,82,82,82,82,82,82,82,82,82,82,82,82,82,82,82,82,82,82,82,82,82,82,82,82,82,82,82,82,82,78,78,78,78,78,78,78,78,93,93,93,93],"card_choices":[{"not_picked":["Force Field","Turbo"],"picked":"Conserve Battery","floor":1.0},{"not_picked":["Tempest","Force Field","Undo"],"picked":"SKIP","floor":2.0},{"not_picked":["Storm","Conserve Battery"],"picked":"Redo","floor":4.0},{"not_picked":["Sunder","Compile Driver"],"picked":"Doom and Gloom","floor":7.0},{"not_picked":["Conserve Battery","Steam"],"picked":"Electrodynamics","floor":11.0},{"not_picked":["Steam","Force Field"],"picked":"Glacier","floor":13.0},{"not_picked":["Stack","Static Discharge"],"picked":"Steam","floor":14.0},{"not_picked":["Thunder Strike","Hyperbeam"],"picked":"Creative AI","floor":16.0},{"not_picked":["Hello World","Redo","Scrape+1"],"picked":"SKIP","floor":18.0},{"not_picked":["Stack","Hello World"],"picked":"Capacitor","floor":19.0},{"not_picked":["Compile Driver","Conserve Battery"],"picked":"Steam","floor":22.0},{"not_picked":["Storm","Conserve Battery+1"],"picked":"Go for the Eyes","floor":23.0},{"not_picked":["Darkness","Blizzard+1"],"picked":"Go for the Eyes","floor":25.0},{"not_picked":["Defragment","Streamline+1"],"picked":"Core Surge","floor":27.0},{"not_picked":["Streamline","Fusion","Stack+1"],"picked":"SKIP","floor":28.0},{"not_picked":["Fusion+1","Gash"],"picked":"Streamline+1","floor":30.0},{"not_picked":["Machine Learning","Reboot"],"picked":"Seek","floor":33.0},{"not_picked":["Sweeping Beam","Leap"],"picked":"Static Discharge+1","floor":35.0},{"not_picked":["Compile Driver+1","Darkness"],"picked":"Rip and Tear+1","floor":37.0},{"not_picked":["Compile Driver","Rebound+1","Scrape"],"picked":"SKIP","floor":40.0},{"not_picked":["Sweeping Beam","Streamline"],"picked":"Sunder+1","floor":42.0},{"not_picked":["Cold Snap+1","Redo+1"],"picked":"Beam Cell+1","floor":45.0},{"not_picked":["Defragment","Darkness+1"],"picked":"Loop+1","floor":47.0}],"player_experience":486120,"relics_obtained":[{"floor":3.0,"key":"Strawberry"},{"floor":9.0,"key":"Happy Flower"},{"floor":11.0,"key":"Dodecahedron"},{"floor":13.0,"key":"Omamori"},{"floor":23.0,"key":"PreservedInsect"},{"floor":25.0,"key":"Art of War"},{"floor":26.0,"key":"Vajra"},{"floor":27.0,"key":"Bottled Flame"},{"floor":40.0,"key":"Gambling Chip"},{"floor":42.0,"key":"Shuriken"},{"floor":47.0,"key":"Pear"}],"event_choices":[{"cards_removed":["Strike_B"],"damage_healed":0.0,"max_hp_gain":0.0,"max_hp_loss":0.0,"gold_gain":0.0,"event_name":"Purifier","player_choice":"Purged","floor":5.0,"gold_loss":0.0,"damage_taken":0.0},{"damage_healed":0.0,"max_hp_gain":0.0,"max_hp_loss":0.0,"gold_gain":99.0,"event_name":"Nest","player_choice":"Stole From Cult","floor":20.0,"gold_loss":0.0,"damage_taken":0.0},{"damage_healed":0.0,"max_hp_gain":0.0,"max_hp_loss":4.0,"gold_gain":0.0,"event_name":"Winding Halls","player_choice":"Max HP","floor":39.0,"gold_loss":0.0,"damage_taken":0.0},{"cards_removed":["Strike_B"],"damage_healed":0.0,"max_hp_gain":0.0,"max_hp_loss":0.0,"gold_gain":0.0,"event_name":"Falling","player_choice":"Removed Attack","floor":44.0,"gold_loss":0.0,"damage_taken":0.0},{"damage_healed":0.0,"max_hp_gain":0.0,"max_hp_loss":0.0,"gold_gain":0.0,"event_name":"Tomb of Lord Red Mask","player_choice":"Ignored","floor":48.0,"gold_loss":0.0,"damage_taken":0.0}],"is_beta":false,"boss_relics":[{"not_picked":["Tiny House","Busted Crown"],"picked":"Nuclear Battery"},{"not_picked":["Runic Pyramid","Calling Bell"],"picked":"White Beast Statue"}],"items_purged_floors":[],"is_endless":false,"potions_floor_spawned":[7,11,13,16,18,25,27,30,35,37,40,42,45,47],"killed_by":"Time Eater","ascension_level":10}