{"gold_per_floor":[111,111,125,150,150,150,150,163,163,181,181,106,106,106,106,199,199,217,142,166,179,2,2],"floor_reached":23,"playtime":1501,"items_purged":["Strike_B"],"score":335,"play_id":"d84aa661-a2df-461f-b292-901ca390c480","local_time":"20181120201349","is_ascension_mode":true,"campfire_choices":[{"data":"Darkness","floor":6,"key":"SMITH"},{"floor":11,"key":"REST"},{"data":"Darkness","floor":13,"key":"SMITH"},{"data":"Zap","floor":15,"key":"SMITH"}],"neow_cost":"NONE","seed_source_timestamp":45270590276948,"circlet_count":0,"master_deck":["AscendersBane","Strike_B","Strike_B","Defend_B","Defend_B","Defend_B","Defend_B","Zap+1","Dualcast","Conserve Battery","Reinforced Body","Darkness+1","Darkness+1","Chill+1","Machine Learning","Defragment","Conserve Battery","Redo+1","Ball Lightning","Buffer"],"relics":["Cracked Core","Oddly Smooth Stone","Golden Idol","Cables","Inserter"],"potions_floor_usage":[16,18,20,21],"damage_taken":[{"damage":1,"enemies":"2 Louse","floor":1,"turns":2},{"damage":5,"enemies":"Jaw Worm","floor":3,"turns":4},{"damage":0,"enemies":"Cultist","floor":4,"turns":4},{"damage":10,"enemies":"3 Louse","floor":8,"turns":4},{"damage":5,"enemies":"Looter","floor":10,"turns":4},{"damage":23,"enemies":"The Guardian","floor":16,"turns":7},{"damage":0,"enemies":"Chosen","floor":18,"turns":7},{"damage":24,"enemies":"3 Byrds","floor":20,"turns":6},{"damage":13,"enemies":"Sentry and Sphere","floor":21,"turns":8},{"damage":40,"enemies":"Slavers","floor":23,"turns":5}],"seed_played":"4914798060406557946","potions_obtained":[{"floor":7,"key":"Dexterity Potion"},{"floor":7,"key":"FairyPotion"},{"floor":16,"key":"AttackPotion"},{"floor":18,"key":"Explosive Potion"},{"floor":20,"key":"Energy Potion"}],"is_trial":false,"path_per_floor":["M","?","M","M","?","R","?","M","T","M","R","?","R","?","R","B",null,"M","$","M","M","$","E"],"character_chosen":"DEFECT","items_purchased":["Ball Lightning","Buffer"],"campfire_rested":1,"item_purchase_floors":[22,22],"current_hp_per_floor":[63,63,58,58,51,51,51,41,41,36,57,57,57,57,57,34,62,62,62,38,25,25,0],"gold":2,"neow_bonus":"RANDOM_COMMON_RELIC","is_prod":false,"is_daily":false,"chose_seed":false,"campfire_upgraded":3,"win_rate":0,"timestamp":1542705229,"path_taken":["M","?","M","M","?","R","?","?","T","M","R","?","R","?","R","BOSS","M","$","M","?","$","E"],"build_version":"2018-11-15","purchased_purges":1,"victory":false,"max_hp_per_floor":[71,71,71,71,71,71,71,71,71,71,71,71,71,71,71,71,71,71,71,71,71,71,71],"card_choices":[{"not_picked":["Turbo","Force Field"],"picked":"Conserve Battery","floor":1},{"not_picked":["Compile Driver","Rip and Tear"],"picked":"Reinforced Body","floor":3},{"not_picked":["Sunder","Sweeping Beam"],"picked":"Darkness","floor":4},{"not_picked":["Storm","Turbo"],"picked":"Darkness","floor":8},{"not_picked":["Lockon","Redo"],"picked":"Chill","floor":10},{"not_picked":["Amplify","Core Surge"],"picked":"Machine Learning","floor":16},{"not_picked":["Streamline","Sweeping Beam"],"picked":"Defragment","floor":18},{"not_picked":["Stack","Gash"],"picked":"Conserve Battery","floor":20},{"not_picked":["Stack","Steam Power+1"],"picked":"Redo+1","floor":21}],"player_experience":907766,"relics_obtained":[{"floor":9,"key":"Cables"}],"event_choices":[{"damage_healed":0,"gold_gain":0,"player_choice":"Take Wound","damage_taken":0,"relics_obtained":["Golden Idol"],"max_hp_gain":0,"max_hp_loss":0,"event_name":"Golden Idol","floor":2,"gold_loss":0,"cards_obtained":["Injury"]},{"cards_removed":["Injury"],"damage_healed":0,"gold_gain":0,"player_choice":"Card Removal","damage_taken":7,"max_hp_gain":0,"max_hp_loss":0,"event_name":"Golden Wing","floor":5,"gold_loss":0},{"damage_healed":0,"gold_gain":0,"player_choice":"Got Potions","damage_taken":0,"max_hp_gain":0,"max_hp_loss":0,"event_name":"Lab","floor":7,"gold_loss":0},{"cards_removed":["Strike_B"],"damage_healed":0,"gold_gain":0,"player_choice":"Card Removal","damage_taken":0,"max_hp_gain":0,"max_hp_loss":0,"event_name":"The Cleric","floor":12,"gold_loss":75},{"damage_healed":0,"gold_gain":0,"player_choice":"Upgraded","damage_taken":0,"max_hp_gain":0,"max_hp_loss":0,"event_name":"Upgrade Shrine","floor":14,"gold_loss":0,"cards_upgraded":["Chill"]}],"is_beta":true,"boss_relics":[{"not_picked":["Pandora\u0027s Box","Tiny House"],"picked":"Inserter"}],"items_purged_floors":[19],"is_endless":false,"potions_floor_spawned":[16,18,20],"killed_by":"Slavers","ascension_level":17}