{"gold_per_floor":[144,144,144,162,181,221,221,261,285,303,153,153,176,176,176,297,297,320,320,26,50,75,75,115,130,130,130,32,32,32,43,43,147,147,166,166,179,196,196,196],"floor_reached":40,"playtime":1446,"items_purged":[],"score":545,"play_id":"1ae396f6-9cf3-47cb-b855-92109b662378","local_time":"20190204210313","is_ascension_mode":true,"campfire_choices":[{"floor":7.0,"key":"REST"},{"floor":12.0,"key":"REST"},{"floor":15.0,"key":"REST"},{"data":"Seeing Red","floor":23.0,"key":"SMITH"},{"floor":30.0,"key":"REST"},{"floor":32.0,"key":"REST"}],"neow_cost":"NONE","seed_source_timestamp":6507682990926,"circlet_count":0,"master_deck":["Strike_R","Strike_R","Strike_R","Strike_R","Strike_R","Defend_R","Defend_R","Defend_R","Defend_R","Bash","Thunderclap","Dropkick","Seeing Red+1","Spot Weakness","Power Through","Clash","Anger","Double Tap","Headbutt+1","Anger+1","Anger","Shockwave","Inflame","Dramatic Entrance","Ghostly Armor","Feed","Clumsy","Writhe","Clumsy","Anger+1","Finesse","Dramatic Entrance","Pommel Strike","Cleave"],"special_seed":0,"relics":["Burning Blood","Tiny Chest","Bloody Idol","Question Card","Bag of Marbles","Strawberry","Red Skull","Pen Nib","Lizard Tail","Vajra","Bag of Preparation","Potion Belt","Bronze Scales","Mummified Hand","Mercury Hourglass","Calling Bell","Boot","Frozen Egg 2","Thread and Needle"],"potions_floor_usage":[40],"damage_taken":[{"damage":12.0,"enemies":"2 Louse","floor":1.0,"turns":3.0},{"damage":8.0,"enemies":"Jaw Worm","floor":4.0,"turns":4.0},{"damage":1.0,"enemies":"Cultist","floor":5.0,"turns":3.0},{"damage":28.0,"enemies":"Lagavulin","floor":6.0,"turns":8.0},{"damage":35.0,"enemies":"Gremlin Nob","floor":8.0,"turns":4.0},{"damage":5.0,"enemies":"2 Fungi Beasts","floor":10.0,"turns":3.0},{"damage":7.0,"enemies":"Exordium Thugs","floor":13.0,"turns":3.0},{"damage":28.0,"enemies":"Slime Boss","floor":16.0,"turns":8.0},{"damage":6.0,"enemies":"3 Byrds","floor":18.0,"turns":5.0},{"damage":0.0,"enemies":"Chosen","floor":21.0,"turns":3.0},{"damage":13.0,"enemies":"Centurion and Healer","floor":22.0,"turns":3.0},{"damage":40.0,"enemies":"Gremlin Leader","floor":24.0,"turns":5.0},{"damage":14.0,"enemies":"Shelled Parasite and Fungi","floor":25.0,"turns":3.0},{"damage":13.0,"enemies":"Snake Plant","floor":31.0,"turns":3.0},{"damage":81.0,"enemies":"Collector","floor":33.0,"turns":7.0},{"damage":2.0,"enemies":"3 Darklings","floor":35.0,"turns":3.0},{"damage":8.0,"enemies":"Orb Walker","floor":37.0,"turns":3.0},{"damage":65.0,"enemies":"Transient","floor":38.0,"turns":5.0},{"damage":73,"enemies":"Awakened One","floor":40,"turns":4}],"seed_played":"3632124686912487672","potions_obtained":[{"floor":1.0,"key":"FearPotion"},{"floor":4.0,"key":"Dexterity Potion"},{"floor":8.0,"key":"Energy Potion"},{"floor":16.0,"key":"Poison Potion"},{"floor":18.0,"key":"Weak Potion"},{"floor":24.0,"key":"GamblersBrew"},{"floor":31.0,"key":"Swift Potion"},{"floor":33.0,"key":"Block Potion"},{"floor":38.0,"key":"Poison Potion"}],"is_trial":false,"path_per_floor":["M","?","T","M","M","E","R","E","T","M","$","R","M","?","R","B",null,"M","T","$","M","M","R","E","M","T","?","$","T","R","M","R","B",null,"M","?","M","M","?","B"],"character_chosen":"IRONCLAD","items_purchased":["Pen Nib","Bag of Preparation","Potion Belt","Dramatic Entrance"],"campfire_rested":5,"item_purchase_floors":[11,20,20,28],"current_hp_per_floor":[74,54,54,52,57,35,59,37,37,38,38,64,63,55,81,59,80,80,80,80,86,79,79,45,37,37,37,37,37,63,61,87,17,70,79,74,77,23,23,0],"gold":196,"neow_bonus":"RANDOM_COMMON_RELIC","is_prod":false,"is_daily":false,"chose_seed":false,"campfire_upgraded":1,"win_rate":0,"timestamp":1549285393,"path_taken":["M","?","?","M","?","E","R","E","T","M","$","R","M","?","R","BOSS","M","?","$","M","M","R","E","M","T","?","$","?","R","M","R","BOSS","M","?","M","M","?","BOSS"],"build_version":"2019-01-23","purchased_purges":0,"victory":false,"max_hp_per_floor":[80,80,80,80,80,80,80,87,87,87,87,87,87,87,87,87,87,87,87,87,87,87,87,87,87,87,87,87,87,87,87,87,87,87,87,87,87,87,87,87],"card_choices":[{"not_picked":["Reckless Charge","Heavy Blade"],"picked":"Thunderclap","floor":1.0},{"not_picked":["Corruption","Pummel","Perfected Strike"],"picked":"Dropkick","floor":4.0},{"not_picked":["Wild Strike","Shockwave","Metallicize"],"picked":"Seeing Red","floor":5.0},{"not_picked":["Heavy Blade","Havoc","Warcry"],"picked":"Spot Weakness","floor":6.0},{"not_picked":["Bloodletting","Burning Pact","Reckless Charge"],"picked":"Power Through","floor":8.0},{"not_picked":["Shockwave","Whirlwind","Burning Pact"],"picked":"Clash","floor":10.0},{"not_picked":["Perfected Strike","Havoc","Headbutt"],"picked":"Anger","floor":13.0},{"not_picked":["Juggernaut","Feed","Impervious"],"picked":"Double Tap","floor":16.0},{"not_picked":["Battle Trance","Hemokinesis+1","Body Slam"],"picked":"Headbutt+1","floor":18.0},{"not_picked":["Warcry","Pommel Strike","Inflame"],"picked":"Anger+1","floor":21.0},{"not_picked":["Havoc","Cleave","Body Slam"],"picked":"Anger","floor":22.0},{"not_picked":["Combust+1","Pummel","Disarm"],"picked":"Shockwave","floor":24.0},{"not_picked":["Sword Boomerang","Clothesline","Armaments+1"],"picked":"Inflame","floor":25.0},{"not_picked":["Perfected Strike","Spot Weakness","Thunderclap"],"picked":"Ghostly Armor","floor":31.0},{"not_picked":["Juggernaut","Dark Embrace","Offering"],"picked":"Feed","floor":33.0},{"not_picked":["Cleave","Combust+1","Thunderclap"],"picked":"Anger+1","floor":35.0},{"not_picked":["Jack Of All Trades","Sadistic Nature+1","Deep Breath"],"picked":"Finesse","floor":36.0},{"not_picked":["Forethought","Mayhem+1","Deep Breath"],"picked":"Dramatic Entrance","floor":36.0},{"not_picked":["Flex","Headbutt+1","Sword Boomerang+1"],"picked":"Pommel Strike","floor":37.0},{"not_picked":["Searing Blow","Corruption+1","Dual Wield"],"picked":"Cleave","floor":38.0}],"player_experience":64956,"relics_obtained":[{"floor":3.0,"key":"Question Card"},{"floor":6.0,"key":"Bag of Marbles"},{"floor":8.0,"key":"Strawberry"},{"floor":9.0,"key":"Red Skull"},{"floor":19.0,"key":"Vajra"},{"floor":24.0,"key":"Bronze Scales"},{"floor":26.0,"key":"Mummified Hand"},{"floor":29.0,"key":"Mercury Hourglass"},{"floor":34.0,"key":"Boot"},{"floor":34.0,"key":"Frozen Egg 2"},{"floor":34.0,"key":"Thread and Needle"}],"event_choices":[{"damage_healed":0.0,"max_hp_gain":0.0,"max_hp_loss":0.0,"gold_gain":0.0,"event_name":"Golden Idol","player_choice":"Take Damage","floor":2.0,"gold_loss":0.0,"damage_taken":20.0,"relics_obtained":["Golden Idol"]},{"damage_healed":0.0,"max_hp_gain":0.0,"max_hp_loss":0.0,"gold_gain":0.0,"event_name":"Wheel of Change","player_choice":"Damaged","floor":14.0,"gold_loss":0.0,"damage_taken":8.0},{"damage_healed":0.0,"max_hp_gain":0.0,"max_hp_loss":0.0,"gold_gain":0.0,"event_name":"Forgotten Altar","player_choice":"Gave Idol","floor":27.0,"relics_lost":["Golden Idol"],"gold_loss":0.0,"damage_taken":0.0,"relics_obtained":["Bloody Idol"]},{"damage_healed":0.0,"max_hp_gain":0.0,"max_hp_loss":0.0,"gold_gain":0.0,"event_name":"SensoryStone","player_choice":"Memory 2","floor":36.0,"gold_loss":0.0,"damage_taken":5.0},{"damage_healed":0.0,"max_hp_gain":0.0,"max_hp_loss":0.0,"gold_gain":0.0,"event_name":"SecretPortal","player_choice":"Took Portal","floor":39.0,"gold_loss":0.0,"damage_taken":0.0}],"is_beta":false,"boss_relics":[{"not_picked":["Orrery","Ectoplasm"],"picked":"Lizard Tail"},{"not_picked":["Eternal Feather","Astrolabe"],"picked":"Calling Bell"}],"items_purged_floors":[],"is_endless":false,"potions_floor_spawned":[1,4,8,16,18,24,31,33,38],"killed_by":"Awakened One","ascension_level":5}