{"path_per_floor":["M","?","M","?","M","R","M","R","T","R","M","M","$","M","R","B",null,"M","M","M","$","M","R","M","R","T","R","?","M","M","M","R"],"character_chosen":"DEFECT","items_purchased":["Frozen Egg 2","Sunder","Defragment+1","FTL"],"gold_per_floor":[118,118,136,311,323,323,340,340,340,340,355,365,10,29,29,125,125,142,152,167,23,39,39,53,53,132,132,282,301,311,324,324,324],"floor_reached":33,"campfire_rested":2,"playtime":2248,"item_purchase_floors":[13,13,21,21],"current_hp_per_floor":[69,69,69,69,68,68,62,62,62,62,61,56,56,52,52,31,75,65,60,38,38,16,38,33,33,33,33,33,14,16,4,26,0],"items_purged":["Strike_B"],"gold":324,"score":245,"play_id":"cde10a49-94dd-4fd8-85ae-f7056785424a","local_time":"20180611145141","is_prod":false,"is_daily":false,"chose_seed":false,"is_ascension_mode":false,"campfire_upgraded":6,"win_rate":0,"timestamp":1528753901,"campfire_choices":[{"data":"Sweeping Beam","floor":6,"key":"SMITH"},{"data":"Chaos","floor":8,"key":"SMITH"},{"data":"Dualcast","floor":10,"key":"SMITH"},{"data":"Defragment","floor":15,"key":"SMITH"},{"floor":23,"key":"REST"},{"data":"Sunder","floor":25,"key":"SMITH"},{"data":"Stack","floor":27,"key":"SMITH"},{"floor":32,"key":"REST"}],"path_taken":["M","?","M","?","M","R","M","R","T","R","M","?","$","M","R","BOSS","M","M","M","$","M","R","?","R","T","R","?","?","M","M","R","BOSS"],"build_version":"2018-06-07v3","seed_source_timestamp":1817543077852892,"purchased_purges":1,"victory":false,"master_deck":["Strike_B","Strike_B","Strike_B","Defend_B","Defend_B","Defend_B","Defend_B","Zap+1","Dualcast+1","Cold Snap","Sweeping Beam+1","Doubt","Rebound","Chaos+1","Defragment+1","Loop","Sunder+1","Stack+1","Creative AI+1","Steam","Conserve Battery","Hologram+1","Defragment+1","FTL","Cold Snap+1","Force Field+1","Beam Cell+1","Glacier"],"max_hp_per_floor":[75,75,75,75,75,75,75,75,75,75,75,75,75,75,75,75,75,75,75,75,75,75,75,75,75,75,75,75,75,75,75,75,75],"relics":["Cracked Core","Happy Flower","Blood Vial","Frozen Egg 2","Sozu","Letter Opener"],"card_choices":[{"not_picked":["Stack","Redo"],"picked":"Cold Snap","floor":1},{"not_picked":["Force Field","Compile Driver"],"picked":"Sweeping Beam","floor":3},{"not_picked":["Gash","Reinforced Body"],"picked":"Rebound","floor":5},{"not_picked":["Rebound","Sweeping Beam"],"picked":"Chaos","floor":7},{"not_picked":["Leap","Blizzard"],"picked":"Defragment","floor":11},{"not_picked":["Compile Driver","Meteor Strike"],"picked":"Loop","floor":12},{"not_picked":["Barrage","Gash"],"picked":"Stack","floor":14},{"not_picked":["Electrodynamics+1","Biased Cognition+1"],"picked":"Creative AI+1","floor":16},{"not_picked":["Gash+1","Streamline"],"picked":"Steam","floor":18},{"not_picked":["Skim","Beam Cell"],"picked":"Conserve Battery","floor":19},{"not_picked":["Rebound","Stack"],"picked":"Hologram+1","floor":20},{"not_picked":["Auto Shields","Turbo"],"picked":"Cold Snap+1","floor":22},{"not_picked":["Ball Lightning+1","Genetic Algorithm"],"picked":"Force Field+1","floor":24},{"not_picked":["Coolheaded","Consume","Turbo"],"picked":"SKIP","floor":29},{"not_picked":["Sweeping Beam","Coolheaded"],"picked":"Beam Cell+1","floor":30},{"not_picked":["Static Discharge+1","Genetic Algorithm"],"picked":"Glacier","floor":31}],"player_experience":843661,"potions_floor_usage":[19,33],"damage_taken":[{"damage":6,"enemies":"Jaw Worm","floor":1,"turns":3},{"damage":0,"enemies":"2 Louse","floor":3,"turns":2},{"damage":1,"enemies":"Small Slimes","floor":5,"turns":2},{"damage":6,"enemies":"Red Slaver","floor":7,"turns":3},{"damage":3,"enemies":"Gremlin Gang","floor":11,"turns":2},{"damage":7,"enemies":"3 Louse","floor":12,"turns":2},{"damage":6,"enemies":"Large Slime","floor":14,"turns":4},{"damage":23,"enemies":"The Guardian","floor":16,"turns":13},{"damage":10,"enemies":"3 Byrds","floor":18,"turns":5},{"damage":7,"enemies":"Shell Parasite","floor":19,"turns":7},{"damage":24,"enemies":"Cultist and Chosen","floor":20,"turns":8},{"damage":24,"enemies":"Slaver and Parasite","floor":22,"turns":7},{"damage":7,"enemies":"Centurion and Healer","floor":24,"turns":6},{"damage":21,"enemies":"Snake Plant","floor":29,"turns":3},{"damage":0,"enemies":"Snecko","floor":30,"turns":6},{"damage":14,"enemies":"Chosen and Byrds","floor":31,"turns":9},{"damage":47,"enemies":"Collector","floor":33,"turns":7}],"relics_obtained":[{"floor":9,"key":"Blood Vial"},{"floor":26,"key":"Letter Opener"}],"event_choices":[{"event_name":"Living Wall","player_choice":"Grow","floor":2,"damage_taken":0},{"event_name":"Liars Game","player_choice":"agreed","floor":4,"damage_taken":0},{"event_name":"Nest","player_choice":"Stole From Cult","floor":28,"damage_taken":0}],"boss_relics":[{"not_picked":["Ectoplasm","Astrolabe"],"picked":"Sozu"}],"items_purged_floors":[13],"potions_floor_spawned":[5,12,14,16,20,29,30],"seed_played":"-5915645812262189853","killed_by":"Collector","ascension_level":0,"potions_obtained":[{"floor":5,"key":"Swift Potion"},{"floor":12,"key":"Poison Potion"},{"floor":14,"key":"Energy Potion"}],"is_trial":false}