{"path_per_floor":["M","?","?","?","T","E","R","M","T","M","M","$","?","M","R"],"character_chosen":"IRONCLAD","items_purchased":["Bronze Scales"],"gold_per_floor":[114,114,114,114,114,146,146,165,191,208,223,78,153,165,165,165],"floor_reached":16,"campfire_rested":0,"playtime":389,"current_hp_per_floor":[80,73,73,73,73,34,34,37,37,39,36,36,25,23,23,0],"items_purged":[],"gold":165,"score":105,"play_id":"4acfa988-9f90-4dea-b297-cf98802110df","local_time":"20180410124757","is_prod":false,"is_daily":false,"is_ascension_mode":true,"campfire_upgraded":2,"timestamp":1523328477,"path_taken":["M","?","?","?","?","E","R","M","T","?","M","$","?","M","R","BOSS"],"build_version":"2018-04-05v2","purchased_purges":0,"victory":false,"master_deck":["Strike_R","Strike_R","Strike_R","Strike_R","Defend_R","Defend_R","Defend_R","Defend_R","Bash","Burning Pact+1","Bloodletting+1","Feel No Pain","Seeing Red","Inflame","Whirlwind+1","Sentinel","Sever Soul"],"max_hp_per_floor":[80,80,80,80,80,80,80,80,80,80,80,80,80,80,80,80],"relics":["Burning Blood","Prayer Wheel","Du-Vu Doll","Darkstone Periapt","Vajra","Bronze Scales"],"card_choices":[{"not_picked":["Uppercut","Iron Wave"],"picked":"Burning Pact","floor":1},{"not_picked":["Hemokinesis","Havoc"],"picked":"Bloodletting","floor":5},{"not_picked":["Corruption","Hemokinesis"],"picked":"Feel No Pain","floor":6},{"not_picked":["Carnage","Havoc"],"picked":"Seeing Red","floor":8},{"not_picked":["Anger","Carnage"],"picked":"Inflame","floor":9},{"not_picked":["Wild Strike","Spot Weakness"],"picked":"Whirlwind","floor":10},{"not_picked":["Dark Embrace","Anger"],"picked":"Sentinel","floor":11},{"not_picked":["Dual Wield","Body Slam"],"picked":"Sever Soul","floor":14}],"player_experience":271991,"potions_floor_usage":[6,6,16,16],"damage_taken":[{"damage":6,"enemies":"2 Louse","floor":1,"turns":3},{"damage":45,"enemies":"Lagavulin","floor":6,"turns":6},{"damage":3,"enemies":"Small Slimes","floor":8,"turns":5},{"damage":4,"enemies":"Jaw Worm","floor":10,"turns":3},{"damage":9,"enemies":"3 Louse","floor":11,"turns":2},{"damage":8,"enemies":"Lots of Slimes","floor":14,"turns":2},{"damage":23,"enemies":"The Guardian","floor":16,"turns":8}],"event_choices":[{"event_name":"Golden Wing","player_choice":"Card Removal","floor":2,"damage_taken":0},{"event_name":"The Lab","player_choice":"Got Potions","floor":3,"damage_taken":0},{"event_name":"Living Wall","player_choice":"Grow","floor":4,"damage_taken":0},{"event_name":"World of Goop","player_choice":"Gather Gold","floor":13,"damage_taken":0}],"boss_relics":[],"potions_floor_spawned":[1,14],"seed_played":"2712985747587468925","killed_by":"The Guardian","ascension_level":1,"is_trial":false}