{"gold_per_floor":[119,129,129,147,14,53,69,69,93,93,106,125,125,140,140,264,264,264,189,189,189,189,189,189,189,189,189,189,189,189,189,189,189],"floor_reached":33,"playtime":1202,"items_purged":[],"score":350,"play_id":"2033f89f-394b-4f73-9f73-7479f2bafb8f","local_time":"20190129003839","is_ascension_mode":true,"campfire_choices":[{"data":"Iron Wave","floor":13,"key":"SMITH"},{"data":"Corruption","floor":15,"key":"SMITH"},{"data":"Juggernaut","floor":23,"key":"SMITH"},{"data":"Carnage","floor":25,"key":"SMITH"},{"data":"Bash","floor":27,"key":"SMITH"},{"floor":32,"key":"REST"}],"neow_cost":"NONE","seed_source_timestamp":15747418816525,"circlet_count":0,"master_deck":["Strike_R","Strike_R","Strike_R","Defend_R","Defend_R","Defend_R","Defend_R","Bash+1","Shrug It Off","Injury","Evolve","Corruption+1","Havoc","Thunderclap","Sentinel","Clash","Iron Wave+1","Carnage+1","Juggernaut+1","Iron Wave+1","Pommel Strike+1","Disarm","Twin Strike+1"],"relics":["Burning Blood","NeowsBlessing","Bloody Idol","Orichalcum","Bag of Preparation","Ectoplasm","PreservedInsect","Boot"],"potions_floor_usage":[6,11,14,21,21,21,29,33],"damage_taken":[{"damage":0,"enemies":"Cultist","floor":1,"turns":1},{"damage":0,"enemies":"Small Slimes","floor":2,"turns":1},{"damage":0,"enemies":"Jaw Worm","floor":4,"turns":1},{"damage":55,"enemies":"3 Sentries","floor":6,"turns":9},{"damage":1,"enemies":"3 Louse","floor":7,"turns":4},{"damage":10,"enemies":"2 Fungi Beasts","floor":11,"turns":5},{"damage":18,"enemies":"Gremlin Gang","floor":12,"turns":5},{"damage":0,"enemies":"Exordium Thugs","floor":14,"turns":3},{"damage":33,"enemies":"Hexaghost","floor":16,"turns":9},{"damage":8,"enemies":"Chosen","floor":18,"turns":5},{"damage":0,"enemies":"3 Byrds","floor":21,"turns":4},{"damage":16,"enemies":"Snake Plant","floor":22,"turns":3},{"damage":33,"enemies":"Sentry and Sphere","floor":29,"turns":5},{"damage":35,"enemies":"Slavers","floor":30,"turns":7},{"damage":3,"enemies":"Snecko","floor":31,"turns":4},{"damage":58,"enemies":"Automaton","floor":33,"turns":6}],"seed_played":"-1297548450213063386","potions_obtained":[{"floor":2,"key":"SteroidPotion"},{"floor":4,"key":"SpeedPotion"},{"floor":7,"key":"SkillPotion"},{"floor":14,"key":"Explosive Potion"},{"floor":18,"key":"EssenceOfSteel"},{"floor":20,"key":"SkillPotion"},{"floor":20,"key":"Regen Potion"},{"floor":22,"key":"Regen Potion"},{"floor":31,"key":"AttackPotion"}],"is_trial":false,"path_per_floor":["M","M","?","M","$","E","M","?","T","?","M","M","R","M","R","B",null,"M","?","?","M","M","R","T","R","T","R","?","M","E","M","R","B"],"character_chosen":"IRONCLAD","items_purchased":["Corruption","Havoc"],"campfire_rested":1,"item_purchase_floors":[5,5],"current_hp_per_floor":[78,80,80,80,80,31,36,29,29,55,51,39,39,45,45,18,65,63,63,63,80,70,70,70,70,70,70,70,55,26,29,53,0],"gold":189,"neow_bonus":"THREE_ENEMY_KILL","is_prod":false,"is_daily":false,"chose_seed":false,"campfire_upgraded":5,"win_rate":0,"timestamp":1548718719,"path_taken":["M","?","?","M","$","E","M","?","T","?","M","M","R","M","R","BOSS","M","?","?","M","?","R","?","R","T","R","?","M","E","M","R","BOSS"],"build_version":"2019-01-23","purchased_purges":0,"victory":false,"max_hp_per_floor":[80,80,80,80,80,80,80,80,80,80,80,80,80,80,80,80,80,80,80,80,80,80,80,80,80,80,80,80,80,80,80,80,80],"card_choices":[{"not_picked":["Clash","Havoc","Second Wind"],"picked":"SKIP","floor":1},{"not_picked":["Reckless Charge","Shrug It Off","Shockwave"],"picked":"SKIP","floor":2},{"not_picked":["Reckless Charge","Shockwave"],"picked":"Shrug It Off","floor":2},{"not_picked":["Bloodletting","Clothesline"],"picked":"Evolve","floor":4},{"not_picked":["Warcry","Combust"],"picked":"Thunderclap","floor":6},{"not_picked":["Iron Wave","Burning Pact"],"picked":"Sentinel","floor":7},{"not_picked":["Heavy Blade","Burning Pact"],"picked":"Clash","floor":11},{"not_picked":["Thunderclap","Combust"],"picked":"Iron Wave","floor":12},{"not_picked":["Cleave","Twin Strike"],"picked":"Carnage","floor":14},{"not_picked":["Double Tap","Brutality"],"picked":"Juggernaut","floor":16},{"not_picked":["Second Wind+1","True Grit","Havoc+1"],"picked":"SKIP","floor":18},{"not_picked":["Feel No Pain","Sword Boomerang"],"picked":"Iron Wave+1","floor":21},{"not_picked":["Cleave","Brutality"],"picked":"Pommel Strike+1","floor":22},{"not_picked":["Combust","Second Wind","Intimidate"],"picked":"SKIP","floor":29},{"not_picked":["Cleave","True Grit"],"picked":"Disarm","floor":30},{"not_picked":["Wild Strike","Whirlwind+1"],"picked":"Twin Strike+1","floor":31}],"player_experience":206542,"relics_obtained":[{"floor":6,"key":"Orichalcum"},{"floor":9,"key":"Bag of Preparation"},{"floor":24,"key":"PreservedInsect"},{"floor":30,"key":"Boot"}],"event_choices":[{"damage_healed":0,"gold_gain":0,"player_choice":"Take Wound","damage_taken":0,"relics_obtained":["Golden Idol"],"max_hp_gain":0,"max_hp_loss":0,"event_name":"Golden Idol","floor":3,"gold_loss":0,"cards_obtained":["Injury"]},{"cards_removed":["Strike_R"],"damage_healed":0,"gold_gain":0,"player_choice":"Card Removal","damage_taken":7,"max_hp_gain":0,"max_hp_loss":0,"event_name":"Golden Wing","floor":8,"gold_loss":0},{"damage_healed":26,"gold_gain":0,"player_choice":"Banana","damage_taken":0,"max_hp_gain":0,"max_hp_loss":0,"event_name":"Big Fish","floor":10,"gold_loss":0},{"cards_removed":["Strike_R"],"damage_healed":0,"gold_gain":0,"player_choice":"Gave Gold","damage_taken":0,"max_hp_gain":0,"max_hp_loss":0,"event_name":"Beggar","floor":19,"gold_loss":75},{"damage_healed":0,"gold_gain":0,"player_choice":"Got Potions","damage_taken":0,"max_hp_gain":0,"max_hp_loss":0,"event_name":"Lab","floor":20,"gold_loss":0},{"damage_healed":0,"gold_gain":0,"player_choice":"Gave Idol","damage_taken":0,"relics_obtained":["Bloody Idol"],"max_hp_gain":0,"max_hp_loss":0,"event_name":"Forgotten Altar","floor":28,"relics_lost":["Golden Idol"],"gold_loss":0}],"is_beta":true,"boss_relics":[{"not_picked":["Philosopher\u0027s Stone","Tiny House"],"picked":"Ectoplasm"}],"items_purged_floors":[],"is_endless":false,"potions_floor_spawned":[2,4,7,14,18,22,31],"killed_by":"Automaton","ascension_level":6}