{"gold_per_floor":[109,109,126,136,136,136,170,189,215,215,228,242,242],"floor_reached":13,"playtime":337,"items_purged":[],"score":126,"play_id":"8a3da173-fa83-423b-a8e5-96c60dc8e331","local_time":"20190106130126","is_ascension_mode":true,"campfire_choices":[{"data":"Poisoned Stab","floor":6,"key":"SMITH"}],"neow_cost":"NONE","seed_source_timestamp":1406584460053228,"circlet_count":0,"master_deck":["Defend_G","Defend_G","Defend_G","Defend_G","Defend_G","Strike_G","Strike_G","Strike_G","Strike_G","Survivor","Neutralize","Poisoned Stab+1","Reflex","Poisoned Stab","Poisoned Stab","All Out Attack","Unload"],"relics":["Ring of the Snake","NeowsBlessing","Bronze Scales","Blood Vial","Ancient Tea Set"],"potions_floor_usage":[7,13],"damage_taken":[{"damage":0,"enemies":"Small Slimes","floor":1,"turns":1},{"damage":0,"enemies":"Cultist","floor":3,"turns":1},{"damage":0,"enemies":"Jaw Worm","floor":4,"turns":1},{"damage":39,"enemies":"Lagavulin","floor":7,"turns":8},{"damage":3,"enemies":"Looter","floor":8,"turns":3},{"damage":2,"enemies":"2 Fungi Beasts","floor":11,"turns":3},{"damage":8,"enemies":"Exordium Thugs","floor":12,"turns":4},{"damage":14,"enemies":"Gremlin Nob","floor":13,"turns":3}],"seed_played":"6714923482654087672","potions_obtained":[{"floor":3,"key":"EssenceOfSteel"},{"floor":7,"key":"Energy Potion"},{"floor":11,"key":"SpeedPotion"}],"is_trial":false,"path_per_floor":["M","?","M","M","?","R","E","M","T","?","M","M","E"],"character_chosen":"THE_SILENT","items_purchased":[],"campfire_rested":0,"item_purchase_floors":[],"current_hp_per_floor":[63,63,63,63,56,56,17,16,16,16,16,10,0],"gold":242,"neow_bonus":"THREE_ENEMY_KILL","is_prod":false,"is_daily":false,"chose_seed":false,"campfire_upgraded":1,"win_rate":0,"timestamp":1546801286,"path_taken":["M","?","M","?","?","R","E","M","T","?","M","M","E"],"build_version":"2019-01-03v4","purchased_purges":0,"victory":false,"max_hp_per_floor":[70,70,70,70,70,70,70,70,70,70,70,70,70],"card_choices":[{"not_picked":["Quick Slash","Cloak And Dagger"],"picked":"Bane","floor":1},{"not_picked":["Skewer","Poisoned Stab","Flechettes"],"picked":"SKIP","floor":3},{"not_picked":["Skewer","Flechettes"],"picked":"Poisoned Stab","floor":3},{"not_picked":["Cloak And Dagger","Underhanded Strike"],"picked":"Reflex","floor":4},{"not_picked":["Calculated Gamble","Sucker Punch"],"picked":"Poisoned Stab","floor":7},{"not_picked":["Footwork","Flying Knee"],"picked":"Poisoned Stab","floor":8},{"not_picked":["Flying Knee","Infinite Blades"],"picked":"All Out Attack","floor":11},{"not_picked":["Outmaneuver","Quick Slash"],"picked":"Unload","floor":12}],"player_experience":403666,"relics_obtained":[{"floor":7,"key":"Blood Vial"},{"floor":9,"key":"Ancient Tea Set"}],"event_choices":[{"cards_removed":["Bane"],"damage_healed":0,"gold_gain":0,"player_choice":"Gave Card","damage_taken":0,"relics_obtained":["Bronze Scales"],"max_hp_gain":0,"max_hp_loss":0,"event_name":"WeMeetAgain","floor":2,"gold_loss":0},{"cards_removed":["Strike_G"],"damage_healed":0,"gold_gain":0,"player_choice":"Card Removal","damage_taken":7,"max_hp_gain":0,"max_hp_loss":0,"event_name":"Golden Wing","floor":5,"gold_loss":0},{"damage_healed":0,"gold_gain":0,"player_choice":"Ignored","damage_taken":0,"max_hp_gain":0,"max_hp_loss":0,"event_name":"Liars Game","floor":10,"gold_loss":0}],"is_beta":false,"boss_relics":[],"items_purged_floors":[],"is_endless":false,"potions_floor_spawned":[3,7,11],"killed_by":"Gremlin Nob","ascension_level":9}