{"gold_per_floor":[116,129,140,150,7,7,36,48,123,156,169,189,201,166,166,270,270,290,306,57,67,67,67,99,99,99,99,118,118,118,68,68,168,168,180,197,210,54,54,87,87],"floor_reached":41,"playtime":2561,"items_purged":[],"score":526,"play_id":"e63f25c1-7158-45c9-9512-ad8cf048b33b","local_time":"20181217224714","is_ascension_mode":true,"campfire_choices":[{"data":"Footwork","floor":6.0,"key":"SMITH"},{"data":"1","floor":15.0,"key":"LIFT"},{"data":"2","floor":23.0,"key":"LIFT"},{"data":"3","floor":25.0,"key":"LIFT"},{"floor":27.0,"key":"REST"},{"data":"Panache","floor":29.0,"key":"SMITH"},{"floor":32.0,"key":"REST"}],"neow_cost":"NONE","seed_source_timestamp":67709156471123,"circlet_count":0,"master_deck":["Defend_G","Defend_G","Defend_G","Defend_G","Defend_G","Strike_G","Strike_G","Strike_G","Strike_G","Strike_G","Survivor","Neutralize","Venomology","Flying Knee","Heel Hook","Footwork+1","Quick Slash","Deadly Poison","Catalyst","Cloak And Dagger","Riddle With Holes","After Image","Dodge and Roll","A Thousand Cuts","Blade Dance","Footwork","Accuracy","Panache+1","Finisher","RitualDagger","Cloak And Dagger","Masterful Stab+1","Panache+1","Glass Knife","Dagger Throw+1","PiercingWail","Caltrops+1","Dramatic Entrance","Outmaneuver+1","Parasite"],"special_seed":0,"relics":["Ring of the Serpent","Oddly Smooth Stone","Ninja Scroll","Mercury Hourglass","Girya","Philosopher\u0027s Stone","PreservedInsect","Anchor","Potion Belt"],"potions_floor_usage":[],"damage_taken":[{"damage":0.0,"enemies":"Jaw Worm","floor":1.0,"turns":6.0},{"damage":1.0,"enemies":"Small Slimes","floor":2.0,"turns":4.0},{"damage":1.0,"enemies":"Cultist","floor":3.0,"turns":3.0},{"damage":8.0,"enemies":"2 Fungi Beasts","floor":4.0,"turns":6.0},{"damage":24.0,"enemies":"3 Sentries","floor":7.0,"turns":9.0},{"damage":4.0,"enemies":"Lots of Slimes","floor":8.0,"turns":3.0},{"damage":6.0,"enemies":"Gremlin Nob","floor":10.0,"turns":4.0},{"damage":0.0,"enemies":"Blue Slaver","floor":11.0,"turns":3.0},{"damage":0.0,"enemies":"Looter","floor":12.0,"turns":3.0},{"damage":0.0,"enemies":"Red Slaver","floor":13.0,"turns":2.0},{"damage":21.0,"enemies":"Slime Boss","floor":16.0,"turns":10.0},{"damage":3.0,"enemies":"Shell Parasite","floor":18.0,"turns":4.0},{"damage":5.0,"enemies":"3 Byrds","floor":19.0,"turns":4.0},{"damage":2.0,"enemies":"Centurion and Healer","floor":21.0,"turns":7.0},{"damage":26.0,"enemies":"Book of Stabbing","floor":24.0,"turns":6.0},{"damage":0.0,"enemies":"Snake Plant","floor":28.0,"turns":2.0},{"damage":52.0,"enemies":"Champ","floor":33.0,"turns":8.0},{"damage":0.0,"enemies":"3 Shapes","floor":35.0,"turns":2.0},{"damage":0.0,"enemies":"Orb Walker","floor":36.0,"turns":2.0},{"damage":0.0,"enemies":"Transient","floor":37.0,"turns":5.0},{"damage":28.0,"enemies":"Reptomancer","floor":40.0,"turns":3.0},{"damage":43,"enemies":"Writhing Mass","floor":41,"turns":3}],"seed_played":"-2886904485881625108","potions_obtained":[{"floor":2.0,"key":"PowerPotion"},{"floor":4.0,"key":"Fire Potion"},{"floor":11.0,"key":"Regen Potion"},{"floor":12.0,"key":"FearPotion"},{"floor":16.0,"key":"LiquidBronze"},{"floor":21.0,"key":"EssenceOfSteel"},{"floor":24.0,"key":"Fire Potion"},{"floor":33.0,"key":"GamblersBrew"},{"floor":35.0,"key":"FearPotion"},{"floor":37.0,"key":"LiquidBronze"}],"is_trial":false,"path_per_floor":["M","M","M","M","$","R","E","M","T","E","M","M","M","?","R","B",null,"M","M","$","M","?","R","E","R","T","R","M","R","?","$","R","B",null,"M","M","M","$","?","E","M"],"character_chosen":"THE_SILENT","items_purchased":["Oddly Smooth Stone","Accuracy","Panache","Block Potion","Anchor"],"campfire_rested":2,"item_purchase_floors":[5,20,20,31,38],"current_hp_per_floor":[70,69,68,60,60,60,36,32,32,26,26,35,35,52,52,31,70,67,62,62,60,54,54,28,28,28,49,49,49,49,49,70,18,70,70,70,70,70,70,42,0],"gold":87,"neow_bonus":"ONE_RANDOM_RARE_CARD","is_prod":false,"is_daily":false,"chose_seed":false,"campfire_upgraded":2,"win_rate":0,"timestamp":1545104834,"path_taken":["M","M","M","M","$","R","E","M","T","E","M","M","M","?","R","BOSS","M","M","$","M","?","R","E","R","T","R","M","R","?","$","R","BOSS","M","M","?","$","?","E","?"],"build_version":"2018-12-13","purchased_purges":0,"victory":false,"max_hp_per_floor":[70,70,70,70,70,70,70,70,70,70,70,70,70,70,70,70,70,70,70,70,70,70,70,70,70,70,70,70,70,70,70,70,70,70,70,70,70,70,70,70,70],"card_choices":[{"not_picked":["Concentrate","Prepared"],"picked":"Flying Knee","floor":1.0},{"not_picked":["Concentrate","Slice"],"picked":"Heel Hook","floor":2.0},{"not_picked":["PiercingWail","Underhanded Strike"],"picked":"Footwork","floor":3.0},{"not_picked":["Dagger Spray","Dagger Throw"],"picked":"Quick Slash","floor":4.0},{"not_picked":["Night Terror","Prepared"],"picked":"Deadly Poison","floor":7.0},{"not_picked":["Dodge and Roll","Backflip"],"picked":"Catalyst","floor":8.0},{"not_picked":["Poisoned Stab","Setup"],"picked":"Cloak And Dagger","floor":10.0},{"not_picked":["Poisoned Stab","Catalyst"],"picked":"Riddle With Holes","floor":11.0},{"not_picked":["Blade Dance","Poisoned Stab"],"picked":"After Image","floor":12.0},{"not_picked":["Crippling Poison","Tactician"],"picked":"Dodge and Roll","floor":13.0},{"not_picked":["Die Die Die","Malaise"],"picked":"A Thousand Cuts","floor":16.0},{"not_picked":["Prepared","Dodge and Roll"],"picked":"Blade Dance","floor":18.0},{"not_picked":["Riddle With Holes","Flechettes"],"picked":"Footwork","floor":19.0},{"not_picked":["Outmaneuver","Concentrate"],"picked":"Finisher","floor":21.0},{"not_picked":["Poisoned Stab","Doppelganger"],"picked":"Cloak And Dagger","floor":24.0},{"not_picked":["PiercingWail+1","Poisoned Stab+1"],"picked":"Masterful Stab+1","floor":28.0},{"not_picked":["Unload","Bullet Time"],"picked":"Glass Knife","floor":33.0},{"not_picked":["Bane","Outmaneuver"],"picked":"Dagger Throw+1","floor":35.0},{"not_picked":["Bane+1","Underhanded Strike"],"picked":"PiercingWail","floor":36.0},{"not_picked":["Dagger Throw","Cloak And Dagger"],"picked":"Caltrops+1","floor":37.0},{"not_picked":["Catalyst+1","Reflex"],"picked":"Outmaneuver+1","floor":40.0}],"player_experience":212617,"relics_obtained":[{"floor":7.0,"key":"Ninja Scroll"},{"floor":9.0,"key":"Mercury Hourglass"},{"floor":10.0,"key":"Girya"},{"floor":24.0,"key":"PreservedInsect"},{"floor":40.0,"key":"Potion Belt"}],"event_choices":[{"damage_healed":17.0,"max_hp_gain":0.0,"max_hp_loss":0.0,"gold_gain":0.0,"event_name":"The Cleric","player_choice":"Healed","floor":14.0,"gold_loss":35.0,"damage_taken":0.0},{"damage_healed":0.0,"max_hp_gain":0.0,"max_hp_loss":0.0,"gold_gain":0.0,"event_name":"Nest","player_choice":"Joined the Cult","floor":22.0,"gold_loss":0.0,"damage_taken":6.0,"cards_obtained":["RitualDagger"]},{"damage_healed":0.0,"max_hp_gain":0.0,"max_hp_loss":0.0,"gold_gain":0.0,"event_name":"Duplicator","player_choice":"Copied","floor":30.0,"gold_loss":0.0,"damage_taken":0.0,"cards_obtained":["Panache"]},{"damage_healed":0.0,"max_hp_gain":0.0,"max_hp_loss":0.0,"gold_gain":0.0,"event_name":"Match and Keep!","player_choice":"1 cards matched","floor":39.0,"gold_loss":0.0,"damage_taken":0.0,"cards_obtained":["Dramatic Entrance"]}],"is_beta":false,"boss_relics":[{"not_picked":["Snecko Eye","Sozu"],"picked":"Philosopher\u0027s Stone"},{"not_picked":["Cursed Key","Empty Cage"],"picked":"Ring of the Serpent"}],"items_purged_floors":[],"is_endless":false,"potions_floor_spawned":[2,4,11,12,16,19,21,24,33,35,36,37],"killed_by":"Writhing Mass","ascension_level":2}