{"gold_per_floor":[112,62,62,82,95,95,120,136,136,163,7,7,41,62,62,161,211,230,230,250,270,280,606,606,606,629,5,5,40,0,48,48,148,148,162,173,173,28,46,46],"floor_reached":40,"playtime":1931,"items_purged":["Injury"],"score":560,"play_id":"57438775-5ce5-4f08-976c-c3c767073622","local_time":"20180825011659","is_ascension_mode":true,"campfire_choices":[{"data":"Coolheaded","floor":6,"key":"SMITH"},{"floor":15,"key":"REST"},{"floor":24,"key":"REST"},{"floor":28,"key":"REST"},{"floor":32,"key":"REST"}],"neow_cost":"","seed_source_timestamp":1645491347511,"circlet_count":0,"master_deck":["Strike_B","Strike_B","Strike_B+1","Strike_B+1","Defend_B","Zap+1","Dualcast+1","Hologram","Leap","Coolheaded+1","Leap","Conserve Battery","Cold Snap+1","Beam Cell+1","Jack Of All Trades","Core Surge+1","Auto Shields","Echo Form+1","Compile Driver+1","Steam","Beam Cell+1","Defragment+1","Gash+1","Electrodynamics","Go for the Eyes+1","Chrysalis","Hologram","Gash+1","Defragment","Gash+1","Turbo","Biased Cognition","Amplify","Go for the Eyes+1","Gash+1","Swift Strike+1","Swift Strike+1","Dramatic Entrance+1","Core Surge+1","Hologram","Melter+1"],"relics":["Cracked Core","Whetstone","Gremlin Horn","Molten Egg 2","Bronze Scales","Odd Mushroom","Tiny House","Old Coin","Lantern","Membership Card","Dream Catcher","Smiling Mask","Shuriken","Empty Cage"],"potions_floor_usage":[14,16,20,20,29,35,36],"damage_taken":[{"damage":3,"enemies":"Small Slimes","floor":1,"turns":3},{"damage":0,"enemies":"2 Louse","floor":4,"turns":1},{"damage":1,"enemies":"Jaw Worm","floor":5,"turns":5},{"damage":22,"enemies":"Lagavulin","floor":7,"turns":7},{"damage":3,"enemies":"Looter","floor":8,"turns":4},{"damage":2,"enemies":"3 Sentries","floor":10,"turns":7},{"damage":11,"enemies":"Lagavulin","floor":13,"turns":6},{"damage":2,"enemies":"The Mushroom Lair","floor":14,"turns":3},{"damage":16,"enemies":"Hexaghost","floor":16,"turns":8},{"damage":1,"enemies":"Shell Parasite","floor":18,"turns":4},{"damage":10,"enemies":"2 Thieves","floor":20,"turns":4},{"damage":15,"enemies":"Centurion and Healer","floor":21,"turns":7},{"damage":0,"enemies":"3 Cultists","floor":22,"turns":5},{"damage":30,"enemies":"Slavers","floor":23,"turns":5},{"damage":18,"enemies":"Gremlin Leader","floor":29,"turns":5},{"damage":18,"enemies":"Book of Stabbing","floor":31,"turns":5},{"damage":67,"enemies":"Collector","floor":33,"turns":10},{"damage":27,"enemies":"Orb Walker","floor":35,"turns":4},{"damage":10,"enemies":"Flame Bruiser 1 Orb","floor":36,"turns":5},{"damage":9,"enemies":"Transient","floor":39,"turns":5},{"damage":39,"enemies":"Spire Growth","floor":40,"turns":4}],"seed_played":"489019122199227297","potions_obtained":[{"floor":4,"key":"FairyPotion"},{"floor":13,"key":"EssenceOfSteel"},{"floor":14,"key":"LiquidBronze"},{"floor":17,"key":"Regen Potion"},{"floor":18,"key":"SpeedPotion"},{"floor":23,"key":"EssenceOfSteel"},{"floor":33,"key":"GamblersBrew"},{"floor":35,"key":"AttackPotion"},{"floor":39,"key":"Strength Potion"}],"is_trial":false,"path_per_floor":["M","?","?","M","M","R","E","M","T","E","$","?","E","?","R","B",null,"M","?","M","M","M","E","R","?","T","$","R","E","$","E","R","B",null,"M","M","?","$","M"],"character_chosen":"DEFECT","items_purchased":["Beam Cell+1","Jack Of All Trades","Membership Card","Go for the Eyes+1","Dream Catcher","Chrysalis","Hologram","Gash+1","Core Surge+1","Hologram"],"campfire_rested":4,"item_purchase_floors":[11,11,27,27,27,27,27,30,38,38],"current_hp_per_floor":[72,72,72,72,71,71,49,46,46,44,44,44,33,31,53,37,80,79,64,66,51,51,21,46,46,46,46,71,53,53,35,60,8,85,58,48,38,38,29,0],"gold":46,"neow_bonus":"","is_prod":false,"is_daily":false,"chose_seed":false,"campfire_upgraded":1,"win_rate":0,"timestamp":1535152619,"path_taken":["M","?","?","M","M","R","E","?","T","E","$","?","E","?","R","BOSS","M","?","M","M","?","E","R","?","T","$","R","E","?","E","R","BOSS","M","M","?","$","M","M"],"build_version":"2018-08-23v2","purchased_purges":1,"victory":false,"max_hp_per_floor":[75,75,75,75,75,75,75,75,75,75,75,75,75,75,75,75,80,80,85,85,85,85,85,85,85,85,85,85,85,85,85,85,85,85,85,85,85,85,85,85],"card_choices":[{"not_picked":["Rebound","Stack"],"picked":"Hologram","floor":1},{"not_picked":["Turbo","Streamline"],"picked":"Leap","floor":4},{"not_picked":["Conserve Battery","Multi-Cast"],"picked":"Coolheaded","floor":5},{"not_picked":["Sunder","Stack"],"picked":"Leap","floor":7},{"not_picked":["Fusion","Streamline"],"picked":"Conserve Battery","floor":8},{"not_picked":["Amplify","Turbo"],"picked":"Cold Snap","floor":10},{"not_picked":["Gash+1","Ball Lightning+1"],"picked":"Core Surge+1","floor":13},{"not_picked":["Redo","Tempest"],"picked":"Auto Shields","floor":14},{"not_picked":["Machine Learning","Creative AI"],"picked":"Echo Form","floor":16},{"not_picked":["Reinforced Body","Storm"],"picked":"Compile Driver+1","floor":17},{"not_picked":["Static Discharge","Redo"],"picked":"Steam","floor":18},{"not_picked":["Sweeping Beam+1","Rainbow"],"picked":"Beam Cell+1","floor":20},{"not_picked":["Consume","Recycle"],"picked":"Defragment+1","floor":21},{"not_picked":["Redo","Consume"],"picked":"Gash+1","floor":22},{"not_picked":["Scrape+1","Genetic Algorithm+1"],"picked":"Electrodynamics","floor":23},{"not_picked":["Beam Cell+1","Hologram"],"picked":"Gash+1","floor":28},{"not_picked":["Hologram","Biased Cognition"],"picked":"Defragment","floor":29},{"not_picked":["Recycle","Streamline+1"],"picked":"Turbo","floor":31},{"not_picked":["Barrage+1","Hologram"],"picked":"Biased Cognition","floor":32},{"not_picked":["Biased Cognition","Multi-Cast"],"picked":"Amplify","floor":33},{"not_picked":["Redo","Undo"],"picked":"Go for the Eyes+1","floor":35},{"not_picked":["Sunder+1","Hologram"],"picked":"Gash+1","floor":36},{"not_picked":["Discovery","Forethought"],"picked":"Swift Strike+1","floor":37},{"not_picked":["Good Instincts","Secret Technique"],"picked":"Swift Strike+1","floor":37},{"not_picked":["Transmutation","Mayhem"],"picked":"Dramatic Entrance+1","floor":37},{"not_picked":["Gash+1","Conserve Battery"],"picked":"Melter+1","floor":39}],"player_experience":47341,"relics_obtained":[{"floor":7,"key":"Whetstone"},{"floor":9,"key":"Gremlin Horn"},{"floor":10,"key":"Molten Egg 2"},{"floor":13,"key":"Bronze Scales"},{"floor":14,"key":"Odd Mushroom"},{"floor":23,"key":"Old Coin"},{"floor":26,"key":"Lantern"},{"floor":29,"key":"Smiling Mask"},{"floor":31,"key":"Shuriken"}],"event_choices":[{"event_name":"The Cleric","player_choice":"Card Removal","floor":2,"damage_taken":0},{"event_name":"Accursed Blacksmith","player_choice":"Forge","floor":3,"damage_taken":0},{"event_name":"Living Wall","player_choice":"Grow","floor":12,"damage_taken":0},{"event_name":"Mushrooms","player_choice":"Fought Mushrooms","floor":14,"damage_taken":0},{"event_name":"Forgotten Altar","player_choice":"Shed Blood","floor":19,"damage_taken":0},{"event_name":"Ghosts","player_choice":"Ignored","floor":25,"damage_taken":0},{"event_name":"SensoryStone","player_choice":"Memory 3","floor":37,"damage_taken":0}],"is_beta":true,"boss_relics":[{"not_picked":["Lizard Tail","Coffee Dripper"],"picked":"Tiny House"},{"not_picked":["Runic Dome","Runic Pyramid"],"picked":"Empty Cage"}],"items_purged_floors":[27],"is_endless":false,"potions_floor_spawned":[4,13,14,18,23,33,35,39],"killed_by":"Spire Growth","ascension_level":1}