{"gold_per_floor":[111,122,140,140,159,159,8,43,121,46,60,60,60,70,70,170,170,184,204,204,223,17,17,35,35,35,48,48,77,5,24,24,24],"floor_reached":33,"playtime":1283,"items_purged":["Strike_R"],"score":336,"play_id":"a1768b3f-ecb2-44b9-b9d3-a78ecee4191d","local_time":"20180826194913","is_ascension_mode":true,"campfire_choices":[{"data":"Pommel Strike","floor":6,"key":"SMITH"},{"data":"Rupture","floor":12,"key":"SMITH"},{"data":"Bash","floor":15,"key":"SMITH"},{"data":"Offering","floor":23,"key":"SMITH"},{"data":"Flex","floor":25,"key":"SMITH"},{"floor":32,"key":"REST"}],"neow_cost":"NONE","seed_source_timestamp":34567343728191,"circlet_count":0,"master_deck":["Strike_R","Strike_R","Strike_R","Strike_R","Defend_R","Defend_R","Defend_R","Defend_R","Bash+1","Clash","Hemokinesis+1","Bloodletting","Pommel Strike+1","Rage","Rupture+1","Bloodletting","Perfected Strike","Perfected Strike","Offering+1","Shrug It Off","True Grit+1","Bandage Up","Clash","Flex+1","Dropkick","Infernal Blade","Dropkick","Dropkick"],"relics":["Black Blood","Magic Flower","Darkstone Periapt","Boot","Bag of Marbles","Anchor","Self Forming Clay"],"potions_floor_usage":[3,19,19,19,21,27,29,33],"damage_taken":[{"damage":0,"enemies":"Cultist","floor":1,"turns":2},{"damage":5,"enemies":"Jaw Worm","floor":2,"turns":2},{"damage":6,"enemies":"2 Louse","floor":3,"turns":2},{"damage":6,"enemies":"Blue Slaver","floor":5,"turns":2},{"damage":37,"enemies":"Lagavulin","floor":8,"turns":5},{"damage":1,"enemies":"3 Louse","floor":11,"turns":4},{"damage":3,"enemies":"Looter","floor":14,"turns":1},{"damage":58,"enemies":"The Guardian","floor":16,"turns":8},{"damage":28,"enemies":"3 Byrds","floor":18,"turns":5},{"damage":13,"enemies":"2 Thieves","floor":19,"turns":3},{"damage":8,"enemies":"Snecko","floor":21,"turns":2},{"damage":11,"enemies":"3 Cultists","floor":24,"turns":5},{"damage":21,"enemies":"Snake Plant","floor":27,"turns":4},{"damage":48,"enemies":"Book of Stabbing","floor":29,"turns":5},{"damage":4,"enemies":"Snecko","floor":31,"turns":3},{"damage":101,"enemies":"Automaton","floor":33,"turns":8}],"seed_played":"-7418130579043589738","potions_obtained":[{"floor":2,"key":"AttackPotion"},{"floor":11,"key":"SteroidPotion"},{"floor":16,"key":"Swift Potion"},{"floor":18,"key":"AttackPotion"},{"floor":19,"key":"Energy Potion"},{"floor":27,"key":"Regen Potion"},{"floor":29,"key":"Weak Potion"}],"is_trial":false,"path_per_floor":["M","M","M","?","M","R","$","E","T","$","M","R","?","M","R","B",null,"M","M","?","M","$","R","M","R","T","M","?","E","$","M","R"],"character_chosen":"IRONCLAD","items_purchased":["Rupture","Bloodletting","Bag of Marbles","PowerPotion","Dropkick"],"campfire_rested":1,"item_purchase_floors":[7,7,22,22,30],"current_hp_per_floor":[80,80,80,80,80,80,80,49,49,49,57,57,54,60,60,11,63,50,52,52,59,59,59,69,69,69,69,69,55,55,66,80,0],"gold":24,"neow_bonus":"THREE_CARDS","is_prod":false,"is_daily":false,"chose_seed":false,"campfire_upgraded":5,"win_rate":0,"timestamp":1535305753,"path_taken":["M","M","?","?","M","R","$","E","T","$","M","R","?","M","R","BOSS","M","M","?","M","$","R","M","R","T","M","?","E","?","M","R","BOSS"],"build_version":"2018-08-23v2","purchased_purges":1,"victory":false,"max_hp_per_floor":[80,80,80,80,80,80,80,80,80,80,80,80,80,80,80,80,80,80,80,80,80,80,80,80,80,80,80,80,80,80,80,80,80],"card_choices":[{"not_picked":["Shrug It Off","Armaments"],"picked":"Clash","floor":0},{"not_picked":["Warcry","Thunderclap"],"picked":"Hemokinesis","floor":1},{"not_picked":["Havoc","Clothesline"],"picked":"Bloodletting","floor":2},{"not_picked":["Warcry","Wild Strike"],"picked":"Pommel Strike","floor":3},{"not_picked":["Dual Wield","Warcry"],"picked":"Rage","floor":5},{"not_picked":["Twin Strike","Bloodletting"],"picked":"Perfected Strike","floor":8},{"not_picked":["Carnage","Flame Barrier"],"picked":"Perfected Strike","floor":11},{"not_picked":["Entrench","Havoc","Heavy Blade"],"picked":"SKIP","floor":14},{"not_picked":["Limit Break","Berserk"],"picked":"Offering","floor":16},{"not_picked":["Sword Boomerang","Warcry"],"picked":"Shrug It Off","floor":18},{"not_picked":["Power Through","Evolve"],"picked":"True Grit+1","floor":19},{"not_picked":["Havoc","Wild Strike"],"picked":"Clash","floor":21},{"not_picked":["Pommel Strike","Iron Wave"],"picked":"Flex","floor":24},{"not_picked":["Armaments","Juggernaut"],"picked":"Dropkick","floor":27},{"not_picked":["Rampage","Cleave"],"picked":"Infernal Blade","floor":29},{"not_picked":["Body Slam+1","Clash"],"picked":"Dropkick","floor":31}],"player_experience":63476,"relics_obtained":[{"floor":8,"key":"Magic Flower"},{"floor":9,"key":"Darkstone Periapt"},{"floor":26,"key":"Anchor"},{"floor":29,"key":"Self Forming Clay"}],"event_choices":[{"event_name":"Living Wall","player_choice":"Grow","floor":4,"damage_taken":0},{"event_name":"Scrap Ooze","player_choice":"success","floor":13,"damage_taken":3},{"event_name":"Match and Keep!","player_choice":"1 cards matched","floor":20,"damage_taken":0},{"event_name":"Ghosts","player_choice":"Ignored","floor":28,"damage_taken":0}],"is_beta":true,"boss_relics":[{"not_picked":["Sozu","Velvet Choker"],"picked":"Black Blood"}],"items_purged_floors":[10],"is_endless":false,"potions_floor_spawned":[2,11,16,18,19,27,29],"killed_by":"Automaton","ascension_level":5}