{"gold_per_floor":[111,122,122,47,66,66,82,82,82,82,115,115,126,138,138,239,239,257,107,107,107,32,66,36],"floor_reached":24,"playtime":1057,"items_purged":["Strike_R","Strike_R"],"score":268,"play_id":"ba91f980-7358-49f9-b468-89768f96d991","local_time":"20190205215605","is_ascension_mode":true,"campfire_choices":[{"data":"Bash","floor":6,"key":"SMITH"},{"data":"Armaments","floor":8,"key":"SMITH"},{"data":"Anger","floor":10,"key":"SMITH"},{"data":"Disarm","floor":15,"key":"SMITH"}],"neow_cost":"PERCENT_DAMAGE","seed_source_timestamp":206409579121127,"circlet_count":0,"master_deck":["Strike_R","Defend_R","Defend_R","Defend_R","Defend_R","Bash+1","Headbutt","Anger+1","Cleave","Armaments+1","Disarm+1","Evolve","Juggernaut","True Grit"],"relics":["Burning Blood","StoneCalendar","Sozu","Blue Candle","PreservedInsect"],"potions_floor_usage":[13,14,23,24],"damage_taken":[{"damage":3,"enemies":"2 Louse","floor":1,"turns":3},{"damage":6,"enemies":"Cultist","floor":2,"turns":3},{"damage":0,"enemies":"Small Slimes","floor":5,"turns":4},{"damage":8,"enemies":"Blue Slaver","floor":7,"turns":3},{"damage":16,"enemies":"Gremlin Nob","floor":11,"turns":3},{"damage":2,"enemies":"3 Louse","floor":13,"turns":3},{"damage":9,"enemies":"2 Fungi Beasts","floor":14,"turns":2},{"damage":27,"enemies":"The Guardian","floor":16,"turns":14},{"damage":21,"enemies":"3 Byrds","floor":18,"turns":5},{"damage":50,"enemies":"Slavers","floor":23,"turns":7},{"damage":17,"enemies":"2 Thieves","floor":24,"turns":1}],"seed_played":"-7250143694492351142","potions_obtained":[{"floor":1,"key":"Fire Potion"},{"floor":12,"key":"Fire Potion"},{"floor":12,"key":"SteroidPotion"},{"floor":16,"key":"FearPotion"}],"is_trial":false,"path_per_floor":["M","M","?","$","M","R","M","R","T","R","E","?","M","M","R","B",null,"M","$","T","?","?","E","M"],"character_chosen":"IRONCLAD","items_purchased":["True Grit"],"campfire_rested":0,"item_purchase_floors":[19],"current_hp_per_floor":[59,59,59,59,65,65,63,63,63,63,53,53,57,54,54,33,68,53,53,53,53,53,9,0],"gold":36,"neow_bonus":"ONE_RARE_RELIC","is_prod":false,"is_daily":false,"chose_seed":false,"campfire_upgraded":4,"win_rate":0,"timestamp":1549371365,"path_taken":["M","M","?","?","M","R","M","R","T","R","E","?","M","?","R","BOSS","M","$","?","?","?","E","M"],"build_version":"2019-01-23","purchased_purges":2,"victory":false,"max_hp_per_floor":[80,80,80,80,80,80,80,80,80,80,80,80,80,80,80,80,80,80,80,80,80,80,80,80],"card_choices":[{"not_picked":["Cleave","Burning Pact"],"picked":"Headbutt","floor":1},{"not_picked":["Headbutt","Seeing Red"],"picked":"Anger","floor":2},{"not_picked":["Flex","Heavy Blade"],"picked":"Cleave","floor":5},{"not_picked":["Infernal Blade","Body Slam"],"picked":"Armaments","floor":7},{"not_picked":["Pummel","Seeing Red","Rampage"],"picked":"SKIP","floor":11},{"not_picked":["Corruption","Perfected Strike"],"picked":"Disarm","floor":13},{"not_picked":["Flame Barrier","Searing Blow"],"picked":"Evolve","floor":14},{"not_picked":["Feed","Reaper"],"picked":"Juggernaut","floor":16},{"not_picked":["Second Wind+1","Wild Strike","Dual Wield+1"],"picked":"SKIP","floor":18},{"not_picked":["Sword Boomerang","Sentinel","Armaments"],"picked":"SKIP","floor":23}],"player_experience":810238,"relics_obtained":[{"floor":20,"key":"Blue Candle"},{"floor":23,"key":"PreservedInsect"}],"event_choices":[{"cards_removed":["Strike_R"],"damage_healed":0,"gold_gain":0,"player_choice":"Card Removal","damage_taken":0,"max_hp_gain":0,"max_hp_loss":0,"event_name":"Wheel of Change","floor":3,"gold_loss":0},{"damage_healed":0,"gold_gain":0,"player_choice":"Got Potions","damage_taken":0,"max_hp_gain":0,"max_hp_loss":0,"event_name":"Lab","floor":12,"gold_loss":0},{"damage_healed":0,"gold_gain":0,"player_choice":"Ignored","damage_taken":0,"max_hp_gain":0,"max_hp_loss":0,"event_name":"Vampires","floor":21,"gold_loss":0},{"cards_removed":["Strike_R"],"damage_healed":0,"gold_gain":0,"player_choice":"Gave Gold","damage_taken":0,"max_hp_gain":0,"max_hp_loss":0,"event_name":"Beggar","floor":22,"gold_loss":75}],"is_beta":false,"boss_relics":[{"not_picked":["Orrery","Black Blood"],"picked":"Sozu"}],"items_purged_floors":[4,19],"is_endless":false,"potions_floor_spawned":[1,16,18,23],"killed_by":"2 Thieves","ascension_level":5}