{"gold_per_floor":[112,126,140,155,73,73,89,89,89,89,164,196,216,235,235,338,338,319,319,337,8,8],"floor_reached":22,"playtime":1554,"items_purged":[],"score":216,"play_id":"9dfd46a0-5a7e-4eb3-9ffc-d429c0450fd7","local_time":"20190127084814","is_ascension_mode":true,"campfire_choices":[{"data":"Corruption","floor":6,"key":"SMITH"},{"data":"Dark Embrace","floor":8,"key":"SMITH"},{"data":"True Grit","floor":10,"key":"SMITH"},{"floor":15,"key":"REST"}],"neow_cost":"NONE","seed_source_timestamp":1432441068737489,"circlet_count":0,"master_deck":["Strike_R","Strike_R","Strike_R","Strike_R","Strike_R","Defend_R","Defend_R","Defend_R","Defend_R","Bash","Iron Wave","Corruption+1","Power Through","Dark Embrace+1","Evolve","True Grit+1","Entrench","Power Through","Fiend Fire","Power Through","Metallicize"],"relics":["Burning Blood","Kunai","Matryoshka","Philosopher\u0027s Stone","PreservedInsect","Toxic Egg 2"],"potions_floor_usage":[7,12,12,16,16,22],"damage_taken":[{"damage":14,"enemies":"Jaw Worm","floor":1,"turns":3},{"damage":1,"enemies":"Cultist","floor":2,"turns":3},{"damage":9,"enemies":"Small Slimes","floor":3,"turns":5},{"damage":8,"enemies":"Red Slaver","floor":4,"turns":4},{"damage":6,"enemies":"2 Fungi Beasts","floor":7,"turns":4},{"damage":46,"enemies":"Gremlin Nob","floor":12,"turns":5},{"damage":6,"enemies":"3 Louse","floor":13,"turns":7},{"damage":8,"enemies":"Blue Slaver","floor":14,"turns":7},{"damage":23,"enemies":"The Guardian","floor":16,"turns":32},{"damage":4,"enemies":"2 Thieves","floor":18,"turns":4},{"damage":74,"enemies":"3 Byrds","floor":20,"turns":11},{"damage":19,"enemies":"Centurion and Healer","floor":22,"turns":4}],"seed_played":"5732388843402925044","potions_obtained":[{"floor":0,"key":"Ancient Potion"},{"floor":0,"key":"SmokeBomb"},{"floor":0,"key":"Poison Potion"},{"floor":2,"key":"Poison Potion"},{"floor":7,"key":"PowerPotion"},{"floor":12,"key":"Weak Potion"},{"floor":14,"key":"Dexterity Potion"},{"floor":20,"key":"SpeedPotion"}],"is_trial":false,"path_per_floor":["M","M","M","M","$","R","M","R","T","R","?","E","M","M","R","B",null,"M","?","M","$","M"],"character_chosen":"IRONCLAD","items_purchased":["Evolve","Metallicize","Toxic Egg 2"],"campfire_rested":1,"item_purchase_floors":[5,21,21],"current_hp_per_floor":[72,77,74,72,72,72,72,72,72,72,64,24,24,22,46,29,80,80,80,12,12,0],"gold":8,"neow_bonus":"THREE_SMALL_POTIONS","is_prod":false,"is_daily":false,"chose_seed":false,"campfire_upgraded":3,"win_rate":0,"timestamp":1548546494,"path_taken":["M","M","M","M","$","R","M","R","T","R","?","E","?","M","R","BOSS","M","?","M","$","?"],"build_version":"2019-01-23","purchased_purges":0,"victory":false,"max_hp_per_floor":[80,80,80,80,80,80,80,80,80,80,80,80,80,80,80,80,80,80,80,80,80,80],"card_choices":[{"not_picked":["Body Slam","Heavy Blade"],"picked":"Iron Wave","floor":1},{"not_picked":["Fire Breathing","Bloodletting"],"picked":"Corruption","floor":2},{"not_picked":["Bloodletting","Wild Strike"],"picked":"Power Through","floor":3},{"not_picked":["Wild Strike","Twin Strike"],"picked":"Dark Embrace","floor":4},{"not_picked":["Anger","Thunderclap"],"picked":"True Grit","floor":7},{"not_picked":["Thunderclap","Headbutt"],"picked":"Entrench","floor":12},{"not_picked":["Cleave","Thunderclap"],"picked":"Power Through","floor":13},{"not_picked":["Havoc","Twin Strike","Headbutt"],"picked":"SKIP","floor":14},{"not_picked":["Impervious","Limit Break"],"picked":"Fiend Fire","floor":16},{"not_picked":["Wild Strike","Thunderclap"],"picked":"Power Through","floor":18},{"not_picked":["Sever Soul","Pommel Strike","Fire Breathing"],"picked":"SKIP","floor":20}],"player_experience":701399,"relics_obtained":[{"floor":9,"key":"Kunai"},{"floor":12,"key":"Matryoshka"}],"event_choices":[{"damage_healed":0,"gold_gain":75,"player_choice":"Touch","damage_taken":8,"max_hp_gain":0,"max_hp_loss":0,"event_name":"FaceTrader","floor":11,"gold_loss":0},{"damage_healed":0,"gold_gain":0,"player_choice":"Gave Potion","damage_taken":0,"relics_obtained":["PreservedInsect"],"max_hp_gain":0,"max_hp_loss":0,"event_name":"WeMeetAgain","floor":19,"gold_loss":0}],"is_beta":false,"boss_relics":[{"not_picked":["Runic Dome","White Beast Statue"],"picked":"Philosopher\u0027s Stone"}],"items_purged_floors":[],"is_endless":false,"potions_floor_spawned":[2,7,12,14,20],"killed_by":"Centurion and Healer","ascension_level":3}