{"gold_per_floor":[116,216,229,243,261,292,292,292,292,292,310,326,326,338,338,440,440,460,475,111,26,36,36,36,36,61,61,74,74],"floor_reached":29,"playtime":1800,"items_purged":["Strike_R"],"score":272,"play_id":"30a1850c-988c-49e2-ad0e-73758647771c","local_time":"20190131193910","is_ascension_mode":true,"campfire_choices":[{"data":"Madness","floor":7.0,"key":"SMITH"},{"floor":13.0,"key":"REST"},{"floor":15,"key":"REST"},{"floor":23,"key":"REST"},{"data":"Exhume","floor":25,"key":"SMITH"}],"neow_cost":"TEN_PERCENT_HP_LOSS","seed_source_timestamp":0,"circlet_count":0,"master_deck":["Strike_R","Strike_R","Defend_R+1","Defend_R","Defend_R","Defend_R","Bash","Madness+1","Panacea","Clash","Evolve","Inflame","Disarm+1","Inflame+1","Flame Barrier","Exhume+1","Iron Wave","Shockwave","Sword Boomerang","Seeing Red+1","Metallicize+1"],"special_seed":0,"relics":["Black Blood","Gremlin Horn","Frozen Egg 2","Toxic Egg 2","War Paint","Pen Nib","Self Forming Clay"],"potions_floor_usage":[22],"damage_taken":[{"damage":19.0,"enemies":"2 Louse","floor":1.0,"turns":4.0},{"damage":1.0,"enemies":"Cultist","floor":3.0,"turns":3.0},{"damage":0.0,"enemies":"Small Slimes","floor":4.0,"turns":2.0},{"damage":1.0,"enemies":"Gremlin Gang","floor":5.0,"turns":5.0},{"damage":53.0,"enemies":"3 Sentries","floor":6.0,"turns":12.0},{"damage":15.0,"enemies":"Blue Slaver","floor":11.0,"turns":4.0},{"damage":4.0,"enemies":"Red Slaver","floor":12.0,"turns":3.0},{"damage":23.0,"enemies":"Exordium Thugs","floor":14.0,"turns":4.0},{"damage":11,"enemies":"The Guardian","floor":16,"turns":11},{"damage":27,"enemies":"Shell Parasite","floor":18,"turns":7},{"damage":28,"enemies":"Chosen","floor":19,"turns":5},{"damage":33,"enemies":"Snake Plant","floor":22,"turns":5},{"damage":22,"enemies":"Snecko","floor":28,"turns":6},{"damage":24,"enemies":"3 Cultists","floor":29,"turns":4}],"seed_played":"-6706738957192135244","potions_obtained":[{"floor":4.0,"key":"EntropicBrew"},{"floor":5.0,"key":"BloodPotion"},{"floor":6.0,"key":"LiquidBronze"},{"floor":11.0,"key":"FearPotion"},{"floor":16,"key":"Energy Potion"},{"floor":22,"key":"SmokeBomb"}],"is_trial":false,"path_per_floor":["M","?","M","M","M","E","R","?","T","?","M","M","R","M","R","B",null,"M","M","$","?","M","R","?","R","T","?","M","M"],"character_chosen":"IRONCLAD","items_purchased":["Sword Boomerang","Toxic Egg 2"],"campfire_rested":3,"item_purchase_floors":[20,20],"current_hp_per_floor":[59,59,64,70,72,25,25,25,25,18,16,18,39,22,43,38,72,55,37,37,37,14,35,35,35,35,35,23,0],"gold":74,"neow_bonus":"RANDOM_COLORLESS_2","is_prod":false,"is_daily":false,"chose_seed":false,"campfire_upgraded":2,"win_rate":0,"timestamp":1548931150,"path_taken":["M","?","?","M","M","E","R","?","T","?","M","M","R","M","R","BOSS","M","M","$","?","M","R","?","R","T","?","?","M"],"build_version":"2019-01-23","purchased_purges":1,"victory":false,"max_hp_per_floor":[72,72,72,72,72,72,72,72,72,72,72,72,72,72,72,72,72,72,72,72,72,72,72,72,72,72,72,72,72],"card_choices":[{"not_picked":["Havoc","Sever Soul"],"picked":"Clash","floor":1.0},{"not_picked":["Hemokinesis","Seeing Red"],"picked":"Evolve","floor":3.0},{"not_picked":["Sword Boomerang","Headbutt"],"picked":"Inflame","floor":4.0},{"not_picked":["Fire Breathing","Clash"],"picked":"Disarm","floor":5.0},{"not_picked":["Headbutt","Clothesline","Havoc"],"picked":"SKIP","floor":6.0},{"not_picked":["Armaments","Sword Boomerang"],"picked":"Inflame+1","floor":11.0},{"not_picked":["Wild Strike","Perfected Strike","Pommel Strike"],"picked":"SKIP","floor":12.0},{"not_picked":["Burning Pact","Body Slam"],"picked":"Flame Barrier","floor":14.0},{"not_picked":["Offering","Double Tap"],"picked":"Exhume","floor":16},{"not_picked":["Evolve+1","Thunderclap"],"picked":"Iron Wave","floor":18},{"not_picked":["Sentinel","Clothesline"],"picked":"Shockwave","floor":19},{"not_picked":["Infernal Blade+1","Shrug It Off+1"],"picked":"Seeing Red+1","floor":22},{"not_picked":["Seeing Red+1","Blood for Blood+1"],"picked":"Metallicize+1","floor":28}],"player_experience":750154,"relics_obtained":[{"floor":6.0,"key":"Gremlin Horn"},{"floor":9.0,"key":"Frozen Egg 2"},{"floor":26,"key":"Pen Nib"}],"event_choices":[{"damage_healed":0.0,"max_hp_gain":0.0,"max_hp_loss":0.0,"gold_gain":100.0,"event_name":"Golden Shrine","player_choice":"Pray","floor":2.0,"gold_loss":0.0,"damage_taken":0.0},{"damage_healed":0.0,"max_hp_gain":0.0,"max_hp_loss":0.0,"gold_gain":0.0,"event_name":"Liars Game","player_choice":"Ignored","floor":8.0,"gold_loss":0.0,"damage_taken":0.0},{"cards_removed":["Strike_R"],"damage_healed":0.0,"max_hp_gain":0.0,"max_hp_loss":0.0,"gold_gain":0.0,"event_name":"Golden Wing","player_choice":"Card Removal","floor":10.0,"gold_loss":0.0,"damage_taken":7.0},{"damage_healed":0,"gold_gain":0,"player_choice":"Obtained Relic","damage_taken":0,"relics_obtained":["War Paint"],"max_hp_gain":0,"max_hp_loss":0,"event_name":"Addict","floor":21,"gold_loss":85},{"cards_removed":["Strike_R"],"damage_healed":0,"gold_gain":0,"player_choice":"Elegance","damage_taken":0,"max_hp_gain":0,"max_hp_loss":0,"event_name":"Back to Basics","floor":24,"gold_loss":0},{"damage_healed":0,"gold_gain":0,"player_choice":"Gave Potion","damage_taken":0,"relics_obtained":["Self Forming Clay"],"max_hp_gain":0,"max_hp_loss":0,"event_name":"WeMeetAgain","floor":27,"gold_loss":0}],"is_beta":false,"boss_relics":[{"not_picked":["Calling Bell","Fusion Hammer"],"picked":"Black Blood"}],"items_purged_floors":[20],"is_endless":false,"potions_floor_spawned":[4,5,6,11,16,22],"killed_by":"3 Cultists","ascension_level":4}