{"gold_per_floor":[119,136,150,165,17,52,52,86,154,154,188,203,203,220,220,315,315,335,260,273,323,334,334,360,360,411,445,445,212,268,168,168,271,271,290,301,301,317,124,154,154,154,154,172,272,283,315,18,18,18],"floor_reached":51,"playtime":2380,"items_purged":["Strike_R","Strike_R","Defend_R"],"score":902,"play_id":"25a111d0-97b1-4a1b-b8a9-45467b32dfa1","local_time":"20190205224357","is_ascension_mode":true,"campfire_choices":[{"data":"Bludgeon","floor":7.0,"key":"SMITH"},{"data":"Bash","floor":10.0,"key":"SMITH"},{"data":"Evolve","floor":13.0,"key":"SMITH"},{"data":"Demon Form","floor":15.0,"key":"SMITH"},{"data":"Strike_R","floor":23.0,"key":"PURGE"},{"data":"Strike_R","floor":25.0,"key":"PURGE"},{"data":"Uppercut","floor":28.0,"key":"SMITH"},{"data":"Shockwave","floor":32.0,"key":"SMITH"},{"data":"Defend_R","floor":41.0,"key":"PURGE"},{"data":"Fiend Fire","floor":49,"key":"SMITH"}],"neow_cost":"PERCENT_DAMAGE","seed_source_timestamp":0,"circlet_count":0,"master_deck":["Bash+1","Heavy Blade","Shockwave+1","Bludgeon+1","Shrug It Off","Feel No Pain","Ghostly Armor","Battle Trance","Evolve+1","Metallicize","Shrug It Off","Demon Form+1","Fiend Fire+1","Uppercut+1","Corruption","Feed","Barricade+1","Armaments+1","Disarm+1","Clothesline+1","Uppercut+1","Power Through","Clothesline+1","Flame Barrier","Heavy Blade+1"],"special_seed":0,"relics":["Burning Blood","Peace Pipe","Orichalcum","Unceasing Top","Pantograph","Pen Nib","Snecko Eye","Anchor","Bag of Preparation","Dream Catcher","ClockworkSouvenir","Tiny Chest","Astrolabe","Potion Belt","Bird Faced Urn","PreservedInsect","Gambling Chip"],"potions_floor_usage":[50,50],"damage_taken":[{"damage":5.0,"enemies":"Cultist","floor":1.0,"turns":4.0},{"damage":1.0,"enemies":"Jaw Worm","floor":2.0,"turns":5.0},{"damage":5.0,"enemies":"Small Slimes","floor":3.0,"turns":3.0},{"damage":18.0,"enemies":"Exordium Thugs","floor":4.0,"turns":6.0},{"damage":24.0,"enemies":"Lagavulin","floor":6.0,"turns":7.0},{"damage":2.0,"enemies":"3 Sentries","floor":8.0,"turns":7.0},{"damage":20.0,"enemies":"Gremlin Nob","floor":11.0,"turns":4.0},{"damage":0.0,"enemies":"Lots of Slimes","floor":12.0,"turns":6.0},{"damage":0.0,"enemies":"Gremlin Gang","floor":14.0,"turns":7.0},{"damage":2.0,"enemies":"Slime Boss","floor":16.0,"turns":8.0},{"damage":1.0,"enemies":"2 Thieves","floor":18.0,"turns":2.0},{"damage":5.0,"enemies":"Chosen","floor":20.0,"turns":3.0},{"damage":0.0,"enemies":"Snecko","floor":22.0,"turns":2.0},{"damage":22.0,"enemies":"Slavers","floor":24.0,"turns":4.0},{"damage":9.0,"enemies":"Gremlin Leader","floor":27.0,"turns":4.0},{"damage":5.0,"enemies":"Collector","floor":33.0,"turns":6.0},{"damage":0.0,"enemies":"3 Shapes","floor":35.0,"turns":6.0},{"damage":2.0,"enemies":"3 Darklings","floor":36.0,"turns":4.0},{"damage":14.0,"enemies":"Transient","floor":38.0,"turns":5.0},{"damage":12.0,"enemies":"Reptomancer","floor":40.0,"turns":8.0},{"damage":12.0,"enemies":"Writhing Mass","floor":44.0,"turns":4.0},{"damage":0.0,"enemies":"Mind Bloom Boss Battle","floor":45.0,"turns":5.0},{"damage":0.0,"enemies":"Spire Growth","floor":46.0,"turns":4.0},{"damage":0.0,"enemies":"Giant Head","floor":47.0,"turns":7.0},{"damage":0,"enemies":"Time Eater","floor":50,"turns":8}],"seed_played":"-7410012437125671000","potions_obtained":[{"floor":2.0,"key":"Block Potion"},{"floor":4.0,"key":"GamblersBrew"},{"floor":8.0,"key":"PowerPotion"},{"floor":11.0,"key":"SkillPotion"},{"floor":12.0,"key":"Block Potion"},{"floor":16.0,"key":"GamblersBrew"},{"floor":27.0,"key":"Strength Potion"},{"floor":33.0,"key":"Dexterity Potion"},{"floor":35.0,"key":"Regen Potion"},{"floor":44.0,"key":"Weak Potion"},{"floor":45.0,"key":"LiquidBronze"},{"floor":46.0,"key":"FearPotion"}],"is_trial":false,"path_per_floor":["M","M","M","M","$","E","R","E","T","R","E","M","R","M","R","B",null,"M","$","M","?","M","R","E","R","T","E","R","$","T","$","R","B",null,"M","M","?","M","$","E","R","$","T","M","?","M","E","$","R","B",null],"character_chosen":"IRONCLAD","items_purchased":["Feel No Pain","Ghostly Armor","Corruption","ClockworkSouvenir","Power Through","Gambling Chip"],"campfire_rested":0,"item_purchase_floors":[5,5,29,29,39,48],"current_hp_per_floor":[57,62,63,51,51,33,33,37,37,37,23,29,29,35,35,64,80,80,80,80,80,80,80,64,64,64,61,61,61,61,61,61,80,80,83,83,83,75,75,69,69,69,69,63,83,83,83,83,83,83],"gold":18,"neow_bonus":"ONE_RARE_RELIC","is_prod":false,"is_daily":false,"chose_seed":false,"campfire_upgraded":7,"win_rate":0,"timestamp":1549435437,"path_taken":["M","M","M","?","$","E","R","E","T","R","E","M","R","M","R","BOSS","M","$","M","?","?","R","E","R","T","E","R","$","?","$","R","BOSS","M","M","?","M","$","E","R","$","T","M","?","?","E","?","R","BOSS"],"build_version":"2019-01-23","purchased_purges":3,"victory":true,"max_hp_per_floor":[80,80,80,80,80,80,80,80,80,80,80,80,80,80,80,80,80,80,80,80,80,80,80,80,80,80,80,80,80,80,80,80,80,80,83,83,83,83,83,83,83,83,83,83,83,83,83,83,83,83],"card_choices":[{"not_picked":["Flex","True Grit"],"picked":"Heavy Blade","floor":1.0},{"not_picked":["Fire Breathing","Flex"],"picked":"Shockwave","floor":2.0},{"not_picked":["Shrug It Off","Sentinel"],"picked":"Bludgeon","floor":3.0},{"not_picked":["Dropkick","Flame Barrier"],"picked":"Shrug It Off","floor":4.0},{"not_picked":["Bloodletting","Sword Boomerang"],"picked":"Battle Trance","floor":6.0},{"not_picked":["Second Wind","Cleave"],"picked":"Evolve","floor":8.0},{"not_picked":["Headbutt","Heavy Blade"],"picked":"Metallicize","floor":11.0},{"not_picked":["Anger","Flex"],"picked":"Shrug It Off","floor":12.0},{"not_picked":["Clash","Fire Breathing"],"picked":"Demon Form","floor":14.0},{"not_picked":["Juggernaut","Demon Form"],"picked":"Fiend Fire","floor":16.0},{"not_picked":["Sword Boomerang","Disarm","Whirlwind"],"picked":"SKIP","floor":18.0},{"not_picked":["Battle Trance+1","Headbutt","Perfected Strike"],"picked":"SKIP","floor":20.0},{"not_picked":["Body Slam+1","Anger","Wild Strike"],"picked":"SKIP","floor":22.0},{"not_picked":["Havoc+1","Twin Strike","Evolve"],"picked":"SKIP","floor":24.0},{"not_picked":["Iron Wave","Thunderclap"],"picked":"Uppercut","floor":27.0},{"not_picked":["Double Tap","Brutality"],"picked":"Feed","floor":33.0},{"not_picked":["Dropkick+1","Warcry+1"],"picked":"Clothesline+1","floor":35.0},{"not_picked":["Rupture","Body Slam+1"],"picked":"Uppercut+1","floor":36.0},{"not_picked":["Corruption+1","Sword Boomerang+1","Cleave+1"],"picked":"SKIP","floor":38.0},{"not_picked":["Sever Soul","Thunderclap+1","Iron Wave"],"picked":"SKIP","floor":40.0},{"not_picked":["Warcry+1","Armaments+1"],"picked":"Clothesline+1","floor":44.0},{"not_picked":["Pummel","Pommel Strike"],"picked":"Flame Barrier","floor":45.0},{"not_picked":["Combust","Clothesline"],"picked":"Heavy Blade+1","floor":46.0},{"not_picked":["Pummel","Ghostly Armor","Infernal Blade"],"picked":"SKIP","floor":47.0}],"player_experience":1029638,"relics_obtained":[{"floor":6.0,"key":"Orichalcum"},{"floor":8.0,"key":"Unceasing Top"},{"floor":9.0,"key":"Pantograph"},{"floor":11.0,"key":"Pen Nib"},{"floor":24.0,"key":"Anchor"},{"floor":26.0,"key":"Bag of Preparation"},{"floor":27.0,"key":"Dream Catcher"},{"floor":30.0,"key":"Tiny Chest"},{"floor":40.0,"key":"Potion Belt"},{"floor":45.0,"key":"Bird Faced Urn"},{"floor":47.0,"key":"PreservedInsect"}],"event_choices":[{"damage_healed":0.0,"max_hp_gain":0.0,"max_hp_loss":0.0,"gold_gain":100.0,"event_name":"The Joust","player_choice":"Bet on Murderer","floor":21.0,"gold_loss":50.0,"damage_taken":0.0},{"damage_healed":0.0,"max_hp_gain":0.0,"max_hp_loss":0.0,"gold_gain":0.0,"event_name":"Tomb of Lord Red Mask","player_choice":"Ignored","floor":37.0,"gold_loss":0.0,"damage_taken":0.0},{"damage_healed":0.0,"max_hp_gain":0.0,"max_hp_loss":0.0,"gold_gain":0.0,"event_name":"MindBloom","player_choice":"Fight","floor":45.0,"gold_loss":0.0,"damage_taken":0.0}],"is_beta":true,"boss_relics":[{"not_picked":["Eternal Feather","Lizard Tail"],"picked":"Snecko Eye"},{"not_picked":["Empty Cage","Runic Pyramid"],"picked":"Astrolabe"}],"items_purged_floors":[19,31,39],"is_endless":false,"potions_floor_spawned":[2,4,8,11,12,16,27,33,35,44,45,46],"ascension_level":1}